{"host":"znuunkttinnn1f17","time":1613079640,"event":{"mods":["BaseMod","Colored Map","Downfall","Minty Spire (QoL Compilation)","Replay The Spire","StSLib"],"gold_per_floor":[99,111,122,141,141,41,66,66,81,81,97,97,113,213,225,329,329,329,343,357,368,468,488,540,440,740,774,774,674,674,685,701,804,804,804,879,893,913,924,951,1022,1033,1033,1050,1050,1050,1050,1062,1076,1076,1076,1076],"floor_reached":50,"language":"ENG","playtime":4391,"items_purged":[],"score":565,"play_id":"f5217fc9-ccc2-4e62-944a-cdc710d2e2c0","local_time":"20210211224040","is_ascension_mode":false,"campfire_choices":[{"floor":1,"key":"RECALL"},{"data":"Guardian:RefractedBeam","floor":6,"key":"SMITH"},{"data":"Guardian:RefractedBeam+1","floor":8,"key":"SMITH"},{"data":"Guardian:RefractedBeam+2","floor":10,"key":"SMITH"},{"data":"Guardian:RefractedBeam+3","floor":12,"key":"SMITH"},{"data":"Guardian:RefractedBeam+4","floor":18,"key":"SMITH"},{"data":"Guardian:RefractedBeam+5","floor":25,"key":"SMITH"},{"data":"Guardian:RefractedBeam+6","floor":29,"key":"SMITH"},{"data":"Guardian:RefractedBeam+7","floor":35,"key":"SMITH"},{"floor":43,"key":"REST"},{"data":"Guardian:RefractedBeam+8","floor":45,"key":"SMITH"},{"floor":47,"key":"REST"}],"circlet_count":0,"master_deck":["Guardian:Strike_Guardian","Guardian:Defend_Guardian","Guardian:Defend_Guardian","Guardian:Defend_Guardian","Guardian:Defend_Guardian","Guardian:CurlUp","Guardian:TwinSlam","Guardian:RefractedBeam+9","Guardian:BodySlam","Guardian:PiercingHide","Guardian:FloatingOrbs","Guardian:ConstructionForm","Guardian:MultiBeam","J.A.X.","Guardian:Clone","Pride","Writhe","Guardian:ExploitGems","Guardian:DonusPower+1","Guardian:Gem_Crimson"],"relics":["Guardian:ModeShifter","downfall:HeartBlessingRed","Pet Ghost","SlaversCollar","MutagenicStrength","downfall:HeartBlessingBlue","Old Coin","Blood Vial","Guardian:PickAxe","downfall:HeartBlessingGreen","Replay:Bronze Core","Regal Pillow","Pantograph"],"acts_visited":["Exordium","TheCity","TheBeyond"],"potions_floor_usage":[21,22,31,33,33,39,40,40,49],"damage_taken":[{"damage":9,"enemies":"Small Slimes","floor":2,"turns":4},{"damage":1,"enemies":"Cultist","floor":3,"turns":4},{"damage":11,"enemies":"Jaw Worm","floor":4,"turns":3},{"damage":0,"enemies":"Gremlin Gang","floor":9,"turns":3},{"damage":0,"enemies":"2 Fungi Beasts","floor":11,"turns":4},{"damage":0,"enemies":"Blue Slaver","floor":13,"turns":1},{"damage":6,"enemies":"Large Slime","floor":15,"turns":6},{"damage":37,"enemies":"WA_ARCHETYPE_RETAIN","floor":16,"turns":9},{"damage":0,"enemies":"Chosen","floor":19,"turns":4},{"damage":0,"enemies":"Snecko","floor":20,"turns":4},{"damage":8,"enemies":"Centurion and Healer","floor":21,"turns":7},{"damage":0,"enemies":"downfall:Augmenter","floor":22,"turns":6},{"damage":4,"enemies":"Shelled Parasite and Fungi","floor":23,"turns":5},{"damage":16,"enemies":"Slavers","floor":27,"turns":5},{"damage":3,"enemies":"Snecko","floor":31,"turns":3},{"damage":4,"enemies":"Centurion and Healer","floor":32,"turns":4},{"damage":11,"enemies":"DF_ARCHETYPE_CLAW","floor":33,"turns":6},{"damage":12,"enemies":"Orb Walker","floor":37,"turns":3},{"damage":38,"enemies":"3 Shapes","floor":38,"turns":5},{"damage":23,"enemies":"Transient","floor":39,"turns":5},{"damage":0,"enemies":"R_Hoarder","floor":40,"turns":6},{"damage":25,"enemies":"4 Shapes","floor":42,"turns":9},{"damage":15,"enemies":"Sphere and 2 Shapes","floor":44,"turns":6},{"damage":11,"enemies":"Transient","floor":48,"turns":5},{"damage":62,"enemies":"4 Shapes","floor":49,"turns":7},{"damage":79,"enemies":"IC_BLOCK_ARCHETYPE","floor":50,"turns":4}],"seed_played":"6293941980277468096","potions_obtained":[{"floor":2,"key":"Block Potion"},{"floor":3,"key":"AttackPotion"},{"floor":9,"key":"Fire Potion"},{"floor":11,"key":"LifebloodPotion"},{"floor":21,"key":"Fire Potion"},{"floor":23,"key":"Strength Potion"},{"floor":31,"key":"LifebloodPotion"},{"floor":36,"key":"downfall:CursedFountainPotion"},{"floor":38,"key":"FearPotion"},{"floor":40,"key":"BlessingOfTheForge"}],"is_trial":false,"path_per_floor":["R","M","M","M","?","R","T","R","M","R","M","R","M","?","M","B",null,"R","M","M","M","?","M","T","R","?","E","?","R","?","M","M","B",null,"R","?","M","M","M","E","T","M","R","M","R","?","R","M","M","B"],"character_chosen":"GUARDIAN","items_purchased":[],"campfire_rested":2,"item_purchase_floors":[],"current_hp_per_floor":[88,79,78,67,67,67,67,67,67,67,67,67,67,67,61,24,88,88,88,88,80,80,76,76,86,86,70,70,70,70,69,67,58,98,98,98,86,50,29,31,31,8,52,39,39,39,83,74,14,0,0,0],"gold":1076,"neow_bonus":"TEN_PERCENT_HP_BONUS","is_daily":false,"chose_seed":false,"campfire_upgraded":9,"win_rate":0.0,"timestamp":1613079640,"path_taken":["R","M","M","M","?","R","T","R","?","R","M","R","M","?","M","BOSS","R","M","?","M","?","M","T","R","?","E","?","R","?","M","M","BOSS","R","?","M","M","M","E","T","M","R","?","R","?","R","M","M","BOSS"],"items_purchased_type":[],"build_version":"2020-12-22","purchased_purges":0,"victory":false,"max_hp_per_floor":[88,88,88,88,88,88,88,88,88,88,88,88,88,88,88,88,88,88,88,88,88,88,88,88,98,98,98,98,98,98,98,98,98,98,98,98,98,98,98,98,98,98,98,98,98,98,98,98,98,98,98,98],"card_choices":[{"not_picked":["Guardian:Planning","Guardian:BodySlam"],"picked":"Guardian:RefractedBeam","floor":2},{"not_picked":["Guardian:VentSteam","Guardian:Reroute","Guardian:Gem_White"],"picked":"SKIP","floor":3},{"not_picked":["Guardian:BronzeOrb","Guardian:TemporalShield"],"picked":"Guardian:BodySlam","floor":4},{"not_picked":["Guardian:BronzeOrb","Guardian:ArmoredProtocol"],"picked":"Guardian:Gem_Cyan","floor":9},{"not_picked":["Guardian:TemporalShield","Guardian:PolyBeam"],"picked":"Guardian:PiercingHide","floor":11},{"not_picked":["Guardian:EvasiveProtocol","Guardian:Incinerate"],"picked":"Guardian:FloatingOrbs","floor":13},{"not_picked":["Guardian:CrystalBeam","Guardian:Gem_Lightblue","Guardian:Harden"],"picked":"SKIP","floor":15},{"not_picked":["Guardian:Gem_Synthetic","Guardian:HyperBeam_Guardian"],"picked":"Guardian:ConstructionForm","floor":16},{"not_picked":["Guardian:RollAttack","Guardian:Gem_Lightblue"],"picked":"Guardian:Gem_Red","floor":19},{"not_picked":["Guardian:Recover+1","Guardian:PolyBeam"],"picked":"Guardian:Gem_Fragmented","floor":20},{"not_picked":["Guardian:Planning","Guardian:ChargeCore","Guardian:Reroute+1"],"picked":"SKIP","floor":21},{"not_picked":[],"picked":"J.A.X.","floor":22},{"not_picked":["Guardian:BronzeOrb","Guardian:Gem_Cyan"],"picked":"Guardian:Clone","floor":23},{"not_picked":["Guardian:Planning+1","Guardian:GuardianWhirl","Guardian:FastForward"],"picked":"SKIP","floor":27},{"not_picked":["Guardian:Gem_Cyan","Guardian:PrismaticBeam","Guardian:TemporalShield"],"picked":"SKIP","floor":31},{"not_picked":["Guardian:RefractedBeam","Guardian:TemporalStrike","Guardian:Planning"],"picked":"SKIP","floor":32},{"not_picked":["Guardian:HyperBeam_Guardian","Guardian:FastForward"],"picked":"Guardian:ExploitGems","floor":33},{"not_picked":["Guardian:BronzeArmor+1","Guardian:ChargeCore","Guardian:RollAttack"],"picked":"SKIP","floor":37},{"not_picked":["Guardian:TemporalShield","Guardian:MultiBeam","Guardian:DonusPower"],"picked":"SKIP","floor":38},{"not_picked":["Guardian:ChargeCore+1","Guardian:Emergency"],"picked":"Guardian:Gem_Purple","floor":39},{"not_picked":["Guardian:FastForward","Guardian:Gem_Lightblue"],"picked":"Guardian:Gem_Cyan","floor":40},{"not_picked":["Guardian:Reroute+1","Guardian:PrimingBeam+1","Guardian:Suspension+1"],"picked":"SKIP","floor":42},{"not_picked":["Guardian:Preprogram","Guardian:Gem_Blue"],"picked":"Guardian:DonusPower+1","floor":44},{"not_picked":["Guardian:VentSteam+1","Guardian:Recover+1","Guardian:Gem_Lightblue"],"picked":"SKIP","floor":48},{"not_picked":["Guardian:Gem_Lightblue","Guardian:TemporalShield","Guardian:BronzeOrb"],"picked":"SKIP","floor":49}],"player_experience":206680,"relics_obtained":[{"floor":7,"key":"Pet Ghost"},{"floor":22,"key":"MutagenicStrength"},{"floor":27,"key":"Blood Vial"},{"floor":40,"key":"Regal Pillow"},{"floor":41,"key":"Pantograph"}],"event_choices":[{"damage_healed":0,"gold_gain":0,"player_choice":"Stole Relic","damage_taken":0,"relics_obtained":["Old Coin"],"max_hp_gain":0,"max_hp_loss":0,"event_name":"Addict","floor":26,"gold_loss":0,"cards_obtained":["Pride"]}],"is_beta":false,"boss_relics":[{"not_picked":["Velvet Choker","Kintsugi"],"picked":"SlaversCollar"},{"not_picked":["Coffee Dripper","Replay:Drink Me"],"picked":"Replay:Bronze Core"}],"items_purged_floors":[],"is_endless":false,"potions_floor_spawned":[2,3,9,11,16,20,21,23,31,38,40],"killed_by":"IC_BLOCK_ARCHETYPE","ascension_level":0}}