{"host":"9kesdg97wkrx2bva","time":1613024273,"event":{"mods":["AchievementEnabler","BaseMod","Colored Map","GifTheSpireLib","Infinite Spire","Minty Spire (QoL Compilation)","Replay The Spire","StSLib"],"gold_per_floor":[111,123,143,10,10,10,20,49,49,49,49,49,60,135,153,53,53,53,53],"floor_reached":18,"language":"ENG","playtime":345,"items_purged":["Strike_B","Strike_B"],"score":213,"play_id":"fabdbdb9-e152-4b94-aedb-4e09dfa5ccac","local_time":"20210211001753","is_ascension_mode":true,"campfire_choices":[{"data":"Gash","floor":6,"key":"SMITH"},{"floor":12,"key":"REST"},{"floor":17,"key":"REST"}],"circlet_count":0,"master_deck":["AscendersBane","Strike_B","Defend_B","Defend_B","Defend_B","Zap","Dualcast","Gash+1","Sweeping Beam","Gash","Streamline","Beam Cell","Sunder","Rebound","Beam Cell"],"relics":["Cracked Core","Chameleon Ring","Replay:WaspNest","ReplayTheSpireMod:Shallot"],"acts_visited":["Exordium"],"potions_floor_usage":[7,8,18],"damage_taken":[{"damage":8,"enemies":"2 Louse","floor":1,"turns":2},{"damage":6,"enemies":"Cultist","floor":2,"turns":3},{"damage":2,"enemies":"Jaw Worm","floor":3,"turns":3},{"damage":0,"enemies":"Exordium Thugs","floor":7,"turns":4},{"damage":27,"enemies":"Gremlin Nob","floor":8,"turns":4},{"damage":4,"enemies":"Blue Slaver","floor":13,"turns":3},{"damage":0,"enemies":"Exordium Wildlife","floor":15,"turns":2},{"damage":44,"enemies":"Slime Boss","floor":18,"turns":6}],"seed_played":"-4342585526737164849","potions_obtained":[{"floor":2,"key":"BlessingOfTheForge"},{"floor":3,"key":"EssenceOfSteel"},{"floor":7,"key":"Weak Potion"},{"floor":15,"key":"LiquidBronze"}],"is_trial":false,"path_per_floor":["M","M","M","$","?","R","M","E","T","PTL","PTL","R","M","?","M","$","R","B"],"character_chosen":"DEFECT","items_purchased":["Streamline"],"campfire_rested":2,"item_purchase_floors":[4],"current_hp_per_floor":[38,32,30,30,30,30,30,3,3,3,3,24,20,9,9,9,30,0,0],"gold":53,"neow_bonus":"REMOVE_TWO","is_daily":false,"chose_seed":false,"campfire_upgraded":1,"win_rate":0.0,"timestamp":1613024273,"path_taken":["M","M","M","$","?","R","M","E","T","PTL","PTL","R","?","?","M","?","R","BOSS"],"items_purchased_type":["Card"],"build_version":"2020-12-22","purchased_purges":2,"victory":false,"max_hp_per_floor":[71,71,71,71,71,71,71,71,71,71,71,71,71,71,71,71,71,71,71],"card_choices":[{"not_picked":["Sweeping Beam","Hologram"],"picked":"Gash","floor":1},{"not_picked":["ReplayTheSpireMod:GoodbyeWorld","Redo"],"picked":"Sweeping Beam","floor":2},{"not_picked":["Scrape","Coolheaded"],"picked":"Gash","floor":3},{"not_picked":["Chaos","Capacitor"],"picked":"Beam Cell","floor":7},{"not_picked":["Redo","Hologram"],"picked":"Sunder","floor":8},{"not_picked":["Time Bomb","Coolheaded"],"picked":"Rebound","floor":13},{"not_picked":["Sweeping Beam","Redo"],"picked":"Beam Cell","floor":15}],"player_experience":1023807,"relics_obtained":[{"floor":8,"key":"Replay:WaspNest"},{"floor":9,"key":"ReplayTheSpireMod:Shallot"}],"event_choices":[{"damage_healed":0,"gold_gain":0,"player_choice":"Gave Potion","damage_taken":0,"relics_obtained":["Chameleon Ring"],"max_hp_gain":0,"max_hp_loss":0,"event_name":"WeMeetAgain","floor":5,"gold_loss":0},{"damage_healed":0,"gold_gain":75,"player_choice":"Gather Gold","damage_taken":11,"max_hp_gain":0,"max_hp_loss":0,"event_name":"World of Goop","floor":14,"gold_loss":0}],"is_beta":false,"boss_relics":[],"items_purged_floors":[4,16],"is_endless":false,"potions_floor_spawned":[2,3,7,15],"killed_by":"Slime Boss","ascension_level":18}}