{"host":"7qdnj56gqvs5vt6s","time":1613053485,"event":{"mods":["BaseMod","Colored Map","Hermit","Hubris","Minty Spire (QoL Compilation)","Replay The Spire","StSLib","The Necromancer"],"gold_per_floor":[114,114,126,139,139,139,155,166,190,210,46,60,79,95,95,197,197,212,182,125,140,158,158,158],"floor_reached":23,"language":"ENG","playtime":1153,"items_purged":[],"score":264,"play_id":"1379c95a-c34e-472f-bfe4-9514b9bf58b5","local_time":"20210211062445","is_ascension_mode":false,"campfire_choices":[{"floor":6,"key":"REST"},{"floor":15,"key":"REST"}],"circlet_count":0,"master_deck":["hermit:Strike_Hermit","hermit:Strike_Hermit","hermit:Strike_Hermit","hermit:Strike_Hermit","hermit:Defend_Hermit","hermit:Defend_Hermit","hermit:Defend_Hermit","hermit:Defend_Hermit","hermit:Snapshot","hermit:Covet","Trip","hermit:ItchyTrigger","hermit:GoldenBullet","hermit:Snipe","hermit:GoldenBullet","hermit:Ricochet","Apotheosis","hermit:Enervate","hermit:Enervate","hermit:Coalescence","ReplayTheSpireMod:Faulty Equipment","hermit:Enervate+1","hermit:CursedWeapon","hermit:CursedWeapon","hermit:BigShot+1","hermit:Quickdraw"],"relics":["hermit:Momento","Replay:Bottled Steam","hubris:TenFootPole","Replay:Ancient Bell","Omamori","Replay:Ringing Soul","StoneCalendar"],"acts_visited":["Exordium","TheCity"],"potions_floor_usage":[16,16,18,21],"damage_taken":[{"damage":6,"enemies":"2 Louse","floor":1,"turns":2},{"damage":1,"enemies":"Cultist","floor":3,"turns":3},{"damage":6,"enemies":"Jaw Worm","floor":4,"turns":2},{"damage":7,"enemies":"Blue Slaver","floor":7,"turns":2},{"damage":16,"enemies":"Lots of Slimes","floor":8,"turns":4},{"damage":28,"enemies":"Gremlin Gang","floor":10,"turns":4},{"damage":0,"enemies":"3 Louse","floor":12,"turns":3},{"damage":11,"enemies":"Large Slime","floor":13,"turns":4},{"damage":5,"enemies":"Exordium Wildlife","floor":14,"turns":2},{"damage":0,"enemies":"Hexaghost","floor":16,"turns":5},{"damage":25,"enemies":"3 Byrds","floor":18,"turns":6},{"damage":0,"enemies":"Spheric Guardian","floor":21,"turns":2},{"damage":27,"enemies":"3 Cultists","floor":22,"turns":6},{"damage":38,"enemies":"Slavers","floor":23,"turns":3}],"seed_played":"54372616143784882","potions_obtained":[{"floor":1,"key":"LiquidMemories"},{"floor":2,"key":"LifebloodPotion"},{"floor":2,"key":"hermit:BlackBile"},{"floor":2,"key":"hermit:Tonic"},{"floor":16,"key":"Fire Potion"},{"floor":19,"key":"Flashbang"},{"floor":19,"key":"BlessingOfTheForge"}],"is_trial":false,"path_per_floor":["M","?","M","M","T","R","M","M","T","M","$","M","M","M","R","B",null,"M","?","$","M","M","E"],"character_chosen":"HERMIT","items_purchased":["Apotheosis","hermit:CursedWeapon"],"campfire_rested":2,"item_purchase_floors":[11,20],"current_hp_per_floor":[69,69,68,62,62,75,68,52,52,24,24,24,13,8,30,30,78,56,56,59,62,38,0,0],"gold":158,"neow_bonus":"RANDOM_COLORLESS","is_daily":false,"chose_seed":false,"campfire_upgraded":0,"win_rate":0.0,"timestamp":1613053485,"path_taken":["M","?","?","?","?","R","M","M","T","M","$","M","M","M","R","BOSS","M","?","$","?","M","E"],"items_purchased_type":["Card","Card"],"build_version":"2020-12-22","purchased_purges":0,"victory":false,"max_hp_per_floor":[75,75,75,75,75,75,75,75,75,75,75,75,75,75,75,75,78,81,81,84,87,90,90,90],"card_choices":[{"not_picked":["Blind","Dark Shackles"],"picked":"Trip","floor":0},{"not_picked":["hermit:Gestalt","hermit:TrackingShot"],"picked":"hermit:ItchyTrigger","floor":1},{"not_picked":["hermit:Desperado","hermit:WideOpen"],"picked":"hermit:GoldenBullet","floor":3},{"not_picked":["hermit:Dive","hermit:Feint"],"picked":"hermit:Snipe","floor":4},{"not_picked":["hermit:Quickdraw","hermit:Gestalt"],"picked":"hermit:GoldenBullet","floor":7},{"not_picked":["hermit:Gestalt","hermit:HighCaliber","hermit:Roulette"],"picked":"SKIP","floor":8},{"not_picked":["hermit:ShadowCloak","hermit:Snipe"],"picked":"hermit:Ricochet","floor":10},{"not_picked":["hermit:Misfire","hermit:HoleUp"],"picked":"hermit:Enervate","floor":12},{"not_picked":["hermit:CalledShot","hermit:RoundhouseKick"],"picked":"hermit:Enervate","floor":13},{"not_picked":["hermit:Desperado","hermit:Shortfuse"],"picked":"hermit:Coalescence","floor":14},{"not_picked":["CurseOfTheBell","Delirium"],"picked":"hubris:Compulsion","floor":17},{"not_picked":["hubris:Despair","Parasite"],"picked":"Sickly","floor":17},{"not_picked":["hubris:Compulsion","Sickly"],"picked":"ReplayTheSpireMod:Faulty Equipment","floor":17},{"not_picked":["hermit:TakeCover","hermit:WideOpen"],"picked":"hermit:Enervate+1","floor":18},{"not_picked":["hermit:Snipe","hermit:PistolWhip"],"picked":"hermit:BigShot+1","floor":21},{"not_picked":["hermit:LoneWolf","hermit:Dive"],"picked":"hermit:Quickdraw","floor":22}],"player_experience":54102,"relics_obtained":[{"floor":5,"key":"Replay:Bottled Steam"},{"floor":9,"key":"hubris:TenFootPole"}],"event_choices":[{"damage_healed":0,"gold_gain":0,"player_choice":"Got Potions","damage_taken":0,"max_hp_gain":0,"max_hp_loss":0,"event_name":"Lab","floor":2,"gold_loss":0},{"damage_healed":0,"gold_gain":0,"player_choice":"Bought 2 Potions","damage_taken":0,"max_hp_gain":0,"max_hp_loss":0,"event_name":"The Woman in Blue","floor":19,"gold_loss":0}],"is_beta":false,"boss_relics":[{"not_picked":["Black Star","hermit:BartenderGlass"],"picked":"Replay:Ancient Bell"},{"not_picked":["Potion Belt","hubris:ToyBattleship"],"picked":"Omamori"},{"not_picked":["Replay:Bottled Flurry","Ornamental Fan"],"picked":"Replay:Ringing Soul"},{"not_picked":["hubris:Teleporter","Shovel"],"picked":"StoneCalendar"}],"items_purged_floors":[],"is_endless":false,"potions_floor_spawned":[1,4,8,10,16],"killed_by":"Slavers","ascension_level":0}}