{"host":"d8cz15m779bv9isj","time":1613074929,"event":{"mods":["Aspiration","BaseMod","Colored Map","Colored Powertips","DeckTracker","Downfall","Hermit","Highlight Path","Hubris","Infinite Spire","Minty Spire (QoL Compilation)","Quick Restart","Random Character Button","Relic Sorter","Replay The Spire","StSLib","SuperFastMode","Synergy Search","The Cursed","The Disciple","The Jungle","The Runesmith"],"gold_per_floor":[110,110,138,150,177,189,233,245,257,301,340,382,404,416,442,454,466,573,585,616,19,19,19,19,19,49,62,88,110,110,137,137,164,164,275,275,299,299,299,363,181,212,212,234,234,240,240],"floor_reached":46,"language":"ENG","playtime":1747,"items_purged":["Strike_G","Strike_G"],"score":744,"play_id":"b863dcf0-e0be-4e86-ac0c-92e73e7fe5e8","local_time":"20210211212209","is_ascension_mode":true,"campfire_choices":[{"data":"Bouncing Flask","floor":6,"key":"SMITH"},{"data":"Footwork","floor":14,"key":"SMITH"},{"floor":17,"key":"REST"},{"data":"Neutralize","floor":25,"key":"SMITH"},{"floor":32,"key":"REST"},{"data":"PiercingWail","floor":34,"key":"SMITH"},{"floor":43,"key":"REST"}],"circlet_count":0,"master_deck":["Strike_G","Defend_G","Defend_G","Defend_G","Defend_G","Defend_G","Survivor","Neutralize+1","Bouncing Flask+1","PiercingWail+1","Deflect","Footwork+1","ReplayTheSpireMod:Speed Training","Injury","Malaise+1","PiercingWail+1","Deadly Poison+1","Writhe","Deflect+1","Infinite Blades+1","Outmaneuver+1","ReplayTheSpireMod:Necrosis+1","Infinite Blades","Replay:Poison Smokescreen+1","Leg Sweep+1"],"relics":["Ring of the Serpent","Replay:Accelerometer","MawBank","Blue Candle","Replay:Wax Seal","Potion Belt","hubris:OldNail","Toxic Egg 2","aspiration:SecretTechniqueScroll","Shuriken","ReplayTheSpireMod:Ninjato","hubris:ToyBattleship","Replay:Ringing Soul","Replay:Bandana","TungstenRod","aspiration:FrozenJewel"],"acts_visited":["Exordium","TheCity","TheBeyond"],"potions_floor_usage":[12,12,35,35,35,40],"damage_taken":[{"damage":0,"enemies":"2 Louse","floor":1,"turns":4},{"damage":10,"enemies":"Small Slimes","floor":3,"turns":3},{"damage":0,"enemies":"Cultist","floor":5,"turns":3},{"damage":15,"enemies":"Gremlin Nob","floor":7,"turns":4},{"damage":9,"enemies":"Lagavulin","floor":10,"turns":7},{"damage":6,"enemies":"3 Sentries","floor":12,"turns":9},{"damage":2,"enemies":"Exordium Wildlife","floor":13,"turns":5},{"damage":1,"enemies":"Blue Slaver","floor":15,"turns":4},{"damage":1,"enemies":"Hexaghost","floor":18,"turns":10},{"damage":16,"enemies":"Shell Parasite","floor":20,"turns":6},{"damage":10,"enemies":"Replay:Snechameleon","floor":26,"turns":7},{"damage":2,"enemies":"Chosen","floor":27,"turns":5},{"damage":3,"enemies":"Centurion and Healer","floor":29,"turns":10},{"damage":10,"enemies":"Snake Plant","floor":31,"turns":6},{"damage":5,"enemies":"Chosen and Byrds","floor":33,"turns":5},{"damage":15,"enemies":"Collector","floor":35,"turns":10},{"damage":1,"enemies":"3 Shapes","floor":37,"turns":7},{"damage":9,"enemies":"Mind Bloom Boss Battle","floor":40,"turns":9},{"damage":65,"enemies":"Giant Head","floor":42,"turns":10},{"damage":22,"enemies":"3 Darklings","floor":44,"turns":5},{"damage":48,"enemies":"Reptomancer","floor":46,"turns":3}],"seed_played":"-5860339124262903145","potions_obtained":[{"floor":3,"key":"ColorlessPotion"},{"floor":5,"key":"Elixir"},{"floor":7,"key":"SkillPotion"},{"floor":12,"key":"Regen Potion"},{"floor":18,"key":"CunningPotion"},{"floor":26,"key":"Toxic Potion"},{"floor":35,"key":"Regen Potion"},{"floor":37,"key":"FearPotion"}],"is_trial":false,"path_per_floor":["M","?","M","?","M","R","E","PTL","PTL","E","T","E","M","R","M","?","R","B",null,"M","$","?","?","?","R","E","M","T","M","?","M","R","M","R","B",null,"M","?","?","?","$","E","R","M","T","E"],"character_chosen":"THE_SILENT","items_purchased":["Shuriken","ReplayTheSpireMod:Ninjato","Deadly Poison+1","Replay:Poison Smokescreen+1"],"campfire_rested":3,"item_purchase_floors":[21,21,21,41],"current_hp_per_floor":[70,67,57,57,57,57,42,42,42,33,33,27,25,25,24,24,47,46,69,53,53,53,53,53,53,46,44,44,44,44,34,58,56,56,59,82,84,87,87,93,96,34,64,42,42,0,0],"gold":240,"neow_bonus":"TEN_PERCENT_HP_BONUS","is_daily":false,"chose_seed":false,"campfire_upgraded":4,"win_rate":0.0,"timestamp":1613074929,"path_taken":["M","?","M","?","M","R","E","PTL","PTL","E","T","E","M","R","?","?","R","BOSS","M","$","?","?","?","R","E","M","T","?","?","M","R","M","R","BOSS","M","?","?","?","$","E","R","M","T","E"],"items_purchased_type":["Relic","Relic","Card","Card"],"build_version":"2020-12-22","purchased_purges":2,"victory":false,"max_hp_per_floor":[77,77,77,77,77,77,77,77,77,77,77,77,77,77,77,77,77,77,77,77,77,77,77,77,77,80,80,80,83,83,83,83,86,86,89,89,92,95,95,95,98,101,101,101,101,101,101],"card_choices":[{"not_picked":["hubris:SlightOfHand","Leg Sweep"],"picked":"Bouncing Flask","floor":1},{"not_picked":["Hidden Blade","Sucker Punch"],"picked":"PiercingWail","floor":3},{"not_picked":["hubris:TrickCloak","Infinite Blades","Expertise"],"picked":"SKIP","floor":5},{"not_picked":["Prepared","Reflex"],"picked":"Footwork","floor":7},{"not_picked":["Blade Dance","Reflex","Dagger Spray"],"picked":"SKIP","floor":10},{"not_picked":["Flechettes","Hidden Blade","Deflect"],"picked":"SKIP","floor":12},{"not_picked":["Riddle With Holes","Storm of Steel"],"picked":"ReplayTheSpireMod:Speed Training","floor":13},{"not_picked":["Hidden Blade","Deflect","Eviscerate"],"picked":"SKIP","floor":15},{"not_picked":["Wraith Form v2","Night Terror+1"],"picked":"Malaise+1","floor":18},{"not_picked":["Eviscerate+1","Dagger Spray"],"picked":"PiercingWail+1","floor":20},{"not_picked":["Heel Hook","hubris:Sniper+1"],"picked":"Deflect+1","floor":26},{"not_picked":["Dagger Spray","Die Die Die","Flying Knee"],"picked":"SKIP","floor":27},{"not_picked":["ReplayTheSpireMod:Exploit Weakness+1","Sucker Punch+1"],"picked":"Infinite Blades","floor":29},{"not_picked":["hubris:SlightOfHand+1","Reflex+1","Bane"],"picked":"SKIP","floor":31},{"not_picked":["PiercingWail+1","Slice+1"],"picked":"Outmaneuver+1","floor":33},{"not_picked":["Venomology+1","Die Die Die"],"picked":"ReplayTheSpireMod:Necrosis+1","floor":35},{"not_picked":["Outmaneuver+1","Dagger Throw+1"],"picked":"Infinite Blades","floor":37},{"not_picked":["Prepared+1","Distraction+1"],"picked":"Leg Sweep+1","floor":42},{"not_picked":["Replay:Poison Smokescreen+1","Poisoned Stab","ReplayTheSpireMod:Tripwire+1"],"picked":"SKIP","floor":44}],"player_experience":249281,"relics_obtained":[{"floor":7,"key":"Blue Candle"},{"floor":10,"key":"Replay:Wax Seal"},{"floor":11,"key":"Potion Belt"},{"floor":12,"key":"hubris:OldNail"},{"floor":26,"key":"Replay:Ringing Soul"},{"floor":28,"key":"Replay:Bandana"},{"floor":40,"key":"TungstenRod"},{"floor":42,"key":"Replay:Accelerometer"},{"floor":45,"key":"aspiration:FrozenJewel"}],"event_choices":[{"damage_healed":0,"gold_gain":0,"player_choice":"Success","damage_taken":3,"relics_obtained":["MawBank"],"max_hp_gain":0,"max_hp_loss":0,"event_name":"Scrap Ooze","floor":2,"gold_loss":0},{"damage_healed":0,"gold_gain":0,"cards_transformed":["Strike_G"],"player_choice":"Transformed","damage_taken":0,"max_hp_gain":0,"max_hp_loss":0,"event_name":"Transmorgrifier","floor":4,"gold_loss":0,"cards_obtained":["Deflect"]},{"damage_healed":0,"gold_gain":0,"player_choice":"Opened","damage_taken":0,"relics_obtained":["hubris:ToyBattleship"],"max_hp_gain":0,"max_hp_loss":0,"event_name":"The Mausoleum","floor":22,"gold_loss":0,"cards_obtained":["Writhe"]},{"damage_healed":0,"gold_gain":0,"player_choice":"Ignored","damage_taken":0,"max_hp_gain":0,"max_hp_loss":0,"event_name":"Vampires","floor":23,"gold_loss":0},{"cards_removed":["Strike_G"],"damage_healed":0,"gold_gain":0,"player_choice":"Purged","damage_taken":0,"max_hp_gain":0,"max_hp_loss":0,"event_name":"Purifier","floor":24,"gold_loss":0},{"damage_healed":0,"gold_gain":0,"player_choice":"Forge","damage_taken":0,"max_hp_gain":0,"max_hp_loss":0,"event_name":"Accursed Blacksmith","floor":30,"gold_loss":0,"cards_upgraded":["Infinite Blades"]},{"damage_healed":0,"gold_gain":0,"player_choice":"Fight","damage_taken":0,"max_hp_gain":0,"max_hp_loss":0,"event_name":"MindBloom","floor":40,"gold_loss":0}],"is_beta":false,"boss_relics":[{"not_picked":["hubris:GrandSneckoEye","aspiration:RunesmithSkillbook"],"picked":"aspiration:SecretTechniqueScroll"},{"not_picked":["Philosopher\u0027s Stone","Cursed Key"],"picked":"Ring of the Serpent"}],"items_purged_floors":[21,41],"is_endless":false,"potions_floor_spawned":[3,5,7,12,18,26,35,37],"killed_by":"Reptomancer","ascension_level":6}}