{"host":"u6v0z43xi4vbzvq3","time":1613082094,"event":{"mods":["AchievementEnabler","BaseMod","BetterRewards","Colored Map","Conspire","Downfall","Googly Eyes","Hermit","Hubris","Infinite Spire","Minty Spire (QoL Compilation)","Quick Restart","Rare Cards Sparkle","Replay The Spire","Shop Mod","StSLib","SuperFastMode","The Construct"],"gold_per_floor":[99,99,99,99,99,47,47,222,222,254,272,283,311,329,347,446,446,446,446],"floor_reached":17,"language":"ENG","playtime":728,"items_purged":[],"score":163,"play_id":"e037fb10-9b6c-4f4d-b2b2-5c751d31f877","local_time":"20210212092134","is_ascension_mode":false,"campfire_choices":[{"data":"Slimebound:Split","floor":1,"key":"SMITH"},{"floor":9,"key":"REST"}],"circlet_count":0,"master_deck":["Slimebound:Strike_Slimebound","Slimebound:Strike_Slimebound","Slimebound:Strike_Slimebound","Slimebound:Tackle","Slimebound:Defend_Slimebound","Slimebound:Defend_Slimebound","Slimebound:Defend_Slimebound","Slimebound:Defend_Slimebound","Slimebound:Split+1","Slimebound:CorrosiveSpit","Slimebound:Split+1","Slimebound:CorrosiveSpit","ReplayTheSpireMod:IOU","Slimebound:LeechEnergy","Slimebound:SplitAcid","Slimebound:PressTheAttack","Slimebound:GoopSpray","Doubt","Slimebound:HauntingLick","Slimebound:SplitMire","Slimebound:Schlurp","Slimebound:SamplingLick","Slimebound:Schlurp","Slimebound:WasteNot"],"relics":["Slimebound:AbsorbEndCombat","downfall:HeartsMalice","HornCleat","Snack Pack","hubris:Zylophone","Smiling Mask","hubris:VirtuousBlindfold"],"acts_visited":["Exordium","TheCity"],"potions_floor_usage":[15,16,16],"damage_taken":[{"damage":0,"enemies":"downfall:FleeingMerchant","floor":4,"turns":1},{"damage":0,"enemies":"2 Louse","floor":5,"turns":1},{"damage":0,"enemies":"downfall:FleeingMerchant","floor":6,"turns":1},{"damage":18,"enemies":"Gremlin Nob","floor":10,"turns":5},{"damage":0,"enemies":"Cultist","floor":11,"turns":3},{"damage":0,"enemies":"Small Slimes","floor":12,"turns":3},{"damage":19,"enemies":"3 Sentries","floor":13,"turns":6},{"damage":2,"enemies":"Blue Slaver","floor":14,"turns":3},{"damage":0,"enemies":"2 Fungi Beasts","floor":15,"turns":3},{"damage":18,"enemies":"IC_STATUS_ARCHETYPE","floor":16,"turns":6}],"seed_played":"-8151693408644979177","potions_obtained":[{"floor":10,"key":"PowerPotion"},{"floor":12,"key":"SkillPotion"},{"floor":14,"key":"FearPotion"},{"floor":15,"key":"Milkshake"},{"floor":16,"key":"SpeedPotion"}],"is_trial":false,"path_per_floor":["R","?","?","$","M","$","T","?","R","E","M","M","E","M","M","B",null],"character_chosen":"SLIMEBOUND","items_purchased":["Slimebound:GoopSpray"],"campfire_rested":1,"item_purchase_floors":[6],"current_hp_per_floor":[65,58,58,58,58,58,58,58,65,47,51,53,36,36,42,30,65,65,65],"gold":446,"neow_bonus":"THREE_ENEMY_KILL","is_daily":false,"chose_seed":false,"campfire_upgraded":1,"win_rate":0.0,"timestamp":1613082094,"path_taken":["R","?","?","$","?","$","T","?","R","E","M","M","E","M","M","BOSS"],"items_purchased_type":["Card"],"build_version":"2020-12-22","purchased_purges":0,"victory":false,"max_hp_per_floor":[65,65,65,65,65,65,65,65,65,65,65,65,65,65,65,65,65,65,65],"card_choices":[{"not_picked":["Slimebound:RejuvenatingLick","Slimebound:TongueLash"],"picked":"Slimebound:LeechEnergy","floor":4},{"not_picked":["Slimebound:HauntingLick","Slimebound:SlimeSpikes"],"picked":"Slimebound:SplitAcid","floor":5},{"not_picked":["Slimebound:ViciousTackle","Slimebound:Prepare"],"picked":"Slimebound:PressTheAttack","floor":6},{"not_picked":["Slimebound:DisruptingSlam","Slimebound:SlimeSlap","Slimebound:Prepare"],"picked":"SKIP","floor":10},{"not_picked":["Slimebound:SpikyOuterGoop","Slimebound:SplitAcid"],"picked":"Slimebound:HauntingLick","floor":11},{"not_picked":["Slimebound:AcidTongue","Slimebound:SlimeSpikes"],"picked":"Slimebound:SplitMire","floor":12},{"not_picked":["Slimebound:FinishingTackle","Slimebound:HauntingLick"],"picked":"Slimebound:Schlurp","floor":13},{"not_picked":["Slimebound:HauntingLick","Slimebound:MassFeed"],"picked":"Slimebound:SamplingLick","floor":14},{"not_picked":["Slimebound:GoopSpray","Slimebound:LivingWall"],"picked":"Slimebound:Schlurp","floor":15},{"not_picked":["Slimebound:RallyTheTroops","Slimebound:OozeBath"],"picked":"Slimebound:WasteNot","floor":16}],"player_experience":146899,"relics_obtained":[{"floor":7,"key":"Snack Pack"},{"floor":10,"key":"hubris:Zylophone"},{"floor":13,"key":"Smiling Mask"}],"event_choices":[{"damage_healed":0,"gold_gain":0,"player_choice":"Success","damage_taken":7,"relics_obtained":["HornCleat"],"max_hp_gain":0,"max_hp_loss":0,"event_name":"Scrap Ooze","floor":2,"gold_loss":0}],"is_beta":false,"boss_relics":[{"not_picked":["hubris:BlackHole","Abe\u0027s Treasure"],"picked":"hubris:VirtuousBlindfold"}],"items_purged_floors":[],"is_endless":false,"potions_floor_spawned":[10,12,14,15,16],"ascension_level":0}}