{"host":"31srvgftwd43oumg","time":1613087348,"event":{"mods":["BaseMod","BetterRewards","Card Forge","Downfall","Hubris","Infinite Spire","Koishi","Luminous","Marisa????????","Minty Spire (QoL Compilation)","Remilia??????","Replay The Spire","Shop Mod","StSLib","The Bug Knight","The Cursed","The Death Knight","The Exalted","The Hierophant","The Mystic","The Necromancer"],"gold_per_floor":[110,110,128,141,141,173,251,251,323,323,323,323,323],"floor_reached":12,"language":"ENG","playtime":190,"items_purged":[],"score":76,"play_id":"69520fae-dc7b-4616-9a60-ac59ae846032","local_time":"20210211174908","is_ascension_mode":false,"campfire_choices":[{"data":"Clash","floor":8,"key":"SMITH"},{"data":"Intimidate","floor":10,"key":"SMITH"}],"circlet_count":0,"master_deck":["Strike_R","Strike_R","Strike_R","Strike_R","Strike_R","Defend_R","Defend_R+1","Defend_R","Defend_R+1","Intimidate+1","Pommel Strike","Clash+1","Survivor","Neutralize"],"relics":["Burning Blood","Hammer of Thor","Seething Fire","Anvil of the Gods","NeowsBlessing","War Paint","ReplayTheSpireMod:Shallot","Iron Hammer"],"acts_visited":["Exordium"],"potions_floor_usage":[6],"damage_taken":[{"damage":0,"enemies":"2 Louse","floor":1,"turns":1},{"damage":0,"enemies":"Cultist","floor":3,"turns":1},{"damage":0,"enemies":"Jaw Worm","floor":4,"turns":1},{"damage":20,"enemies":"Gremlin Nob","floor":6,"turns":4},{"damage":0,"enemies":"Lagavulin","floor":12,"turns":1}],"seed_played":"593796933194299470","potions_obtained":[{"floor":4,"key":"LiquidMemories"},{"floor":6,"key":"Fire Potion"}],"is_trial":false,"path_per_floor":["M","?","M","M","$","E","T","R","T","R","?","E"],"character_chosen":"IRONCLAD","items_purchased":[],"campfire_rested":0,"item_purchase_floors":[],"current_hp_per_floor":[80,80,80,80,80,66,66,66,66,66,66,66,66],"gold":323,"neow_bonus":"THREE_ENEMY_KILL","is_daily":false,"chose_seed":false,"campfire_upgraded":2,"win_rate":0.0,"timestamp":1613087348,"path_taken":["M","?","M","?","$","E","?","R","T","R","?","E"],"items_purchased_type":[],"build_version":"2020-12-22","purchased_purges":0,"victory":false,"max_hp_per_floor":[80,80,80,80,80,80,80,80,80,80,80,80,80],"card_choices":[{"not_picked":["Headbutt","Wild Strike"],"picked":"Intimidate","floor":1},{"not_picked":["hubris:CleavingFinish","Heavy Blade"],"picked":"Pommel Strike","floor":3},{"not_picked":["Shrug It Off","Iron Wave"],"picked":"Clash","floor":4},{"not_picked":["Shrug It Off","Anger","Infernal Blade"],"picked":"SKIP","floor":6}],"player_experience":1021469,"relics_obtained":[{"floor":6,"key":"War Paint"},{"floor":7,"key":"ReplayTheSpireMod:Shallot"},{"floor":9,"key":"Iron Hammer"}],"event_choices":[{"damage_healed":0,"gold_gain":0,"player_choice":"Ignored","damage_taken":0,"max_hp_gain":0,"max_hp_loss":0,"event_name":"NoteForYourself","floor":2,"gold_loss":0}],"is_beta":false,"boss_relics":[],"items_purged_floors":[],"is_endless":false,"potions_floor_spawned":[4,6],"killed_by":"Lagavulin","ascension_level":0}}