{"host":"ktoxvvst1mwxww91","time":1613025387,"event":{"mods":["BaseMod","Downfall","Hermit","Minty Spire (QoL Compilation)","StSLib","The Hierophant"],"gold_per_floor":[99,117,27,39,24,24,48,62,97,97,115,115,143,160,177,177,177,177],"floor_reached":16,"language":"ENG","playtime":599,"items_purged":["bronze:Strike"],"score":134,"play_id":"911d4cc6-1900-438a-a524-8b6790ec43df","local_time":"20210211073627","is_ascension_mode":true,"campfire_choices":[{"data":"bronze:Replicate","floor":1,"key":"SMITH"},{"floor":10,"key":"REST"},{"floor":12,"key":"REST"}],"circlet_count":0,"master_deck":["bronze:Strike","bronze:Strike","bronze:Defend","bronze:Defend","bronze:Defend","bronze:Defend","bronze:Replicate+1","bronze:Goto","bronze:Overheat","bronze:Invalidate","bronze:Optimize","bronze:WhirlingStrike","bronze:BuggyMess","bronze:WhirlingStrike","bronze:MaxOutput","bronze:HyperBeam","bronze:BronzeOrb","bronze:Separator","bronze:Frontload"],"relics":["Philosopher\u0027s Stone","Nunchaku","Mercury Hourglass","Dream Catcher"],"acts_visited":["Exordium"],"potions_floor_usage":[11,13],"damage_taken":[{"damage":0,"enemies":"Cultist","floor":2,"turns":3},{"damage":10,"enemies":"downfall:FleeingMerchant","floor":3,"turns":4},{"damage":0,"enemies":"Jaw Worm","floor":4,"turns":2},{"damage":10,"enemies":"downfall:FleeingMerchant","floor":5,"turns":4},{"damage":0,"enemies":"Small Slimes","floor":8,"turns":2},{"damage":24,"enemies":"Lagavulin","floor":9,"turns":4},{"damage":18,"enemies":"Exordium Thugs","floor":11,"turns":2},{"damage":8,"enemies":"Gremlin Nob","floor":13,"turns":3},{"damage":14,"enemies":"Gremlin Gang","floor":14,"turns":3},{"damage":1,"enemies":"3 Louse","floor":15,"turns":2},{"damage":30,"enemies":"DF_ARCHETYPE_STREAMLINE","floor":16,"turns":6}],"seed_played":"-921172197501549872","potions_obtained":[{"floor":8,"key":"Strength Potion"},{"floor":11,"key":"DuplicationPotion"},{"floor":13,"key":"Energy Potion"},{"floor":14,"key":"Explosive Potion"}],"is_trial":false,"path_per_floor":["R","M","$","M","$","?","T","M","E","R","M","R","E","M","M","B"],"character_chosen":"THE_AUTOMATON","items_purchased":[],"campfire_rested":2,"item_purchase_floors":[],"current_hp_per_floor":[70,70,60,60,50,50,50,50,26,47,29,50,42,28,27,0,0,0],"gold":177,"neow_bonus":"BOSS_RELIC","is_daily":false,"chose_seed":false,"campfire_upgraded":1,"win_rate":0.0,"timestamp":1613025387,"path_taken":["R","M","$","M","$","?","T","M","E","R","M","R","E","M","M","BOSS"],"items_purchased_type":[],"build_version":"2020-12-22","purchased_purges":1,"victory":false,"max_hp_per_floor":[70,70,70,70,70,70,70,70,70,70,70,70,70,70,70,70,70,70],"card_choices":[{"not_picked":["bronze:DelayedSlice","bronze:BuggyMess"],"picked":"bronze:Overheat","floor":2},{"not_picked":["bronze:Frontload","bronze:CutThrough"],"picked":"bronze:Invalidate","floor":3},{"not_picked":["bronze:FineTuning","bronze:Invalidate"],"picked":"bronze:Optimize","floor":4},{"not_picked":["bronze:ForLoop","bronze:Invalidate"],"picked":"bronze:WhirlingStrike","floor":5},{"not_picked":["bronze:Terminator","bronze:DelayedSlice"],"picked":"bronze:WhirlingStrike","floor":8},{"not_picked":["bronze:Refactor","bronze:BitShift"],"picked":"bronze:MaxOutput","floor":9},{"not_picked":["bronze:DelayedGuard","bronze:BuggyMess"],"picked":"bronze:HyperBeam","floor":11},{"not_picked":["bronze:BitShift","bronze:Library"],"picked":"bronze:BronzeOrb","floor":13},{"not_picked":["bronze:BuggyMess","bronze:DelayedGuard"],"picked":"bronze:Separator","floor":14},{"not_picked":["bronze:BugBarrage","bronze:ItsAFeature"],"picked":"bronze:Frontload","floor":15}],"player_experience":1106570,"relics_obtained":[{"floor":7,"key":"Nunchaku"},{"floor":9,"key":"Mercury Hourglass"},{"floor":13,"key":"Dream Catcher"}],"event_choices":[],"is_beta":false,"boss_relics":[],"items_purged_floors":[3],"is_endless":false,"potions_floor_spawned":[8,11,13,14],"killed_by":"DF_ARCHETYPE_STREAMLINE","ascension_level":4}}