{"host":"rm0ctv8qd8mnbkg1","time":1613049330,"event":{"mods":["BaseMod","Beaked The Cultist","BetterRewards","Colored Map","DNKmod","Dark Map","Defuse TimeMaze Blight","Downfall","Friendly Minions","Halation","Hubris","Marisa????????","Minty Spire (QoL Compilation)","MostiFishMod","Permanent Neow","Quarter Circle Forward PUNCH!","RRrroohrrRGHHhhh!!","Rare Cards Sparkle","Relic Sorter","Reliquary","Replay The Spire","RumiaBox-????????","Shade Mod","Shop Mod","Spicy Shops","Spire Arcade","StS++","StSLib","The Construct","The Servant 0.9.4","TheVacant","Wandering Minibosses","??????REMEMod"],"gold_per_floor":[10019,10019,9450,9450,9725,9750,9773,9817,9829,9323,9398,9398,9409,9420,9420,9521,9521,9535,9553,9571,9531,9193,9193,9211,9240,9240,9260,9260,9260,8931,8931,8931,9027,9027,9038,9055,9055,9055,9065,9065,9065,8437,8437,8437,8437,8456,8456,8516,8516,8516],"floor_reached":51,"language":"ENG","playtime":1619,"items_purged":[],"score":1126,"play_id":"5d879c07-f516-4928-91cc-8cf9eb2b2190","local_time":"20210211131530","is_ascension_mode":false,"campfire_choices":[{"data":"beaked:WindBringer","floor":12,"key":"SMITH"},{"data":"beaked:RitualOfBody","floor":15,"key":"SMITH"},{"data":"beaked:ScreechingChant","floor":23,"key":"SMITH"},{"data":"beaked:Overpower","floor":29,"key":"SMITH"},{"data":"beaked:RitualOfBody","floor":32,"key":"SMITH"},{"data":"ReplayTheSpireMod:Prepare the Ceremony","floor":40,"key":"SMITH"},{"data":"beaked:Pecker","floor":44,"key":"SMITH"},{"data":"beaked:Foresight","floor":47,"key":"SMITH"},{"data":"beaked:Strike_Y","floor":49,"key":"SMITH"}],"circlet_count":0,"master_deck":["REME_MawOfCthun+1","beaked:Strike_Y+1","beaked:Strike_Y+1","beaked:Strike_Y+1","beaked:Strike_Y+1","beaked:Strike_Y+1","beaked:Strike_Y+1","beaked:Defend_Y+1","beaked:Defend_Y+1","beaked:Defend_Y","beaked:Defend_Y+1","beaked:Ceremony+1","beaked:Ceremony+1","beaked:Ceremony+1","StSpp:Faith+1","beaked:WarriorEssence+1","REME_Flogging+1","ReplayTheSpireMod:Private Reserves+1","Regret","ReplayTheSpireMod:Owlgaze+1","ReplayTheSpireMod:Prepare the Ceremony+1","beaked:ScreechingChant+1","beaked:WindBringer+1","beaked:RitualOfBody+1","beaked:BraceForImpact+1","beaked:ScreechingChant+1","beaked:Cower+1","beaked:CrazyRituals+1","beaked:RitualOfBody+1","Injury","beaked:Overpower+1","beaked:Resilience+1","beaked:DigDeep+1","beaked:DigDeep+1","beaked:Ceremony+1","beaked:Foresight+1","beaked:DigDeep","beaked:BloodRitual+1","beaked:Windmill+1","beaked:VolatileMisfortune","beaked:Pecker+1","beaked:BarbedWire+1"],"relics":["beaked:MendingPlumage","REME_ComplimentaryCards","DaveBox","DSteel32","CultistMask","Sling","SSSystem","MawBank","halation:LettersToHer","qcfpunch:Chain_With_Nametags","Juzu Bracelet","SecretRecord","wanderingMiniBosses:OtherGremlinHorn","reliquary:Stiletto","halation:LostSnail","Happy Flower","Guardian:PocketSentry","Pen Nib","Bird Faced Urn","hubris:Metronome","MutagenicStrength","rorgmod:Black Star","reliquary:JackalopeAntler","Orrery","Gremlin Horn","Replay:Baseball","reliquary:TatteredRug","Replay:Ringing Soul","Onion Ring"],"acts_visited":["Exordium","TheCity","TheBeyond"],"potions_floor_usage":[18,18],"damage_taken":[{"damage":0,"enemies":"Small Slimes","floor":1,"turns":3},{"damage":3,"enemies":"Lagavulin","floor":6,"turns":5},{"damage":2,"enemies":"Cultist","floor":7,"turns":4},{"damage":29,"enemies":"3 Sentries","floor":8,"turns":5},{"damage":0,"enemies":"Jaw Worm","floor":13,"turns":2},{"damage":5,"enemies":"3 Louse","floor":14,"turns":2},{"damage":0,"enemies":"The Guardian","floor":16,"turns":5},{"damage":8,"enemies":"Shell Parasite","floor":18,"turns":7},{"damage":9,"enemies":"2 Thieves","floor":19,"turns":4},{"damage":13,"enemies":"Centurion and Healer","floor":20,"turns":5},{"damage":7,"enemies":"3 Cultists","floor":24,"turns":3},{"damage":0,"enemies":"Book of Stabbing","floor":25,"turns":2},{"damage":0,"enemies":"Shelled Parasite and Fungi","floor":27,"turns":3},{"damage":0,"enemies":"Collector","floor":33,"turns":1},{"damage":4,"enemies":"Orb Walker","floor":35,"turns":3},{"damage":15,"enemies":"3 Darklings","floor":36,"turns":3},{"damage":11,"enemies":"Sphere and 2 Shapes","floor":39,"turns":2},{"damage":0,"enemies":"Maw","floor":46,"turns":2},{"damage":0,"enemies":"Reptomancer","floor":48,"turns":1},{"damage":0,"enemies":"Time Eater","floor":50,"turns":1}],"seed_played":"432073346705909890","potions_obtained":[{"floor":7,"key":"Energy Potion"},{"floor":14,"key":"LifebloodPotion"},{"floor":19,"key":"Fire Potion"},{"floor":27,"key":"Energy Potion"}],"is_trial":false,"path_per_floor":["M","?","$","?","?","E","M","E","T","$","?","R","M","M","R","B",null,"M","M","M","?","$","R","M","E","T","M","?","R","$","?","R","B",null,"M","M","?","$","M","R","?","$","T","R","T","M","R","E","R","B",null],"character_chosen":"BEAKED_THE_CULTIST","items_purchased":["Sling","REME_Flogging","SSSystem","ReplayTheSpireMod:Private Reserves","Juzu Bracelet","beaked:WindBringer","SecretRecord","reliquary:Stiletto","halation:LostSnail","Happy Flower","Bird Faced Urn","hubris:Metronome","Orrery","Gremlin Horn","Replay:Baseball","beaked:Pecker"],"campfire_rested":0,"item_purchase_floors":[3,3,3,3,10,10,10,22,22,22,30,30,42,42,42,42],"current_hp_per_floor":[1000,1000,1000,1000,1000,999,1000,987,987,987,976,976,984,985,985,1000,1000,1000,1000,1000,1000,1000,1000,1000,1000,1000,1000,1000,1000,1000,1000,1000,1000,1000,1000,1000,1000,1000,1000,1000,1000,1000,1000,1000,1000,1003,1003,1003,1003,1003],"gold":8516,"neow_bonus":"UPGRADE_CARD","is_daily":false,"chose_seed":false,"campfire_upgraded":9,"win_rate":0.0,"timestamp":1613049330,"path_taken":["M","?","?","?","?","E","?","E","T","$","?","R","M","M","R","BOSS","M","M","M","?","$","R","M","E","T","M","?","R","?","?","R","BOSS","M","M","?","$","M","R","?","$","T","R","?","M","R","E","R","BOSS"],"items_purchased_type":["Relic","Card","Relic","Card","Relic","Card","Relic","Relic","Relic","Relic","Relic","Relic","Relic","Relic","Relic","Card"],"build_version":"2020-12-22","purchased_purges":0,"victory":true,"max_hp_per_floor":[1000,1000,1000,1000,1000,1000,1000,1000,1000,1000,1000,1000,1000,1000,1000,1000,1000,1000,1000,1000,1000,1000,1000,1000,1000,1000,1000,1000,1000,1000,1000,1000,1000,1000,1000,1000,1000,1000,1000,1000,1000,1000,1000,1000,1000,1003,1003,1003,1003,1003],"card_choices":[{"not_picked":["beaked:Flinch","beaked:Brace"],"picked":"beaked:WarriorEssence","floor":1},{"not_picked":["beaked:TuckingFeathers","beaked:SurvivalInstinct"],"picked":"ReplayTheSpireMod:Owlgaze","floor":6},{"not_picked":["beaked:Evade","beaked:Foresight"],"picked":"ReplayTheSpireMod:Prepare the Ceremony","floor":7},{"not_picked":["beaked:Daydream","beaked:RuinSticks"],"picked":"beaked:ScreechingChant","floor":8},{"not_picked":["beaked:MimicHuntress","beaked:Roost"],"picked":"beaked:RitualOfBody","floor":13},{"not_picked":["beaked:Daydream","beaked:FeelMyPain"],"picked":"beaked:BraceForImpact","floor":14},{"not_picked":["beaked:WildInstinct","beaked:LiftOff"],"picked":"beaked:ScreechingChant","floor":16},{"not_picked":["beaked:Insight","beaked:Molting"],"picked":"beaked:Cower+1","floor":18},{"not_picked":["beaked:CursingBlood","beaked:RuinSticks"],"picked":"beaked:CrazyRituals","floor":19},{"not_picked":["beaked:MaddeningMurmurs","beaked:BloodForTheGods+1"],"picked":"beaked:RitualOfBody","floor":20},{"not_picked":["beaked:Brace+1","beaked:Tweet+1"],"picked":"beaked:Overpower","floor":24},{"not_picked":["beaked:Flinch","beaked:Redirect"],"picked":"beaked:Resilience","floor":25},{"not_picked":["beaked:Resilience","beaked:Poke"],"picked":"beaked:DigDeep+1","floor":27},{"not_picked":["beaked:TuckingFeathers","beaked:BloodForTheGods"],"picked":"beaked:DigDeep+1","floor":35},{"not_picked":["beaked:DigDeep","beaked:RitualOfBody+1","beaked:Resilience+1"],"picked":"SKIP","floor":36},{"not_picked":["beaked:FeelMyPain","beaked:LiftOff","beaked:Foresight"],"picked":"SKIP","floor":39},{"not_picked":["beaked:SacrificialScars","beaked:Windmill+1"],"picked":"beaked:Foresight","floor":42},{"not_picked":["beaked:Negation+1","beaked:Redirect"],"picked":"beaked:DigDeep","floor":42},{"not_picked":["beaked:Negation+1","beaked:Molting+1"],"picked":"beaked:BloodRitual+1","floor":42},{"not_picked":["beaked:WarriorEssence","beaked:Cower+1"],"picked":"beaked:Windmill+1","floor":42},{"not_picked":["beaked:Resilience","beaked:TuckingFeathers+1"],"picked":"beaked:VolatileMisfortune","floor":42},{"not_picked":["beaked:FeelMyPain","beaked:Molting"],"picked":"beaked:BarbedWire","floor":46},{"not_picked":["beaked:Cower+1","beaked:WarriorEssence","beaked:SurvivalInstinct+1"],"picked":"SKIP","floor":48}],"player_experience":347707,"relics_obtained":[{"floor":6,"key":"MawBank"},{"floor":8,"key":"halation:LettersToHer"},{"floor":9,"key":"halation:LettersToHer"},{"floor":9,"key":"qcfpunch:Chain_With_Nametags"},{"floor":18,"key":"wanderingMiniBosses:OtherGremlinHorn"},{"floor":25,"key":"Guardian:PocketSentry"},{"floor":26,"key":"halation:LettersToHer"},{"floor":26,"key":"Pen Nib"},{"floor":43,"key":"halation:LettersToHer"},{"floor":43,"key":"reliquary:TatteredRug"},{"floor":45,"key":"halation:LettersToHer"},{"floor":45,"key":"Replay:Ringing Soul"},{"floor":48,"key":"Onion Ring"}],"event_choices":[{"damage_healed":0,"gold_gain":0,"player_choice":"Trade","damage_taken":0,"relics_obtained":["CultistMask"],"max_hp_gain":0,"max_hp_loss":0,"event_name":"FaceTrader","floor":2,"gold_loss":0},{"damage_healed":0,"gold_gain":0,"player_choice":"Ignored","damage_taken":0,"max_hp_gain":0,"max_hp_loss":0,"event_name":"Golden Wing","floor":4,"gold_loss":0},{"damage_healed":0,"gold_gain":275,"player_choice":"Desecrate","damage_taken":0,"max_hp_gain":0,"max_hp_loss":0,"event_name":"Golden Shrine","floor":5,"gold_loss":0,"cards_obtained":["Regret"]},{"damage_healed":0,"gold_gain":75,"player_choice":"Gather Gold","damage_taken":11,"max_hp_gain":0,"max_hp_loss":0,"event_name":"World of Goop","floor":11,"gold_loss":0},{"damage_healed":0,"gold_gain":0,"player_choice":"Upgrade","damage_taken":0,"max_hp_gain":0,"max_hp_loss":0,"event_name":"Designer","floor":21,"gold_loss":40,"cards_upgraded":["beaked:ScreechingChant"]},{"damage_healed":0,"gold_gain":0,"player_choice":"Ignored","damage_taken":0,"max_hp_gain":0,"max_hp_loss":0,"event_name":"N\u0027loth","floor":28,"gold_loss":0},{"damage_healed":0,"gold_gain":0,"player_choice":"Inject Mutagens","damage_taken":0,"relics_obtained":["MutagenicStrength"],"max_hp_gain":0,"max_hp_loss":0,"event_name":"Drug Dealer","floor":31,"gold_loss":0},{"damage_healed":0,"gold_gain":0,"player_choice":"1 cards matched","damage_taken":0,"max_hp_gain":0,"max_hp_loss":0,"event_name":"Match and Keep!","floor":37,"gold_loss":0,"cards_obtained":["beaked:Ceremony"]},{"damage_healed":0,"gold_gain":0,"player_choice":"Gave Potion","damage_taken":0,"relics_obtained":["reliquary:JackalopeAntler"],"max_hp_gain":0,"max_hp_loss":0,"event_name":"WeMeetAgain","floor":41,"gold_loss":0}],"is_beta":false,"boss_relics":[{"not_picked":["EE1DDrone","REME_DemonsWealth","HereWithMe"]},{"not_picked":["OneHitWonderSystem","Sozu"],"picked":"rorgmod:Black Star"}],"items_purged_floors":[],"is_endless":false,"potions_floor_spawned":[7,14,16,19,20,27,33,39,46],"ascension_level":0}}