{"host":"52lujqhsyicpcskq","time":1613022424,"event":{"mods":["BaseMod","Colored Map","Minty Spire (QoL Compilation)","Permanent Neow","StSLib","SuperFastMode","everything is the same but u backflip on backflip"],"gold_per_floor":[114,132,149,169,185,185,220,220,294,308,328,360,360,72,72,173,173,186,285,285,303,98,98,130,130,154,166,198,198,229,249,249,344,344,357,357,357,357,369,369,397,397,397,397,413,428,463,4,4,4],"floor_reached":51,"language":"KOR","playtime":1697,"items_purged":[],"score":1380,"play_id":"620db34c-55f1-4ed7-a040-d9f7b9f0358d","local_time":"20210211144704","is_ascension_mode":true,"campfire_choices":[{"data":"Perfected Strike","floor":6.0,"key":"SMITH"},{"data":"Pommel Strike","floor":8.0,"key":"SMITH"},{"data":"Pommel Strike","floor":13.0,"key":"SMITH"},{"data":"Shockwave","floor":15.0,"key":"SMITH"},{"data":"Impervious","floor":23.0,"key":"SMITH"},{"data":"Shrug It Off","floor":25.0,"key":"SMITH"},{"data":"Pommel Strike","floor":29.0,"key":"SMITH"},{"data":"Shrug It Off","floor":32.0,"key":"SMITH"},{"data":"Pommel Strike","floor":40.0,"key":"SMITH"},{"data":"Impervious","floor":42.0,"key":"SMITH"},{"data":"Wild Strike","floor":44.0,"key":"SMITH"},{"floor":49.0,"key":"REST"}],"circlet_count":0,"master_deck":["AscendersBane","Strike_R","Strike_R","Strike_R","Strike_R","Defend_R+1","Defend_R","Defend_R+1","Defend_R","Bash","Panacea","Perfected Strike+1","Shockwave+1","Twin Strike","Impervious+1","Cleave","Pommel Strike+1","Pommel Strike+1","Rampage+1","Thunderclap+1","Juggernaut","Pommel Strike+1","Perfected Strike+1","Shrug It Off+1","Twin Strike","Pommel Strike+1","Wild Strike+1","Shrug It Off+1","Impervious+1","Wild Strike+1","Twin Strike+1","Seeing Red","Perfected Strike","Pommel Strike","Demon Form+1"],"relics":["Burning Blood","Juzu Bracelet","InkBottle","Calipers","Regal Pillow","Whetstone","Snecko Eye","PreservedInsect","Vajra","Bronze Scales","Smiling Mask","Lantern","Black Star","War Paint","Anchor","Frozen Egg 2","Blood Vial","Magic Flower","Oddly Smooth Stone","Gambling Chip"],"acts_visited":["Exordium","TheCity","TheBeyond"],"potions_floor_usage":[50],"damage_taken":[{"damage":3.0,"enemies":"2 Louse","floor":1.0,"turns":4.0},{"damage":9.0,"enemies":"Jaw Worm","floor":2.0,"turns":4.0},{"damage":2.0,"enemies":"Small Slimes","floor":3.0,"turns":4.0},{"damage":12.0,"enemies":"Looter","floor":4.0,"turns":3.0},{"damage":10.0,"enemies":"Gremlin Gang","floor":5.0,"turns":4.0},{"damage":5.0,"enemies":"Lagavulin","floor":7.0,"turns":5.0},{"damage":20.0,"enemies":"Lots of Slimes","floor":10.0,"turns":4.0},{"damage":14.0,"enemies":"Blue Slaver","floor":11.0,"turns":3.0},{"damage":15.0,"enemies":"3 Sentries","floor":12.0,"turns":7.0},{"damage":28.0,"enemies":"Hexaghost","floor":16.0,"turns":9.0},{"damage":0.0,"enemies":"3 Byrds","floor":18.0,"turns":3.0},{"damage":0.0,"enemies":"Chosen","floor":21.0,"turns":3.0},{"damage":0.0,"enemies":"Book of Stabbing","floor":24.0,"turns":3.0},{"damage":0.0,"enemies":"Snake Plant","floor":27.0,"turns":2.0},{"damage":12.0,"enemies":"Gremlin Leader","floor":28.0,"turns":2.0},{"damage":7.0,"enemies":"Slavers","floor":30.0,"turns":4.0},{"damage":5.0,"enemies":"Centurion and Healer","floor":31.0,"turns":2.0},{"damage":28.0,"enemies":"Automaton","floor":33.0,"turns":8.0},{"damage":2.0,"enemies":"3 Darklings","floor":35.0,"turns":4.0},{"damage":0.0,"enemies":"Orb Walker","floor":39.0,"turns":2.0},{"damage":0.0,"enemies":"Nemesis","floor":41.0,"turns":3.0},{"damage":31.0,"enemies":"Transient","floor":45.0,"turns":5.0},{"damage":18.0,"enemies":"3 Darklings","floor":46.0,"turns":3.0},{"damage":0.0,"enemies":"Reptomancer","floor":47.0,"turns":3.0},{"damage":54,"enemies":"Donu and Deca","floor":50,"turns":7}],"seed_played":"-3459912435869495598","potions_obtained":[{"floor":2.0,"key":"Weak Potion"},{"floor":4.0,"key":"SneckoOil"},{"floor":5.0,"key":"SkillPotion"},{"floor":10.0,"key":"Block Potion"},{"floor":16.0,"key":"Explosive Potion"},{"floor":18.0,"key":"SteroidPotion"},{"floor":24.0,"key":"Dexterity Potion"},{"floor":28.0,"key":"Swift Potion"},{"floor":35.0,"key":"SteroidPotion"},{"floor":38.0,"key":"DistilledChaos"},{"floor":39.0,"key":"SkillPotion"}],"is_trial":false,"path_per_floor":["M","M","M","M","M","R","E","R","T","M","M","E","R","$","R","B",null,"M","?","?","M","$","R","E","R","T","M","E","R","E","M","R","B",null,"M","?","?","?","M","R","E","R","T","R","M","M","E","$","R","B",null],"character_chosen":"IRONCLAD","items_purchased":["Regal Pillow","Whetstone","PreservedInsect","Shrug It Off","Oddly Smooth Stone","Gambling Chip"],"campfire_rested":1,"item_purchase_floors":[14,14,22,22,48,48],"current_hp_per_floor":[75,72,76,70,66,66,67,67,67,53,45,36,36,36,36,14,64,70,70,70,76,76,76,80,80,80,80,74,74,73,74,74,52,73,77,77,77,77,80,80,80,80,80,80,55,43,49,49,80,35],"gold":4,"neow_bonus":"RANDOM_COLORLESS","is_daily":false,"chose_seed":false,"campfire_upgraded":11,"win_rate":0.0,"timestamp":1613022424,"path_taken":["M","M","M","M","M","R","E","R","T","M","M","E","R","$","R","BOSS","M","?","?","M","?","R","E","R","T","M","E","R","E","M","R","BOSS","M","?","?","?","M","R","E","R","T","R","M","M","E","$","R","BOSS"],"items_purchased_type":["Relic","Relic","Relic","Card","Relic","Relic"],"build_version":"2020-12-22","purchased_purges":0,"victory":true,"max_hp_per_floor":[80,80,80,80,80,80,80,80,80,80,80,80,80,80,80,80,80,80,80,80,80,80,80,80,80,80,80,80,80,80,80,80,80,80,80,80,80,80,80,80,80,80,80,80,80,80,80,80,80,80],"card_choices":[{"not_picked":["Good Instincts","Discovery"],"picked":"Panacea","floor":0.0},{"not_picked":["Metallicize","Iron Wave"],"picked":"Perfected Strike","floor":1.0},{"not_picked":["Rupture","Headbutt"],"picked":"Shockwave","floor":2.0},{"not_picked":["Iron Wave","Clash"],"picked":"Twin Strike","floor":3.0},{"not_picked":["True Grit","Twin Strike"],"picked":"Impervious","floor":4.0},{"not_picked":["Sword Boomerang","Warcry"],"picked":"Cleave","floor":5.0},{"not_picked":["Dual Wield","Sword Boomerang"],"picked":"Pommel Strike","floor":7.0},{"not_picked":["Dropkick","Spot Weakness"],"picked":"Pommel Strike","floor":10.0},{"not_picked":["Shockwave","Anger"],"picked":"Rampage","floor":11.0},{"not_picked":["Sentinel","Warcry"],"picked":"Thunderclap","floor":12.0},{"not_picked":["Limit Break","Corruption"],"picked":"Juggernaut","floor":16.0},{"not_picked":["Fire Breathing","Body Slam"],"picked":"Pommel Strike","floor":18.0},{"not_picked":["Whirlwind","Disarm"],"picked":"Perfected Strike+1","floor":21.0},{"not_picked":["Exhume","Evolve"],"picked":"Twin Strike","floor":24.0},{"not_picked":["Thunderclap","Heavy Blade"],"picked":"Pommel Strike","floor":27.0},{"not_picked":["Headbutt","Armaments+1"],"picked":"Wild Strike","floor":28.0},{"not_picked":["Seeing Red","Havoc","Warcry"],"picked":"SKIP","floor":30.0},{"not_picked":["Armaments","Heavy Blade"],"picked":"Shrug It Off","floor":31.0},{"not_picked":["Fiend Fire","Berserk"],"picked":"Impervious","floor":33.0},{"not_picked":["Havoc","Burning Pact"],"picked":"Wild Strike+1","floor":35.0},{"not_picked":["Combust","Armaments"],"picked":"Twin Strike+1","floor":39.0},{"not_picked":["Second Wind","Hemokinesis+1"],"picked":"Seeing Red","floor":41.0},{"not_picked":["Headbutt","Reckless Charge+1"],"picked":"Perfected Strike","floor":45.0},{"not_picked":["Thunderclap","Hemokinesis"],"picked":"Pommel Strike","floor":46.0},{"not_picked":["Dual Wield","Flex"],"picked":"Demon Form+1","floor":47.0}],"player_experience":781312,"relics_obtained":[{"floor":7.0,"key":"Juzu Bracelet"},{"floor":9.0,"key":"InkBottle"},{"floor":12.0,"key":"Calipers"},{"floor":24.0,"key":"Vajra"},{"floor":26.0,"key":"Bronze Scales"},{"floor":28.0,"key":"Smiling Mask"},{"floor":30.0,"key":"Lantern"},{"floor":41.0,"key":"War Paint"},{"floor":41.0,"key":"Anchor"},{"floor":43.0,"key":"Frozen Egg 2"},{"floor":47.0,"key":"Blood Vial"},{"floor":47.0,"key":"Magic Flower"}],"event_choices":[{"damage_healed":0.0,"max_hp_gain":0.0,"max_hp_loss":0.0,"gold_gain":99.0,"event_name":"Nest","player_choice":"Stole From Cult","floor":19.0,"gold_loss":0.0,"damage_taken":0.0},{"damage_healed":0.0,"max_hp_gain":0.0,"max_hp_loss":0.0,"gold_gain":0.0,"event_name":"Vampires","player_choice":"Ignored","floor":20.0,"gold_loss":0.0,"damage_taken":0.0},{"cards_removed":["Strike_R"],"damage_healed":0.0,"max_hp_gain":0.0,"max_hp_loss":0.0,"gold_gain":0.0,"event_name":"Falling","player_choice":"Removed Attack","floor":36.0,"gold_loss":0.0,"damage_taken":0.0},{"damage_healed":0.0,"max_hp_gain":0.0,"max_hp_loss":0.0,"gold_gain":0.0,"event_name":"Tomb of Lord Red Mask","player_choice":"Ignored","floor":37.0,"gold_loss":0.0,"damage_taken":0.0},{"damage_healed":0.0,"max_hp_gain":0.0,"max_hp_loss":0.0,"gold_gain":0.0,"event_name":"Lab","player_choice":"Got Potions","floor":38.0,"gold_loss":0.0,"damage_taken":0.0}],"is_beta":false,"boss_relics":[{"not_picked":["Mark of Pain","Tiny House"],"picked":"Snecko Eye"},{"not_picked":["Busted Crown","Empty Cage"],"picked":"Black Star"}],"items_purged_floors":[],"is_endless":false,"potions_floor_spawned":[2,4,5,10,16,18,24,28,31,35,39],"ascension_level":12}}