{"host":"ewns8ifhbubwkcum","time":1613084060,"event":{"mods":["BaseMod","Block Reminder","Colored Map","Colored Powertips","Downfall","Highlight Path","Minty Spire (QoL Compilation)","Permanent Neow","Quick Restart","Random Character Button","StSLib"],"gold_per_floor":[99,119,132,142,5,5,30,130,30,45,45,80,80,112,124,228,278,178,191,208,208,208,242,269,269,302,302,302,142,142,142,142,142],"floor_reached":31,"language":"ENG","playtime":2347,"items_purged":[],"score":411,"play_id":"feaec5b3-d7be-40b7-923f-f932ae61e22c","local_time":"20210211165420","is_ascension_mode":true,"campfire_choices":[{"floor":1.0,"key":"RECALL"},{"data":"Noxious Fumes","floor":9.0,"key":"SMITH"},{"data":"sneckomod:MorePower","floor":11.0,"key":"SMITH"},{"data":"Armaments","floor":25.0,"key":"SMITH"},{"data":"sneckomod:UnendingSupply","floor":27,"key":"SMITH"}],"circlet_count":0,"master_deck":["sneckomod:Strike","sneckomod:Strike+1","sneckomod:Strike","sneckomod:Defend","sneckomod:Defend","sneckomod:Defend","sneckomod:TailWhip","sneckomod:SnekBite","sneckomod:Unknown2Cost","sneckomod:UnknownBlock","sneckomod:SlitherStrike","Noxious Fumes+1","sneckomod:MorePower+1","Machine Learning","sneckomod:UnknownRareAttack+1","Glacier","sneckomod:UnknownRareAttack+1","sneckomod:UnknownDraw+1","sneckomod:DiceBlock","sneckomod:Cheat","sneckomod:SoulDraw","Reprogram+1","Armaments+1","sneckomod:UnknownBlock+1","sneckomod:UnknownWeak","sneckomod:UnknownClassRED+1","sneckomod:UnendingSupply+1","sneckomod:UnknownClassRED+1","sneckomod:UnknownColorless+1","Echo Form+1","sneckomod:UnknownRarePower+1","sneckomod:SerpentIdol"],"relics":["sneckomod:SneckoSoul","Torii","sneckomod:LoadedDie","downfall:HeartBlessingRed","WingedGreaves","Omamori","Tiny House","downfall:HeartBlessingGreen","Enchiridion","FossilizedHelix","hexamod:BolsterEngine","CaptainsWheel","OrangePellets"],"acts_visited":["Exordium","TheCity"],"potions_floor_usage":[26,26],"damage_taken":[{"damage":0.0,"enemies":"2 Louse","floor":2.0,"turns":2.0},{"damage":1.0,"enemies":"Cultist","floor":3.0,"turns":4.0},{"damage":0.0,"enemies":"Small Slimes","floor":4.0,"turns":2.0},{"damage":0.0,"enemies":"downfall:FleeingMerchant","floor":5.0,"turns":4.0},{"damage":1.0,"enemies":"Blue Slaver","floor":10.0,"turns":3.0},{"damage":20.0,"enemies":"3 Sentries","floor":12.0,"turns":9.0},{"damage":11.0,"enemies":"Lagavulin","floor":14.0,"turns":7.0},{"damage":1.0,"enemies":"2 Fungi Beasts","floor":15.0,"turns":3.0},{"damage":0.0,"enemies":"SI_SHIV_ARCHETYPE","floor":16.0,"turns":9.0},{"damage":23.0,"enemies":"Spheric Guardian","floor":19.0,"turns":5.0},{"damage":12.0,"enemies":"Snecko","floor":20.0,"turns":7.0},{"damage":17.0,"enemies":"Book of Stabbing","floor":23.0,"turns":7.0},{"damage":9,"enemies":"Gremlin Leader","floor":26,"turns":4},{"damage":2,"enemies":"downfall:FleeingMerchant","floor":29,"turns":4},{"damage":15,"enemies":"Book of Stabbing","floor":31,"turns":4}],"seed_played":"2051953763655113343","potions_obtained":[{"floor":2.0,"key":"Strength Potion"},{"floor":3.0,"key":"sneckomod:MuddlingPotion"},{"floor":4.0,"key":"sneckomod:OffclassReductionPotion"},{"floor":14.0,"key":"sneckomod:DiceRollPotion"},{"floor":17.0,"key":"Ancient Potion"},{"floor":20.0,"key":"EssenceOfSteel"},{"floor":26,"key":"Block Potion"},{"floor":30,"key":"CultistPotion"}],"is_trial":false,"path_per_floor":["R","M","M","M","$","R","T","?","R","M","R","E","R","E","M","B",null,"R","M","M","?","?","E","T","R","E","R","R","$","?","E"],"character_chosen":"THE_SNECKO","items_purchased":["sneckomod:SlitherStrike","sneckomod:UnknownBlock","OrangePellets"],"campfire_rested":0,"item_purchase_floors":[5,5,29],"current_hp_per_floor":[63,63,62,62,62,62,62,62,62,61,61,41,41,30,29,29,80,80,61,57,57,41,24,24,24,15,15,15,13,13,0,0,0],"gold":142,"neow_bonus":"ONE_RARE_RELIC","is_daily":false,"chose_seed":false,"campfire_upgraded":4,"win_rate":0.0,"timestamp":1613084060,"path_taken":["R","M","M","M","$","R","T","?","R","?","R","E","R","E","M","BOSS","R","M","M","?","?","E","T","R","E","R","R","$","?","E"],"items_purchased_type":["Card","Card","Relic"],"build_version":"2020-12-22","purchased_purges":0,"victory":false,"max_hp_per_floor":[90,90,90,90,90,90,90,90,90,90,90,90,90,90,90,90,95,95,99,99,99,99,99,99,99,99,99,99,99,99,99,99,99],"card_choices":[{"not_picked":["sneckomod:UnknownUncommonSkill","sneckomod:ImprovisedGuard"],"picked":"sneckomod:Memorize","floor":2.0},{"not_picked":["sneckomod:ImprovisedAttack","sneckomod:QuickMove"],"picked":"sneckomod:UnknownBlock","floor":3.0},{"not_picked":["sneckomod:UnknownCommonAttack","sneckomod:QuickMove"],"picked":"sneckomod:Unknown2Cost","floor":4.0},{"not_picked":["sneckomod:Nope","sneckomod:TrashToTreasure"],"picked":"sneckomod:UnknownBlock","floor":5.0},{"not_picked":["sneckomod:Unknown1Cost","sneckomod:QuickBite"],"picked":"sneckomod:MorePower","floor":10.0},{"not_picked":["sneckomod:UnknownStrength+1","sneckomod:Unknown0Cost+1"],"picked":"sneckomod:UnknownRareAttack+1","floor":12.0},{"not_picked":["sneckomod:UnknownUncommonAttack","sneckomod:PureSnecko","sneckomod:UnknownCommonAttack"],"picked":"SKIP","floor":12.0},{"not_picked":["sneckomod:UnknownX+1","sneckomod:UnknownCommonAttack+1"],"picked":"sneckomod:UnknownRareAttack+1","floor":14.0},{"not_picked":["sneckomod:DiceBlock","sneckomod:QuickMove"],"picked":"sneckomod:Memorize","floor":14.0},{"not_picked":["sneckomod:Unknown1Cost+1","sneckomod:UnknownRareSkill+1"],"picked":"sneckomod:UnknownDraw+1","floor":15.0},{"not_picked":["sneckomod:UnknownDraw","sneckomod:UnknownBlock"],"picked":"sneckomod:DiceBlock","floor":15.0},{"not_picked":["sneckomod:UnknownUncommonSkill+1","sneckomod:Unknown3Cost+1"],"picked":"sneckomod:UnknownStrength+1","floor":16.0},{"not_picked":["sneckomod:UnknownRareSkill","sneckomod:Mudshield"],"picked":"sneckomod:Cheat","floor":16.0},{"not_picked":["sneckomod:QuickMove","sneckomod:WideSting"],"picked":"sneckomod:SoulDraw","floor":17.0},{"not_picked":["sneckomod:UnknownBoss+1","sneckomod:UnknownStrike+1"],"picked":"sneckomod:UnknownBlock+1","floor":19.0},{"not_picked":["sneckomod:UnknownClassGREEN","sneckomod:WideSting"],"picked":"sneckomod:UnknownWeak","floor":19.0},{"not_picked":["sneckomod:UnknownColorless+1","sneckomod:UnknownUncommonPower+1"],"picked":"sneckomod:UnknownClassRED+1","floor":20.0},{"not_picked":["sneckomod:Unknown1Cost","sneckomod:UnknownClassGREEN"],"picked":"sneckomod:UnendingSupply","floor":20.0},{"not_picked":["sneckomod:UnknownStrike+1","sneckomod:Unknown2Cost+1"],"picked":"sneckomod:UnknownClassRED+1","floor":23.0},{"not_picked":["sneckomod:Unknown1Cost","sneckomod:UnknownClassRED","sneckomod:Cheat"],"picked":"SKIP","floor":23.0},{"not_picked":["sneckomod:Unknown0Cost+1","sneckomod:Unknown1Cost+1"],"picked":"sneckomod:UnknownRarePower+1","floor":26},{"not_picked":["sneckomod:QuickMove","sneckomod:UnknownUncommonPower"],"picked":"sneckomod:UnknownColorless+1","floor":26},{"not_picked":["sneckomod:UnknownVulnerable+1","sneckomod:UnknownDexterity+1"],"picked":"sneckomod:UnknownRarePower+1","floor":29},{"not_picked":["sneckomod:UnknownStrike","sneckomod:Unknown3Cost"],"picked":"sneckomod:SerpentIdol","floor":29}],"player_experience":1174893,"relics_obtained":[{"floor":7.0,"key":"sneckomod:LoadedDie"},{"floor":12.0,"key":"WingedGreaves"},{"floor":14.0,"key":"Omamori"},{"floor":22.0,"key":"Enchiridion"},{"floor":23.0,"key":"FossilizedHelix"},{"floor":24.0,"key":"hexamod:BolsterEngine"},{"floor":26,"key":"CaptainsWheel"}],"event_choices":[{"damage_healed":0.0,"max_hp_gain":0.0,"max_hp_loss":0.0,"gold_gain":100.0,"event_name":"Wheel of Change","player_choice":"Gold","floor":8.0,"gold_loss":0.0,"damage_taken":0.0},{"damage_healed":0.0,"max_hp_gain":0.0,"max_hp_loss":0.0,"gold_gain":0.0,"event_name":"Ghosts","player_choice":"Ignored","floor":21.0,"gold_loss":0.0,"damage_taken":0.0}],"is_beta":false,"boss_relics":[{"not_picked":["expansioncontent:StudyCardRelic","bronze:MakeshiftBattery"],"picked":"Tiny House"}],"items_purged_floors":[],"is_endless":false,"potions_floor_spawned":[2,3,4,14,20,23,26],"killed_by":"Book of Stabbing","ascension_level":5}}