{"host":"ln8zowmpyx5bxamj","time":1613073273,"event":{"mods":["Act Like it!","BaseMod","CapriCore","Colored Map","Conspire","Gensokyo","GifTheSpireLib","Hallownest","Hubris","KomeijiMod","Minty Spire (QoL Compilation)","Permanent Neow","Replay The Spire","StSLib","The Immortal","Uncapped","Yuyuko"],"gold_per_floor":[110,124,124,140,60,60,89,89,89,89,101,101,117,134,134,231,231,251,251,19,36,9,44,44,67,67,77,77,77,77,77],"floor_reached":30,"language":"ENG","playtime":2654,"items_purged":[],"score":248,"play_id":"dfdfe305-c85c-425b-b137-2e2db9f5c7ec","local_time":"20210211135433","is_ascension_mode":false,"campfire_choices":[{"floor":8,"key":"REST"},{"data":"GasuOrimono","floor":10,"key":"SMITH"},{"data":"KeiseiJin+1","floor":12,"key":"SWEEP"},{"data":"ShyakuBuku","floor":15,"key":"SMITH"},{"floor":24,"key":"REST"},{"floor":29,"key":"REST"}],"circlet_count":0,"master_deck":["Strike_Komeiji","Strike_Komeiji","Strike_Komeiji","Strike_Komeiji","Defend_Komeiji","Defend_Komeiji","Defend_Komeiji","Defend_Komeiji","Sabishigari+1","KokorosuKi+1","JyouchiJin+1","GasuOrimono+1","AbyssNova+1","KeiseiJin+1","KimairaNoYoku+1","AbyssNova","hubris:DuctTapeCard","hubris:Compulsion","hubris:Compulsion","Melting","GasuOrimono","HagoromoMizu+1","CS_Komachi","RikonNoKama+1","InscribeRedSoul","Shame"],"relics":["KomeijisEye","SpellCardsRule","MusicBox","Pen Nib","Gremlin Food","conspire:DecoderRing","Replay:Ancient Bell","Replay:Mystery Machine","hubris:DuctTape","hubris:BundleOfHerbs","Sling","ColorfulQuillpen","CrystalOfMemory","Bronze Scales","Kunai","WarpedTongs"],"acts_visited":["Exordium","Hallownest:Greenpath"],"potions_floor_usage":[13,14,23,27,30],"damage_taken":[{"damage":0,"enemies":"Hallownest:monsterHuskWarrior","floor":1,"turns":8},{"damage":1,"enemies":"Hallownest:2_Tiktiks_and_1_Crawlid","floor":2,"turns":5},{"damage":0,"enemies":"Hallownest:2_MossCreeps","floor":4,"turns":4},{"damage":17,"enemies":"Hallownest:eliteCrystalGuardian","floor":7,"turns":6},{"damage":6,"enemies":"Hallownest:monsterMossCharger","floor":11,"turns":3},{"damage":4,"enemies":"Hallownest:1_Ooma_and_2_Uuma","floor":13,"turns":6},{"damage":0,"enemies":"Hallownest:monsterFoolEater","floor":14,"turns":4},{"damage":8,"enemies":"Hallownest:BossBrokenVessel","floor":16,"turns":6},{"damage":10,"enemies":"Hallownest:2_Mistakes","floor":18,"turns":5},{"damage":39,"enemies":"Hallownest:Guard_and_Sentry","floor":21,"turns":7},{"damage":11,"enemies":"Hallownest:Nosk","floor":23,"turns":9},{"damage":23,"enemies":"Hallownest:Master_and_Novice","floor":27,"turns":5},{"damage":23,"enemies":"Hallownest:eliteWatcherKnight","floor":30,"turns":4}],"seed_played":"-3020149645910204613","potions_obtained":[{"floor":11,"key":"LiquidMemories"},{"floor":13,"key":"Explosive Potion"},{"floor":16,"key":"Toxic Potion"},{"floor":21,"key":"SpeedPotion"},{"floor":27,"key":"Block Potion"}],"is_trial":false,"path_per_floor":["M","M","?","M","$","?","E","R","T","R","M","R","M","M","R","B",null,"M","?","$","M","$","E","R","T","T","M","?","R","E"],"character_chosen":"KomeijiSatori","items_purchased":["GasuOrimono","Sling","GasuOrimono","RikonNoKama+1"],"campfire_rested":3,"item_purchase_floors":[5,20,20,22],"current_hp_per_floor":[50,49,49,49,49,49,33,48,48,48,46,50,46,46,46,42,50,40,36,36,12,12,5,20,20,20,5,5,20,0,0],"gold":77,"neow_bonus":"RANDOM_COMMON_RELIC","is_daily":false,"chose_seed":false,"campfire_upgraded":2,"win_rate":0.0,"timestamp":1613073273,"path_taken":["M","M","?","M","$","?","E","R","T","R","M","R","M","M","R","BOSS","M","?","?","M","$","E","R","?","T","M","?","R","E"],"items_purchased_type":["Card","Relic","Card","Card"],"build_version":"2020-12-22","purchased_purges":0,"victory":false,"max_hp_per_floor":[50,50,50,50,50,50,50,50,50,50,50,50,50,50,50,50,50,50,50,50,50,50,50,50,50,50,50,50,50,50,50],"card_choices":[{"not_picked":["KinbakuJin+1","NingyouShinki+1"],"picked":"Sabishigari+1","floor":1},{"not_picked":["DochyakuKami+1","KouPou+1"],"picked":"KokorosuKi+1","floor":2},{"not_picked":["ArtfulChanter","SeekerWire+1"],"picked":"JyouchiJin+1","floor":4},{"not_picked":["HagoromoMizu","DemonsDinnerFork"],"picked":"AbyssNova","floor":7},{"not_picked":["KeiseiJin+1","ArtfulChanter"],"picked":"KinbakuJin+1","floor":11},{"not_picked":["KeiseiJin+1","Agarareta+1"],"picked":"KimairaNoYoku","floor":13},{"not_picked":["NingyouKisou+1","SeekerDolls"],"picked":"ShyakuBuku","floor":14},{"not_picked":["EverywhereHibernate","TerribleSouvenir"],"picked":"AbyssNova","floor":16},{"not_picked":["hubris:Sloth","Hallucinations"],"picked":"ReplayTheSpireMod:Splinters","floor":17},{"not_picked":["Replay:Hysterical Blindness","hubris:Wrath"],"picked":"hubris:Compulsion","floor":17},{"not_picked":["CurseOfTheBell","conspire:NecroticWound"],"picked":"hubris:Compulsion","floor":17},{"not_picked":["KouPou+1","NingyouYunhei+1"],"picked":"Melting","floor":18},{"not_picked":["ShyakuBuku+1","NingyouKisou+1"],"picked":"HagoromoMizu","floor":21},{"not_picked":["MiraiBunraku","NingyouFukuhei+1"],"picked":"InscribeRedSoul","floor":23},{"not_picked":["Sabishigari+1","NingyouKisou+1","SeekerDolls"],"picked":"SKIP","floor":27}],"player_experience":328345,"relics_obtained":[{"floor":7,"key":"Gremlin Food"},{"floor":9,"key":"conspire:DecoderRing"},{"floor":23,"key":"ColorfulQuillpen"},{"floor":23,"key":"CrystalOfMemory"},{"floor":25,"key":"Bronze Scales"},{"floor":26,"key":"Kunai"}],"event_choices":[{"damage_healed":0,"gold_gain":0,"player_choice":"Leave","damage_taken":0,"max_hp_gain":0,"max_hp_loss":0,"event_name":"conspire:Investor","floor":6,"gold_loss":0}],"is_beta":false,"boss_relics":[{"not_picked":["SacredBark","hubris:CrackedHourglass"],"picked":"Replay:Ancient Bell"},{"not_picked":["Simple Rune","Grinning Jar"],"picked":"Replay:Mystery Machine"},{"not_picked":["hubris:DeckOfHolding","Frozen Egg 2"],"picked":"hubris:DuctTape"},{"not_picked":["Turnip","conspire:InfiniteJournal"],"picked":"hubris:BundleOfHerbs"}],"items_purged_floors":[],"is_endless":false,"potions_floor_spawned":[11,13,16,21,27],"killed_by":"Hallownest:eliteWatcherKnight","ascension_level":0}}