{"host":"opgesw7sb5n0ordz","time":1613024310,"event":{"mods":["BaseMod","Better Note","Colored Powertips","Curses Come First","Downfall","Minty Spire (QoL Compilation)","Relic Stats","StSLib","Unceasing Turn Reminder"],"gold_per_floor":[119,138,138,103,128,171,171,26,26,59,72,72,111,135,135,135,135],"floor_reached":16,"language":"ENG","playtime":647,"items_purged":[],"score":144,"play_id":"ea5f790c-7a1d-4be0-b1d1-474b862d43c3","local_time":"20210211011830","is_ascension_mode":true,"campfire_choices":[{"data":"Flex","floor":7,"key":"SMITH"},{"floor":12,"key":"REST"},{"data":"Limit Break","floor":15,"key":"SMITH"}],"circlet_count":0,"master_deck":["Strike_R","Strike_R","Strike_R","Strike_R","Defend_R","Defend_R","Defend_R","Bash","Limit Break+1","Limit Break","True Grit","Flex+1","Heavy Blade","Reckless Charge","Whirlwind","Feel No Pain","Power Through","True Grit","Fire Breathing","Twin Strike","Whirlwind","Barricade"],"relics":["Burning Blood","Golden Idol","Shuriken","Orrery","Anchor","Pen Nib","PreservedInsect"],"acts_visited":["Exordium"],"potions_floor_usage":[16],"damage_taken":[{"damage":10,"enemies":"Jaw Worm","floor":1,"turns":5},{"damage":1,"enemies":"2 Louse","floor":2,"turns":3},{"damage":16,"enemies":"Small Slimes","floor":5,"turns":4},{"damage":33,"enemies":"Lagavulin","floor":6,"turns":5},{"damage":14,"enemies":"3 Sentries","floor":10,"turns":9},{"damage":0,"enemies":"3 Louse","floor":11,"turns":3},{"damage":9,"enemies":"Gremlin Nob","floor":13,"turns":3},{"damage":0,"enemies":"Looter","floor":14,"turns":2},{"damage":48,"enemies":"Hexaghost","floor":16,"turns":8}],"seed_played":"-8958860431492921357","potions_obtained":[{"floor":2,"key":"DistilledChaos"},{"floor":10,"key":"SmokeBomb"}],"is_trial":false,"path_per_floor":["M","M","?","?","M","E","R","$","T","E","M","R","E","M","R","B"],"character_chosen":"IRONCLAD","items_purchased":["Orrery"],"campfire_rested":1,"item_purchase_floors":[8],"current_hp_per_floor":[52,57,37,57,47,20,20,20,20,12,18,42,39,45,45,0,0],"gold":135,"neow_bonus":"TRANSFORM_TWO_CARDS","is_daily":false,"chose_seed":false,"campfire_upgraded":2,"win_rate":0.0,"timestamp":1613024310,"path_taken":["M","M","?","?","M","E","R","$","T","E","M","R","E","M","R","BOSS"],"items_purchased_type":["Relic"],"build_version":"2020-12-22","purchased_purges":0,"victory":false,"max_hp_per_floor":[80,80,80,80,80,80,80,80,80,80,80,80,80,80,80,80,80],"relic_stats":{"counters":[9,42],"Golden Idol":37,"Shuriken":[4],"Pen Nib":[2],"PreservedInsect":0,"obtain_stats":[{"Anchor":9,"Golden Idol":3,"Shuriken":6,"Orrery":8,"Pen Nib":10,"PreservedInsect":13,"Burning Blood":0},{"Anchor":4,"Golden Idol":2,"Shuriken":4,"Orrery":4,"Pen Nib":5,"PreservedInsect":7,"Burning Blood":0},{"Anchor":17,"Golden Idol":8,"Shuriken":17,"Orrery":17,"Pen Nib":26,"PreservedInsect":32,"Burning Blood":0}],"Burning Blood":48},"card_choices":[{"not_picked":["Armaments","Clash"],"picked":"True Grit","floor":1},{"not_picked":["Seeing Red","Thunderclap"],"picked":"Flex","floor":2},{"not_picked":["Metallicize","Iron Wave"],"picked":"Heavy Blade","floor":5},{"not_picked":["Perfected Strike","Iron Wave"],"picked":"Reckless Charge","floor":6},{"not_picked":["Perfected Strike","Iron Wave"],"picked":"Whirlwind","floor":8},{"not_picked":["Havoc","Heavy Blade"],"picked":"Feel No Pain","floor":8},{"not_picked":["Infernal Blade","Wild Strike"],"picked":"Power Through","floor":8},{"not_picked":["Twin Strike","Metallicize"],"picked":"True Grit","floor":8},{"not_picked":["Pummel","Iron Wave"],"picked":"Fire Breathing","floor":10},{"not_picked":["Wild Strike","Iron Wave"],"picked":"Twin Strike","floor":11},{"not_picked":["Iron Wave","Clash"],"picked":"Whirlwind","floor":13},{"not_picked":["Clash","Power Through"],"picked":"Barricade","floor":14}],"player_experience":753518,"relics_obtained":[{"floor":6,"key":"Shuriken"},{"floor":9,"key":"Anchor"},{"floor":10,"key":"Pen Nib"},{"floor":13,"key":"PreservedInsect"}],"event_choices":[{"damage_healed":0,"gold_gain":0,"player_choice":"Take Damage","damage_taken":20,"relics_obtained":["Golden Idol"],"max_hp_gain":0,"max_hp_loss":0,"event_name":"Golden Idol","floor":3,"gold_loss":0},{"damage_healed":20,"gold_gain":0,"player_choice":"Healed","damage_taken":0,"max_hp_gain":0,"max_hp_loss":0,"event_name":"The Cleric","floor":4,"gold_loss":35}],"is_beta":false,"boss_relics":[],"items_purged_floors":[],"is_endless":false,"potions_floor_spawned":[2,10],"killed_by":"Hexaghost","ascension_level":4}}