{"host":"htqwg582tjjtn9p7","time":1613073966,"event":{"mods":["2.2 Compatiblity","AchievementEnabler","Act Like it!","Aspiration","BaseMod","Better Third Choice","Colored Map","Conspire","Curses Come First","Displayed Cursed Tome","Energized Spire","Force Act Four","Fox Events","GifTheSpireLib","Hermit","Highlight Path","JesterMod","Mad Scientist","Minty Spire (QoL Compilation)","Pale of the Ancients","Permanent Neow","Random Character Button","Relic Stats","Reliquary","Replay The Spire","Robot Space Explorer","Somnambulant","Spicy Shops","Spikes Relics","StSLib","Stuff the Spire","The Blue Laboratory","The Bug Knight","The Forsaken","The Gatherer","The Judge","The Jungle","The Marked","The Runesmith","The Servant 0.9.4","Uncapped"],"gold_per_floor":[114,62,73,90,110,110,110,110,110],"floor_reached":8,"language":"ENG","playtime":288,"items_purged":[],"score":70,"play_id":"96835663-3572-431f-bdfe-15785a2b90fc","local_time":"20210211210606","is_ascension_mode":true,"campfire_choices":[{"floor":6,"key":"REST"}],"circlet_count":0,"master_deck":["Strike_P","Strike_P","Strike_P","Strike_P","Defend_P","Defend_P","Defend_P","Defend_P","Eruption","Vigilance","CutThroughFate","Conclude","Consecrate","Prostrate"],"relics":["PureWater","Golden Idol"],"acts_visited":["Exordium"],"potions_floor_usage":[8],"damage_taken":[{"damage":3,"enemies":"conspire:RoseBush","floor":1,"turns":5},{"damage":0,"enemies":"Small Slimes","floor":3,"turns":2},{"damage":5,"enemies":"Jaw Worm","floor":4,"turns":4},{"damage":23,"enemies":"Exordium Thugs","floor":5,"turns":6},{"damage":66,"enemies":"Gremlin Nob","floor":8,"turns":3}],"seed_played":"7087056244813278781","potions_obtained":[{"floor":5,"key":"Swift Potion"}],"is_trial":false,"path_per_floor":["M","$","M","M","M","R","?","E"],"character_chosen":"WATCHER","items_purchased":["Consecrate"],"campfire_rested":1,"item_purchase_floors":[2],"current_hp_per_floor":[62,62,62,57,34,55,55,0,0],"gold":110,"neow_bonus":"THREE_CARDS","is_daily":false,"chose_seed":false,"campfire_upgraded":0,"win_rate":0.0,"timestamp":1613073966,"path_taken":["M","$","M","M","M","R","?","E"],"items_purchased_type":["Card"],"build_version":"2020-12-22","purchased_purges":0,"victory":false,"max_hp_per_floor":[72,72,72,72,72,72,67,67,67],"relic_stats":{"counters":[5,20],"Golden Idol":0,"obtain_stats":[{"Golden Idol":7,"PureWater":0},{"Golden Idol":4,"PureWater":0},{"Golden Idol":17,"PureWater":0}]},"card_choices":[{"not_picked":["Replay:ManipulateFuture","FlurryOfBlows"],"picked":"CutThroughFate","floor":0},{"not_picked":["JustLucky","FollowUp"],"picked":"Conclude","floor":1},{"not_picked":["CarveReality","EmptyMind","Protect"],"picked":"SKIP","floor":3},{"not_picked":["Replay:DivineShield","CarveReality"],"picked":"Prostrate","floor":4},{"not_picked":["Replay:Battleflow","PathToVictory","ClearTheMind"],"picked":"SKIP","floor":5}],"player_experience":2019794,"relics_obtained":[],"event_choices":[{"damage_healed":0,"gold_gain":0,"player_choice":"Lose Max HP","damage_taken":0,"relics_obtained":["Golden Idol"],"max_hp_gain":0,"max_hp_loss":5,"event_name":"Golden Idol","floor":7,"gold_loss":0}],"is_beta":false,"boss_relics":[],"items_purged_floors":[],"is_endless":false,"potions_floor_spawned":[5],"killed_by":"Gremlin Nob","ascension_level":9}}