{"host":"2qv44oxt58ptq59r","time":1613071229,"event":{"mods":["AchievementEnabler","BaseMod","Colored Powertips","Highlight Path","Minty Spire (QoL Compilation)","Permanent Neow","StSLib"],"gold_per_floor":[116,116,127,138,8,8,8,40,40,40,86,101,115,146,146,247,247,263,253,138,148,45,45,45,45,99,9,27,27,27,27],"floor_reached":30,"language":"ENG","playtime":9899,"items_purged":["Strike_R"],"score":321,"play_id":"2f50d23d-fac2-4a50-bb3f-2f719537bb9d","local_time":"20210211192029","is_ascension_mode":true,"campfire_choices":[{"data":"Bash","floor":6,"key":"SMITH"},{"data":"Shockwave","floor":10,"key":"SMITH"},{"data":"Metallicize","floor":15,"key":"SMITH"},{"floor":23,"key":"RECALL"},{"data":"Inflame","floor":25,"key":"SMITH"}],"circlet_count":0,"master_deck":["Strike_R","Strike_R","Defend_R","Defend_R","Defend_R","Defend_R","Bash+1","Rage","Metallicize","Second Wind","Clothesline+1","Metallicize+1","Shockwave+1","Feel No Pain","Cleave","Exhume","CurseOfTheBell","Clothesline+1","Feel No Pain+1","Intimidate","Heavy Blade","Inflame+1","Body Slam"],"relics":["Burning Blood","Paper Frog","White Beast Statue","Red Skull","StrikeDummy","Calling Bell","Juzu Bracelet","Pear","Champion Belt","Smiling Mask"],"acts_visited":["Exordium","TheCity"],"potions_floor_usage":[8,12,13,18,19,21,28,28,28,30],"damage_taken":[{"damage":7.0,"enemies":"Jaw Worm","floor":1.0,"turns":5.0},{"damage":1.0,"enemies":"Cultist","floor":3.0,"turns":5.0},{"damage":5,"enemies":"Small Slimes","floor":4,"turns":4},{"damage":11,"enemies":"Lagavulin","floor":8,"turns":13},{"damage":5,"enemies":"Exordium Wildlife","floor":12,"turns":5},{"damage":12,"enemies":"Lots of Slimes","floor":13,"turns":7},{"damage":21,"enemies":"3 Sentries","floor":14,"turns":8},{"damage":47,"enemies":"The Guardian","floor":16,"turns":13},{"damage":17,"enemies":"Chosen","floor":18,"turns":9},{"damage":25,"enemies":"2 Thieves","floor":19,"turns":5},{"damage":15,"enemies":"Snecko","floor":21,"turns":7},{"damage":21,"enemies":"Centurion and Healer","floor":28,"turns":3},{"damage":41,"enemies":"Gremlin Leader","floor":30,"turns":5}],"seed_played":"-8599688567009383170","potions_obtained":[{"floor":3,"key":"BlessingOfTheForge"},{"floor":8,"key":"DistilledChaos"},{"floor":12,"key":"BloodPotion"},{"floor":13,"key":"ElixirPotion"},{"floor":14,"key":"FearPotion"},{"floor":16,"key":"Energy Potion"},{"floor":18,"key":"SkillPotion"},{"floor":19,"key":"SkillPotion"},{"floor":21,"key":"ColorlessPotion"},{"floor":28,"key":"SkillPotion"}],"is_trial":false,"path_per_floor":["M","?","M","M","$","R","?","E","T","R","T","M","M","E","R","B",null,"M","M","?","M","$","R","?","R","T","?","M","$","E"],"character_chosen":"IRONCLAD","items_purchased":["Regen Potion","Dexterity Potion","Heavy Blade"],"campfire_rested":0,"item_purchase_floors":[5,5,22],"current_hp_per_floor":[71,71,76,77,77,77,77,72,72,72,72,73,80,65,65,24,76,65,46,46,52,52,52,52,52,52,52,37,37,0,0],"gold":27,"neow_bonus":"THREE_CARDS","is_daily":false,"chose_seed":false,"campfire_upgraded":4,"win_rate":0.0,"timestamp":1613071229,"path_taken":["M","?","?","M","$","R","?","E","T","R","?","M","?","E","R","BOSS","M","M","?","M","$","R","?","R","T","?","M","$","E"],"items_purchased_type":["Potion","Potion","Card"],"build_version":"2020-12-22","purchased_purges":1,"victory":false,"max_hp_per_floor":[80,80,80,80,80,80,80,80,80,80,80,80,80,80,80,80,90,90,90,90,90,90,90,90,90,90,90,90,90,90,90],"card_choices":[{"not_picked":["Ghostly Armor","Clash"],"picked":"Rage","floor":0.0},{"not_picked":["Body Slam","Heavy Blade"],"picked":"Metallicize","floor":1.0},{"not_picked":["Body Slam","Warcry"],"picked":"Clothesline","floor":3},{"not_picked":["Iron Wave","Clash"],"picked":"Metallicize","floor":4},{"not_picked":["Rupture","Entrench"],"picked":"Shockwave","floor":8},{"not_picked":["Flame Barrier","Armaments","Anger"],"picked":"SKIP","floor":12},{"not_picked":["Flame Barrier","Heavy Blade"],"picked":"Feel No Pain","floor":13},{"not_picked":["Warcry","Infernal Blade"],"picked":"Cleave","floor":14},{"not_picked":["Corruption","Double Tap"],"picked":"Exhume","floor":16},{"not_picked":["Burning Pact","Dual Wield"],"picked":"Clothesline+1","floor":18},{"not_picked":["Havoc","Heavy Blade"],"picked":"Feel No Pain","floor":19},{"not_picked":["Pommel Strike","Immolate"],"picked":"Intimidate","floor":21},{"not_picked":["Bloodletting","Perfected Strike"],"picked":"Body Slam","floor":28}],"player_experience":5671722,"relics_obtained":[{"floor":8,"key":"Paper Frog"},{"floor":9,"key":"White Beast Statue"},{"floor":11,"key":"Red Skull"},{"floor":14,"key":"StrikeDummy"},{"floor":17,"key":"Juzu Bracelet"},{"floor":17,"key":"Pear"},{"floor":17,"key":"Champion Belt"}],"event_choices":[{"damage_healed":0.0,"max_hp_gain":0.0,"max_hp_loss":0.0,"gold_gain":0.0,"cards_transformed":["Strike_R"],"event_name":"Transmorgrifier","player_choice":"Transformed","floor":2.0,"gold_loss":0.0,"damage_taken":0.0,"cards_obtained":["Second Wind"]},{"damage_healed":0,"gold_gain":0,"player_choice":"Grow","damage_taken":0,"max_hp_gain":0,"max_hp_loss":0,"event_name":"Living Wall","floor":7,"gold_loss":0,"cards_upgraded":["Clothesline"]},{"damage_healed":0,"gold_gain":0,"player_choice":"Paid Gold","damage_taken":0,"relics_obtained":["Smiling Mask"],"max_hp_gain":0,"max_hp_loss":0,"event_name":"WeMeetAgain","floor":20,"gold_loss":115},{"damage_healed":0,"gold_gain":0,"player_choice":"Read","damage_taken":0,"max_hp_gain":0,"max_hp_loss":0,"event_name":"The Library","floor":24,"gold_loss":0,"cards_obtained":["Inflame"]},{"cards_removed":["Strike_R"],"damage_healed":0,"gold_gain":0,"player_choice":"Upgrade and Remove","damage_taken":0,"max_hp_gain":0,"max_hp_loss":0,"event_name":"Designer","floor":27,"gold_loss":90,"cards_upgraded":["Feel No Pain"]}],"is_beta":false,"boss_relics":[{"not_picked":["Black Star","Fusion Hammer"],"picked":"Calling Bell"}],"items_purged_floors":[22],"is_endless":false,"potions_floor_spawned":[3,8,12,13,14,16,18,19,21,28],"killed_by":"Gremlin Leader","ascension_level":7}}