{"host":"r6jigiblrojhp6xe","time":1613028895,"event":{"mods":["AchievementEnabler","BaseMod","DeckTracker","Hermit","Minty Spire (QoL Compilation)","Quick Restart","Rare Cards Sparkle","Relic Stats","StSLib","SuperFastMode","everything is the same but u backflip on backflip"],"gold_per_floor":[115,132,132,152,152,180,180,180,180],"floor_reached":8,"language":"KOR","playtime":236,"items_purged":[],"score":112,"play_id":"4fff24a7-d8dd-4835-a2a3-825c36e384e4","local_time":"20210211163455","is_ascension_mode":true,"campfire_choices":[{"data":"Terror","floor":7,"key":"SMITH"}],"circlet_count":0,"master_deck":["AscendersBane","Strike_G","Strike_G","Strike_G","Defend_G","Defend_G","Defend_G","Survivor","Neutralize","PiercingWail","Crippling Poison","Reflex","Blade Dance","Predator","Finisher","Terror+1"],"relics":["Ring of the Snake","Vajra"],"acts_visited":["Exordium"],"potions_floor_usage":[6,8],"damage_taken":[{"damage":0,"enemies":"Cultist","floor":1,"turns":4},{"damage":0,"enemies":"Small Slimes","floor":2,"turns":3},{"damage":1,"enemies":"Jaw Worm","floor":4,"turns":4},{"damage":23,"enemies":"3 Sentries","floor":6,"turns":11},{"damage":39,"enemies":"Gremlin Nob","floor":8,"turns":3}],"seed_played":"-2356182852197757724","potions_obtained":[{"floor":1,"key":"DistilledChaos"},{"floor":4,"key":"FearPotion"}],"is_trial":false,"path_per_floor":["M","M","?","M","?","E","R","E"],"character_chosen":"THE_SILENT","items_purchased":[],"campfire_rested":0,"item_purchase_floors":[],"current_hp_per_floor":[44,44,44,43,43,20,20,0,0],"gold":180,"neow_bonus":"TRANSFORM_TWO_CARDS","is_daily":false,"chose_seed":false,"campfire_upgraded":1,"win_rate":0.0,"timestamp":1613028895,"path_taken":["M","M","?","?","?","E","R","E"],"items_purchased_type":[],"build_version":"2020-12-22","purchased_purges":0,"victory":false,"max_hp_per_floor":[66,66,66,66,66,66,66,66,66],"relic_stats":{"counters":[5,25],"obtain_stats":[{"Vajra":6,"Ring of the Snake":0},{"Vajra":4,"Ring of the Snake":0},{"Vajra":22,"Ring of the Snake":0}],"Ring of the Snake":[10]},"card_choices":[{"not_picked":["PiercingWail","Dagger Throw"],"picked":"Reflex","floor":1},{"not_picked":["Backflip","Calculated Gamble"],"picked":"Blade Dance","floor":2},{"not_picked":["Infinite Blades","Deadly Poison"],"picked":"Predator","floor":4},{"not_picked":["Underhanded Strike","Outmaneuver"],"picked":"Terror","floor":6}],"player_experience":608929,"relics_obtained":[{"floor":6,"key":"Vajra"}],"event_choices":[{"cards_removed":["Defend_G"],"damage_healed":0,"gold_gain":0,"player_choice":"Offered Basic","damage_taken":0,"max_hp_gain":0,"max_hp_loss":0,"event_name":"Bonfire Elementals","floor":3,"gold_loss":0},{"damage_healed":0,"gold_gain":0,"cards_transformed":["Strike_G"],"player_choice":"Change","damage_taken":0,"max_hp_gain":0,"max_hp_loss":0,"event_name":"Living Wall","floor":5,"gold_loss":0,"cards_obtained":["Finisher"]}],"is_beta":false,"boss_relics":[],"items_purged_floors":[],"is_endless":false,"potions_floor_spawned":[1,4],"killed_by":"Gremlin Nob","ascension_level":20}}