{"host":"kh6fvhxn285ncg0o","time":1613052653,"event":{"mods":["Act Like it!","BaseMod","Colored Map","Friendly Minions","Keyboard Shortcuts","Minty Spire (QoL Compilation)","Quick Restart","Relic Stats","StSLib","SuperFastMode","UnlockEverythingMod"],"gold_per_floor":[12,22,32,32,32,65,65,86,112,156,81,94,129,152,152,242,242,258,258,258,258,183,215,215,245,245,245,245,245],"floor_reached":28,"language":"KOR","playtime":697,"items_purged":["Strike_R"],"score":573,"play_id":"de1c1cb5-810a-4a52-bbba-38184a11315d","local_time":"20210211231053","is_ascension_mode":true,"campfire_choices":[{"data":"Feed","floor":7,"key":"SMITH"},{"data":"Flame Barrier","floor":15,"key":"SMITH"},{"data":"Immolate","floor":24,"key":"SMITH"}],"circlet_count":0,"master_deck":["AscendersBane","Strike_R","Defend_R","Defend_R+1","Defend_R","Defend_R+1","Bash+1","Heavy Blade+1","Pommel Strike+1","Battle Trance","Feed+1","Second Wind","Fire Breathing","Flame Barrier+1","Feel No Pain","Immolate+1","Shrug It Off"],"relics":["Burning Blood","Bloody Idol","War Paint","Whetstone","Pen Nib","Pantograph","Philosopher\u0027s Stone","Ice Cream","Calipers","Molten Egg 2"],"acts_visited":["Exordium","TheCity"],"potions_floor_usage":[12,13,16,23,23,23,25],"damage_taken":[{"damage":7,"enemies":"Jaw Worm","floor":1,"turns":5},{"damage":2,"enemies":"2 Louse","floor":2,"turns":3},{"damage":7,"enemies":"Small Slimes","floor":3,"turns":3},{"damage":35,"enemies":"Lagavulin","floor":6,"turns":6},{"damage":13,"enemies":"Blue Slaver","floor":8,"turns":3},{"damage":8,"enemies":"Gremlin Nob","floor":10,"turns":3},{"damage":8,"enemies":"3 Louse","floor":12,"turns":4},{"damage":20,"enemies":"Lagavulin","floor":13,"turns":5},{"damage":11,"enemies":"Large Slime","floor":14,"turns":6},{"damage":18,"enemies":"The Guardian","floor":16,"turns":12},{"damage":2,"enemies":"Chosen","floor":18,"turns":3},{"damage":20,"enemies":"Gremlin Leader","floor":23,"turns":4},{"damage":80,"enemies":"Book of Stabbing","floor":25,"turns":5},{"damage":23,"enemies":"Gremlin Leader","floor":28,"turns":2}],"seed_played":"9004433066386905908","potions_obtained":[{"floor":3,"key":"Fire Potion"},{"floor":6,"key":"BloodPotion"},{"floor":12,"key":"Dexterity Potion"},{"floor":14,"key":"CultistPotion"},{"floor":16,"key":"EntropicBrew"},{"floor":18,"key":"Swift Potion"}],"is_trial":false,"path_per_floor":["M","M","M","?","?","E","R","M","T","E","?","M","E","M","R","B",null,"M","?","?","T","$","E","R","E","T","?","E"],"character_chosen":"IRONCLAD","items_purchased":[],"campfire_rested":0,"item_purchase_floors":[],"current_hp_per_floor":[67,71,70,68,68,39,39,36,36,38,38,56,46,45,45,62,85,89,89,89,89,89,84,84,15,15,15,0,0],"gold":245,"neow_bonus":"TRANSFORM_TWO_CARDS","is_daily":false,"chose_seed":false,"campfire_upgraded":3,"win_rate":0.0,"timestamp":1613052653,"path_taken":["M","M","M","?","?","E","R","M","T","E","?","M","E","M","R","BOSS","M","?","?","?","$","E","R","E","T","?","E"],"items_purchased_type":[],"build_version":"2020-12-22","purchased_purges":1,"victory":false,"max_hp_per_floor":[75,75,75,68,68,68,68,72,72,76,76,80,84,88,88,92,92,92,92,92,92,92,96,96,96,96,96,96,96],"relic_stats":{"counters":[14,64],"Bloody Idol":10,"Pantograph":25,"Pen Nib":[4],"Whetstone":["Pommel Strike","Heavy Blade"],"War Paint":["Defend_R","Defend_R"],"obtain_stats":[{"Ice Cream":23,"Calipers":25,"Golden Idol":4,"Pantograph":13,"Bloody Idol":19,"Philosopher\u0027s Stone":17,"Molten Egg 2":26,"Pen Nib":10,"Whetstone":9,"War Paint":6,"Burning Blood":0},{"Ice Cream":12,"Calipers":13,"Golden Idol":3,"Pantograph":8,"Bloody Idol":11,"Philosopher\u0027s Stone":10,"Molten Egg 2":13,"Pen Nib":6,"Whetstone":5,"War Paint":4,"Burning Blood":0},{"Ice Cream":57,"Calipers":62,"Golden Idol":11,"Pantograph":32,"Bloody Idol":53,"Philosopher\u0027s Stone":50,"Molten Egg 2":62,"Pen Nib":23,"Whetstone":20,"War Paint":17,"Burning Blood":0}],"Burning Blood":78},"card_choices":[{"not_picked":["Headbutt","Clash"],"picked":"Battle Trance","floor":3},{"not_picked":["Rampage","Dark Embrace"],"picked":"Feed","floor":6},{"not_picked":["Warcry","Armaments","Anger"],"picked":"SKIP","floor":8},{"not_picked":["Cleave","Shrug It Off"],"picked":"Second Wind","floor":10},{"not_picked":["Pommel Strike","Sword Boomerang"],"picked":"Fire Breathing","floor":12},{"not_picked":["Sentinel","Entrench"],"picked":"Flame Barrier","floor":13},{"not_picked":["Shrug It Off","Sword Boomerang"],"picked":"Feel No Pain","floor":14},{"not_picked":["Fiend Fire","Berserk"],"picked":"Immolate","floor":16},{"not_picked":["Shrug It Off","Iron Wave","Wild Strike"],"picked":"SKIP","floor":18},{"not_picked":["Cleave","Spot Weakness","Second Wind+1"],"picked":"SKIP","floor":23},{"not_picked":["Twin Strike+1","Blood for Blood","Rupture"],"picked":"SKIP","floor":25}],"player_experience":1368639,"relics_obtained":[{"floor":6,"key":"War Paint"},{"floor":9,"key":"Whetstone"},{"floor":10,"key":"Pen Nib"},{"floor":13,"key":"Pantograph"},{"floor":23,"key":"Ice Cream"},{"floor":25,"key":"Calipers"},{"floor":26,"key":"Molten Egg 2"}],"event_choices":[{"damage_healed":0,"gold_gain":0,"player_choice":"Lose Max HP","damage_taken":0,"relics_obtained":["Golden Idol"],"max_hp_gain":0,"max_hp_loss":7,"event_name":"Golden Idol","floor":4,"gold_loss":0},{"damage_healed":0,"gold_gain":0,"player_choice":"Grow","damage_taken":0,"max_hp_gain":0,"max_hp_loss":0,"event_name":"Living Wall","floor":5,"gold_loss":0,"cards_upgraded":["Bash"]},{"cards_removed":["Strike_R"],"damage_healed":0,"gold_gain":0,"player_choice":"Card Removal","damage_taken":0,"max_hp_gain":0,"max_hp_loss":0,"event_name":"The Cleric","floor":11,"gold_loss":75},{"damage_healed":0,"gold_gain":0,"player_choice":"Gave Idol","damage_taken":0,"relics_obtained":["Bloody Idol"],"max_hp_gain":0,"max_hp_loss":0,"event_name":"Forgotten Altar","floor":19,"relics_lost":["Golden Idol"],"gold_loss":0},{"damage_healed":0,"gold_gain":0,"player_choice":"Read","damage_taken":0,"max_hp_gain":0,"max_hp_loss":0,"event_name":"The Library","floor":20,"gold_loss":0,"cards_obtained":["Shrug It Off"]},{"damage_healed":0,"gold_gain":0,"player_choice":"Ignored","damage_taken":0,"max_hp_gain":0,"max_hp_loss":0,"event_name":"Vampires","floor":27,"gold_loss":0}],"is_beta":false,"boss_relics":[{"not_picked":["Busted Crown","Ectoplasm"],"picked":"Philosopher\u0027s Stone"}],"items_purged_floors":[22],"is_endless":false,"potions_floor_spawned":[3,6,12,14,16,18],"killed_by":"Gremlin Leader","ascension_level":20}}