{"host":"c3lc60y5x60jlt1y","time":1613061200,"event":{"mods":["AchievementEnabler","BaseMod","Bestiary","Colored Map","Minty Spire (QoL Compilation)","Quick Restart","StSLib","ojb\u0027s Info Mod"],"gold_per_floor":[111,33,53,128,139,139,139,139,139,139,139],"floor_reached":10,"language":"ENG","playtime":226,"items_purged":[],"score":112,"play_id":"5e96b734-f468-4dd6-89a1-01ed54196e34","local_time":"20210211183320","is_ascension_mode":true,"campfire_choices":[{"data":"Eruption","floor":6,"key":"SMITH"},{"data":"Consecrate","floor":8,"key":"SMITH"}],"circlet_count":0,"master_deck":["AscendersBane","Strike_P","Strike_P","Strike_P","Strike_P","Defend_P","Defend_P","Defend_P","Defend_P","Eruption+1","Vigilance","Consecrate+1","Crescendo+1","SashWhip+1"],"relics":["PureWater","NeowsBlessing","Regal Pillow","GoldenEye"],"acts_visited":["Exordium"],"potions_floor_usage":[10],"damage_taken":[{"damage":0,"enemies":"Small Slimes","floor":1,"turns":2},{"damage":0,"enemies":"Cultist","floor":3,"turns":1},{"damage":0,"enemies":"2 Louse","floor":5,"turns":1},{"damage":30,"enemies":"3 Sentries","floor":10,"turns":4}],"seed_played":"4917169279748717902","potions_obtained":[{"floor":5,"key":"SpeedPotion"}],"is_trial":false,"path_per_floor":["M","?","M","?","M","R","?","R","T","E"],"character_chosen":"WATCHER","items_purchased":[],"campfire_rested":0,"item_purchase_floors":[],"current_hp_per_floor":[61,61,61,50,50,50,30,30,30,0,0],"gold":139,"neow_bonus":"THREE_ENEMY_KILL","is_daily":false,"chose_seed":false,"campfire_upgraded":2,"win_rate":0.0,"timestamp":1613061200,"path_taken":["M","?","?","?","M","R","?","R","T","E"],"items_purchased_type":[],"build_version":"2020-12-22","purchased_purges":0,"victory":false,"max_hp_per_floor":[68,68,68,68,68,68,68,68,68,68,68],"card_choices":[{"not_picked":["EmptyMind","FlyingSleeves"],"picked":"Consecrate","floor":1},{"not_picked":["EmptyFist","ThirdEye"],"picked":"Crescendo","floor":3},{"not_picked":["Swivel","ThirdEye"],"picked":"SashWhip","floor":5}],"player_experience":9201295,"relics_obtained":[{"floor":9,"key":"GoldenEye"}],"event_choices":[{"damage_healed":0,"gold_gain":0,"player_choice":"Paid Gold","damage_taken":0,"relics_obtained":["Regal Pillow"],"max_hp_gain":0,"max_hp_loss":0,"event_name":"WeMeetAgain","floor":2,"gold_loss":78},{"damage_healed":0,"gold_gain":75,"player_choice":"Gather Gold","damage_taken":11,"max_hp_gain":0,"max_hp_loss":0,"event_name":"World of Goop","floor":4,"gold_loss":0},{"damage_healed":0,"gold_gain":0,"player_choice":"Entered Light","damage_taken":20,"max_hp_gain":0,"max_hp_loss":0,"event_name":"Shining Light","floor":7,"gold_loss":0,"cards_upgraded":["SashWhip","Crescendo"]}],"is_beta":false,"boss_relics":[],"items_purged_floors":[],"is_endless":false,"potions_floor_spawned":[5],"killed_by":"3 Sentries","ascension_level":20}}