{"host":"yhhyog5h1q67ienp","time":1613001809,"event":{"mods":["AchievementEnabler","BaseMod","Block Reminder","Colored Map","Colored Powertips","Minty Spire (QoL Compilation)","Quick Restart","Relic Stats","StSLib","ojb\u0027s Better Paths Mod","ojb\u0027s Info Mod"],"gold_per_floor":[114,124,124,124,14,50,50,83,83,83,96,117,142,176,176,272,272,272],"floor_reached":17,"language":"ENG","playtime":1036,"items_purged":[],"score":350,"play_id":"bb031692-cbbc-487e-8bb2-9cc7756d2a5d","local_time":"20210210210329","is_ascension_mode":true,"campfire_choices":[{"floor":7.0,"key":"REST"},{"data":"Capacitor","floor":10.0,"key":"SMITH"},{"floor":15.0,"key":"REST"}],"circlet_count":0,"master_deck":["AscendersBane","Strike_B","Strike_B","Strike_B","Strike_B","Defend_B","Defend_B","Defend_B","Defend_B","Zap","Dualcast","Electrodynamics","Ball Lightning","Capacitor+1","Cold Snap","Tempest+1","Compile Driver","Hologram+1","Coolheaded+1","Fission+1","Echo Form"],"relics":["Cracked Core","Golden Idol","Thread and Needle","Toxic Egg 2","Ice Cream","Bottled Flame","Snecko Eye"],"acts_visited":["Exordium","TheCity"],"potions_floor_usage":[],"damage_taken":[{"damage":12.0,"enemies":"Jaw Worm","floor":1.0,"turns":4.0},{"damage":8.0,"enemies":"Small Slimes","floor":2.0,"turns":2.0},{"damage":21.0,"enemies":"Lagavulin","floor":6.0,"turns":5.0},{"damage":2.0,"enemies":"3 Sentries","floor":8.0,"turns":4.0},{"damage":0.0,"enemies":"Cultist","floor":11.0,"turns":2.0},{"damage":0.0,"enemies":"Large Slime","floor":12.0,"turns":3.0},{"damage":5.0,"enemies":"Red Slaver","floor":13.0,"turns":3.0},{"damage":9.0,"enemies":"Lagavulin","floor":14.0,"turns":5.0},{"damage":3.0,"enemies":"Slime Boss","floor":16.0,"turns":7.0}],"seed_played":"-1356351664371611606","potions_obtained":[{"floor":6.0,"key":"ColorlessPotion"},{"floor":8.0,"key":"FearPotion"}],"is_trial":false,"path_per_floor":["M","M","?","?","$","E","R","E","T","R","M","M","M","E","R","B",null],"character_chosen":"DEFECT","items_purchased":["Cold Snap","EssenceOfSteel"],"campfire_rested":2,"item_purchase_floors":[5,5],"current_hp_per_floor":[34,26,26,26,26,5,24,22,22,22,22,22,17,8,27,24,54,54],"gold":272,"neow_bonus":"THREE_RARE_CARDS","is_daily":false,"chose_seed":false,"campfire_upgraded":1,"win_rate":0.0,"timestamp":1613001809,"path_taken":["M","M","?","?","?","E","R","E","T","R","M","M","M","E","R","BOSS","BOSS"],"items_purchased_type":["Card","Potion"],"build_version":"2020-12-22","purchased_purges":0,"victory":false,"max_hp_per_floor":[71,71,64,64,64,64,64,64,64,64,64,64,64,64,64,64,64,64],"relic_stats":{"counters":[9,35],"Golden Idol":71,"Snecko Eye":[0,0,0,0],"obtain_stats":[{"Ice Cream":9,"Bottled Flame":14,"Golden Idol":3,"Snecko Eye":17,"Thread and Needle":6,"Toxic Egg 2":8,"Cracked Core":0},{"Ice Cream":4,"Bottled Flame":8,"Golden Idol":2,"Snecko Eye":9,"Thread and Needle":3,"Toxic Egg 2":4,"Cracked Core":0},{"Ice Cream":15,"Bottled Flame":28,"Golden Idol":6,"Snecko Eye":35,"Thread and Needle":11,"Toxic Egg 2":15,"Cracked Core":0}]},"card_choices":[{"not_picked":["Hyperbeam","Thunder Strike"],"picked":"Electrodynamics","floor":0.0},{"not_picked":["Leap","Gash"],"picked":"Ball Lightning","floor":1.0},{"not_picked":["Reinforced Body","Hologram"],"picked":"Capacitor","floor":2.0},{"not_picked":["Streamline","Hello World","Turbo"],"picked":"SKIP","floor":6.0},{"not_picked":["Recycle+1","Capacitor"],"picked":"Tempest+1","floor":8.0},{"not_picked":["Stack+1","Hello World"],"picked":"Compile Driver","floor":11.0},{"not_picked":["Chaos+1","Leap+1"],"picked":"Hologram+1","floor":12.0},{"not_picked":["Cold Snap","Go for the Eyes"],"picked":"Coolheaded+1","floor":13.0},{"not_picked":["Coolheaded+1","Beam Cell"],"picked":"Fission+1","floor":14.0},{"not_picked":["Multi-Cast+1","Machine Learning"],"picked":"Echo Form","floor":16}],"player_experience":1442179,"relics_obtained":[{"floor":6.0,"key":"Thread and Needle"},{"floor":8.0,"key":"Toxic Egg 2"},{"floor":9.0,"key":"Ice Cream"},{"floor":14.0,"key":"Bottled Flame"}],"event_choices":[{"damage_healed":0.0,"max_hp_gain":0.0,"max_hp_loss":7.0,"gold_gain":0.0,"event_name":"Golden Idol","player_choice":"Lose Max HP","floor":3.0,"gold_loss":0.0,"damage_taken":0.0,"relics_obtained":["Golden Idol"]},{"damage_healed":0.0,"max_hp_gain":0.0,"max_hp_loss":0.0,"gold_gain":0.0,"event_name":"Liars Game","player_choice":"Ignored","floor":4.0,"gold_loss":0.0,"damage_taken":0.0}],"is_beta":false,"boss_relics":[{"not_picked":["Pandora\u0027s Box","Runic Dome"],"picked":"Snecko Eye"}],"items_purged_floors":[],"is_endless":false,"potions_floor_spawned":[6,8,12,14],"ascension_level":20}}