{"host":"x1wt4ryasj4hxyw3","time":1613026704,"event":{"mods":["Act Like it!","BaseMod","CapriCore","CavMod","Gensokyo","Lobotomy","LobotomyExtend","Minty Spire (QoL Compilation)","Prisma Mod","Quick Restart","Remilia£¨ÀÙÃ×ÀòÑÇ£©","RumiaBox-Â¶Ã×æ«µÄÉñÃØºÐ×Ó","StSLib","Youmu£¨»êÆÇÑýÃÎ£©","Yuyuko","noobMod","¡¾¹¦ÄÜMod¡¿»ìãçÖ®»·ÐÞ¸´²¹¶¡"],"gold_per_floor":[115,132,132,149,72,72,72,72,96,111,145,156,1,33,33,134,134,144,144,69,80,1,1,33,33,56,72,88,88,88,100,100,100,100],"floor_reached":33,"language":"ZHS","playtime":2731,"items_purged":["Carnage"],"score":375,"play_id":"4923f4ba-71e4-4f7f-a6c0-afd67ceedbef","local_time":"20210211145824","is_ascension_mode":false,"campfire_choices":[{"data":"PrismaMod:ChloeCaladbolg","floor":6,"key":"SMITH"},{"data":"PrismaMod:ChloeDoubleRelicSpeed","floor":15,"key":"SMITH"},{"data":"PrismaMod:ChloeAnyRareTrace","floor":23,"key":"SMITH"},{"data":"PrismaMod:ChloeExcalibur","floor":25,"key":"SMITH"},{"data":"PrismaMod:ChloeRitsuka","floor":29,"key":"SMITH"},{"data":"PrismaMod:ChloeExhaustOne","floor":32,"key":"SMITH"}],"circlet_count":0,"master_deck":["PrismaMod:ChloeCommonAttack","PrismaMod:ChloeCommonAttack","PrismaMod:ChloeCommonAttack","PrismaMod:ChloeCommonAttack","PrismaMod:ChloeCommonDefend","PrismaMod:ChloeCommonDefend+1","PrismaMod:ChloeCommonDefend","PrismaMod:ChloeCommonDefend","PrismaMod:ChloeCommonDefend+1","PrismaMod:ChloeCheapAttack","PrismaMod:ChloeCheapDefend","PrismaMod:ChloeCaladbolg+1","PrismaMod:ChloeCheapAttack","LaLuna","PrismaMod:ChloeCommonAOEAttack","PrismaMod:ChloeDemonicTutor+1","SingingMachine","PrismaMod:ChloeDoubleRelicSpeed+1","Woodsman","PrismaMod:ChloeExcalibur+1","Wellcheers","PrismaMod:ChloeCheapDefendTwo","SnowQueen","PrismaMod:ChloeCheapAttack","HappyTeddy","PrismaMod:ChloeAnyRareTrace+1","VoidDream","PrismaMod:ChloeExhaustOne+1","LittleHelper","PrismaMod:ChloeExhaustOne+1","PrismaMod:ChloeExcalibur","UniverseFragment","PrismaMod:ChloeCheapAttack+1","Scarecrow","PrismaMod:ChloeRitsuka+1","Porccubus","PrismaMod:ChloeExhaustOne+1","WhitesApple","PrismaMod:ChloeCheapDefend+1"],"relics":["PrismaMod:PrismaTraceOn","ice","CogitoBucket","LetterFromLob","Vajra","PreservedInsect","AdjustmentMirror","Ancient Tea Set","War Paint","Coffee Dripper","Tiny Chest","Bag of Marbles","ResearcherNote","Meat on the Bone"],"acts_visited":["Exordium","Exordium"],"potions_floor_usage":[12,27,27],"damage_taken":[{"damage":4,"enemies":"2 Louse","floor":1,"turns":2},{"damage":6,"enemies":"Cultist","floor":2,"turns":4},{"damage":0,"enemies":"Jaw Worm","floor":4,"turns":2},{"damage":5,"enemies":"Exordium Thugs","floor":10,"turns":3},{"damage":30,"enemies":"Lagavulin","floor":11,"turns":6},{"damage":1,"enemies":"Red Slaver","floor":12,"turns":2},{"damage":16,"enemies":"3 Sentries","floor":14,"turns":3},{"damage":4,"enemies":"Slime Boss","floor":16,"turns":4},{"damage":4,"enemies":"Gensokyo:2_Gloops","floor":18,"turns":2},{"damage":15,"enemies":"Gensokyo:3_Dogs","floor":21,"turns":3},{"damage":27,"enemies":"Gensokyo:Tenshi","floor":24,"turns":2},{"damage":55,"enemies":"Gensokyo:Chomper_and_Gloop","floor":27,"turns":7},{"damage":26,"enemies":"Gensokyo:Swordslinger","floor":28,"turns":4},{"damage":1,"enemies":"Gensokyo:Monolith_and_Dog","floor":31,"turns":2},{"damage":55,"enemies":"Gensokyo:Eternal_Rivals","floor":33,"turns":2}],"seed_played":"-6509513560018179780","potions_obtained":[{"floor":1,"key":"AttackPotion"},{"floor":4,"key":"Weak Potion"},{"floor":16,"key":"SmokeBomb"},{"floor":21,"key":"AttackPotion"}],"is_trial":false,"path_per_floor":["M","M","?","M","$","R","?","?","T","M","E","M","$","E","R","B",null,"M","?","$","M","$","R","E","R","T","M","M","R","T","M","R","B"],"character_chosen":"CHLOE","items_purchased":["PrismaMod:ChloeDemonicTutor","Ancient Tea Set","PrismaMod:ChloeExcalibur"],"campfire_rested":0,"item_purchase_floors":[5,13,22],"current_hp_per_floor":[71,65,70,70,70,70,63,75,75,70,40,57,57,62,62,75,75,75,75,75,75,75,75,54,54,54,26,75,75,75,74,74,31,31],"gold":100,"neow_bonus":"","is_daily":false,"chose_seed":false,"campfire_upgraded":6,"win_rate":0.0,"timestamp":1613026704,"path_taken":["M","M","?","?","$","R","?","?","T","M","E","M","$","E","R","BOSS","M","?","$","M","?","R","E","R","T","?","M","R","?","M","R","BOSS"],"items_purchased_type":["Card","Relic","Card"],"build_version":"2020-12-22","purchased_purges":1,"victory":false,"max_hp_per_floor":[75,75,75,75,75,75,75,75,75,75,75,75,75,75,75,75,75,75,75,75,75,75,75,75,75,75,75,75,75,75,76,76,79,79],"card_choices":[{"not_picked":["OSAHOGD","Woodsman"],"picked":"Murderer","floor":1},{"not_picked":["PrismaMod:ChloeDiscardRecovery","PrismaMod:ChloeUncommonAttack"],"picked":"PrismaMod:ChloeCaladbolg","floor":1},{"not_picked":["Bloodbath","Mercenary"],"picked":"SpiderBud","floor":2},{"not_picked":["PrismaMod:ChloeCommonAOEAttack","PrismaMod:ChloeUncommonDefend"],"picked":"PrismaMod:ChloeCheapAttack","floor":2},{"not_picked":["PunishingBird","ShyLook"],"picked":"LaLuna","floor":4},{"not_picked":["PrismaMod:ChloeEyeOfTheEuryale","PrismaMod:ChloeCheapDefend"],"picked":"PrismaMod:ChloeCommonAOEAttack","floor":4},{"not_picked":["FairyFestival","CherryBlossoms"],"picked":"SingingMachine","floor":10},{"not_picked":["PrismaMod:ChloeCheapDefendTwo","PrismaMod:ChloeExhaustOne"],"picked":"PrismaMod:ChloeDoubleRelicSpeed","floor":10},{"not_picked":["Scorched","OldLady"],"picked":"Woodsman","floor":11},{"not_picked":["PrismaMod:ChloeExhaustOne","PrismaMod:ChloeCommonAOEAttack"],"picked":"PrismaMod:ChloeExcalibur","floor":11},{"not_picked":["Alriune","ShyLook"],"picked":"Wellcheers","floor":12},{"not_picked":["PrismaMod:ChloeDoubleRelicSpeed","PrismaMod:ChloeBetterTracePools"],"picked":"PrismaMod:ChloeCheapDefendTwo","floor":12},{"not_picked":["Variant","MHz"],"picked":"SnowQueen","floor":14},{"not_picked":["PrismaMod:ChloeCheapDefend","PrismaMod:ChloeCheapDefendTwo"],"picked":"PrismaMod:ChloeCheapAttack","floor":14},{"not_picked":["VoidDream","MHz"],"picked":"HappyTeddy","floor":16},{"not_picked":["PrismaMod:ChloeGreatTracePools","PrismaMod:ChloeAnyCommonTrace"],"picked":"PrismaMod:ChloeAnyRareTrace","floor":16},{"not_picked":["HeroicMonk","SpiderBud"],"picked":"VoidDream","floor":18},{"not_picked":["PrismaMod:ChloeCheapAttack","PrismaMod:ChloeCommonAOEAttack"],"picked":"PrismaMod:ChloeExhaustOne","floor":18},{"not_picked":["ShyLook","HeroicMonk"],"picked":"LittleHelper","floor":21},{"not_picked":["PrismaMod:ChloeCheapAttackTwo","PrismaMod:ChloeUncommonAOEAttack"],"picked":"PrismaMod:ChloeExhaustOne+1","floor":21},{"not_picked":["BeautyBeast","FieryBird","MeatLantern"],"picked":"Singing Bowl","floor":24},{"not_picked":["FieryBird","RedShoes"],"picked":"UniverseFragment","floor":24},{"not_picked":["PrismaMod:ChloeCommonAOEAttack","PrismaMod:ChloeUncommonAOEAttack"],"picked":"PrismaMod:ChloeCheapAttack+1","floor":24},{"not_picked":["BigBird","LittlePrince"],"picked":"Scarecrow","floor":27},{"not_picked":["PrismaMod:ChloeCheapDefendTwo","PrismaMod:ChloeRuleBreaker"],"picked":"PrismaMod:ChloeRitsuka","floor":27},{"not_picked":["LongBird","Variant"],"picked":"Porccubus","floor":28},{"not_picked":["PrismaMod:ChloeUncommonDefend+1","PrismaMod:ChloeDiscardRecovery"],"picked":"PrismaMod:ChloeExhaustOne+1","floor":28},{"not_picked":["HeroicMonk","WallGazer"],"picked":"WhitesApple","floor":31},{"not_picked":["PrismaMod:ChloeExhaustOne","PrismaMod:ChloeDiscardRecovery"],"picked":"PrismaMod:ChloeCheapDefend+1","floor":31}],"player_experience":175763,"relics_obtained":[{"floor":1,"key":"LetterFromLob"},{"floor":9,"key":"Vajra"},{"floor":11,"key":"PreservedInsect"},{"floor":14,"key":"War Paint"},{"floor":24,"key":"Tiny Chest"},{"floor":26,"key":"Bag of Marbles"},{"floor":30,"key":"Meat on the Bone"}],"event_choices":[{"cards_removed":["Murderer"],"damage_healed":5,"gold_gain":0,"player_choice":"Offered Common","damage_taken":0,"max_hp_gain":0,"max_hp_loss":0,"event_name":"Bonfire Elementals","floor":3,"gold_loss":0},{"cards_removed":["Murderer"],"damage_healed":5,"gold_gain":0,"player_choice":"Offered Special","damage_taken":0,"max_hp_gain":0,"max_hp_loss":0,"event_name":"Bonfire Elementals","floor":3,"gold_loss":0},{"cards_removed":["SpiderBud"],"damage_healed":0,"gold_gain":0,"player_choice":"Card Removal","damage_taken":7,"max_hp_gain":0,"max_hp_loss":0,"event_name":"Golden Wing","floor":7,"gold_loss":0}],"is_beta":false,"boss_relics":[{"not_picked":["Runic Pyramid","SacredBark"],"picked":"Coffee Dripper"}],"items_purged_floors":[20],"is_endless":false,"potions_floor_spawned":[1,4,16,21],"killed_by":"Gensokyo:Eternal_Rivals","ascension_level":0}}