{"host":"gfxjwtol062e9znw","time":1613043897,"event":{"mods":["BaseMod","Colored Map","Minty Spire (QoL Compilation)","Rare Cards Sparkle"],"gold_per_floor":[110,110,121,121,95,95,125,135,135,152,167,167,186,87,87,185,185,205,222,222,232,264,290,290,307,330,330,82,82,117,133,133,133,133],"floor_reached":33,"language":"ENG","playtime":2049,"items_purged":["Defend_G"],"score":452,"play_id":"7d90f311-328b-426d-a767-72eb7d12205e","local_time":"20210211224457","is_ascension_mode":true,"campfire_choices":[{"floor":6,"key":"REST"},{"floor":12,"key":"REST"},{"floor":15,"key":"REST"},{"floor":27,"key":"REST"},{"data":"Glass Knife","floor":29,"key":"SMITH"},{"data":"Skewer","floor":32,"key":"SMITH"}],"circlet_count":0,"master_deck":["Strike_G","Strike_G","Strike_G","Strike_G","Defend_G","Defend_G","Defend_G","Survivor","Neutralize","Venomology","Deflect","Backstab","Dagger Spray","Cloak And Dagger","Wraith Form v2","Sucker Punch","Backflip","Skewer+1","Blade Dance","Glass Knife+1","Accuracy+1","Dash","Blade Dance","Blur","Unload","Clumsy","Backflip+1"],"relics":["Ring of the Snake","Centennial Puzzle","Bottled Flame","Cursed Key","Anchor","Red Mask","Lantern","Vajra","Shuriken","Akabeko"],"acts_visited":["Exordium","TheCity"],"potions_floor_usage":[7,7,7,10,10,13,16,16,16,16,21,21,22,22,23,23,30,30,30,30,33,33,33,33],"damage_taken":[{"damage":4,"enemies":"2 Louse","floor":1,"turns":5},{"damage":6,"enemies":"Small Slimes","floor":3,"turns":7},{"damage":43,"enemies":"Lagavulin","floor":7,"turns":9},{"damage":2,"enemies":"Jaw Worm","floor":8,"turns":3},{"damage":5,"enemies":"Exordium Thugs","floor":10,"turns":7},{"damage":3,"enemies":"Large Slime","floor":11,"turns":5},{"damage":5,"enemies":"3 Louse","floor":13,"turns":2},{"damage":7,"enemies":"The Guardian","floor":16,"turns":13},{"damage":0,"enemies":"Spheric Guardian","floor":18,"turns":3},{"damage":4,"enemies":"2 Thieves","floor":19,"turns":4},{"damage":11,"enemies":"Snake Plant","floor":21,"turns":5},{"damage":17,"enemies":"Masked Bandits","floor":22,"turns":6},{"damage":29,"enemies":"Book of Stabbing","floor":23,"turns":6},{"damage":0,"enemies":"Sentry and Sphere","floor":25,"turns":5},{"damage":0,"enemies":"Slavers","floor":30,"turns":3},{"damage":0,"enemies":"Snecko","floor":31,"turns":3},{"damage":59,"enemies":"Champ","floor":33,"turns":9}],"seed_played":"-4900891359250556258","potions_obtained":[{"floor":3,"key":"Explosive Potion"},{"floor":8,"key":"EssenceOfSteel"},{"floor":16,"key":"Block Potion"},{"floor":21,"key":"Strength Potion"},{"floor":23,"key":"Poison Potion"},{"floor":31,"key":"CunningPotion"}],"is_trial":false,"path_per_floor":["M","?","M","?","$","R","E","M","T","M","M","R","M","$","R","B",null,"M","M","?","M","?","E","?","M","T","R","$","R","E","M","R","B"],"character_chosen":"THE_SILENT","items_purchased":["Dagger Spray","Blade Dance","Shuriken"],"campfire_rested":4,"item_purchase_floors":[5,14,28],"current_hp_per_floor":[59,52,46,46,46,67,24,22,22,17,14,35,30,30,51,44,64,64,60,60,61,44,30,30,30,30,51,51,51,51,51,51,0,0],"gold":133,"neow_bonus":"ONE_RANDOM_RARE_CARD","is_daily":false,"chose_seed":false,"campfire_upgraded":2,"win_rate":0.0,"timestamp":1613043897,"path_taken":["M","?","M","?","?","R","E","M","T","M","M","R","M","$","R","BOSS","M","M","?","M","?","E","?","?","T","R","$","R","E","M","R","BOSS"],"items_purchased_type":["Card","Card","Relic"],"build_version":"2020-12-22","purchased_purges":1,"victory":false,"max_hp_per_floor":[70,70,70,70,70,70,70,70,70,70,70,70,70,70,70,70,70,70,70,70,70,70,70,70,70,70,70,70,70,70,70,70,70,70],"card_choices":[{"not_picked":["Backflip","Flying Knee"],"picked":"Deflect","floor":1},{"not_picked":["Backflip","Accuracy"],"picked":"Backstab","floor":3},{"not_picked":["Underhanded Strike","Riddle With Holes"],"picked":"Cloak And Dagger","floor":7},{"not_picked":["Acrobatics","Expertise"],"picked":"Wraith Form v2","floor":8},{"not_picked":["Dodge and Roll","Heel Hook"],"picked":"Sucker Punch","floor":10},{"not_picked":["Bane","Slice"],"picked":"Backflip","floor":11},{"not_picked":["Cloak And Dagger","Acrobatics"],"picked":"Skewer","floor":13},{"not_picked":["Storm of Steel","Doppelganger"],"picked":"Glass Knife","floor":16},{"not_picked":["Dagger Throw","Outmaneuver","Accuracy+1"],"picked":"SKIP","floor":18},{"not_picked":["Dagger Throw","Outmaneuver"],"picked":"Accuracy+1","floor":18},{"not_picked":["Dagger Spray","Acrobatics"],"picked":"Dash","floor":19},{"not_picked":["Dash+1","Bane"],"picked":"Blade Dance","floor":21},{"not_picked":["Concentrate","Deadly Poison"],"picked":"Blur","floor":23},{"not_picked":["Endless Agony","Masterful Stab"],"picked":"Unload","floor":25},{"not_picked":["Dagger Spray","Dodge and Roll"],"picked":"Backflip+1","floor":30},{"not_picked":["Poisoned Stab","Bouncing Flask","Heel Hook+1"],"picked":"SKIP","floor":31}],"player_experience":140127,"relics_obtained":[{"floor":7,"key":"Centennial Puzzle"},{"floor":9,"key":"Bottled Flame"},{"floor":22,"key":"Red Mask"},{"floor":23,"key":"Lantern"},{"floor":26,"key":"Vajra"},{"floor":30,"key":"Akabeko"}],"event_choices":[{"cards_removed":["Defend_G"],"damage_healed":0,"gold_gain":0,"player_choice":"Card Removal","damage_taken":7,"max_hp_gain":0,"max_hp_loss":0,"event_name":"Golden Wing","floor":2,"gold_loss":0},{"damage_healed":0,"gold_gain":0,"player_choice":"Ignored","damage_taken":0,"max_hp_gain":0,"max_hp_loss":0,"event_name":"Shining Light","floor":4,"gold_loss":0},{"damage_healed":0,"gold_gain":0,"player_choice":"Opened","damage_taken":0,"relics_obtained":["Anchor"],"max_hp_gain":0,"max_hp_loss":0,"event_name":"The Mausoleum","floor":20,"gold_loss":0},{"damage_healed":0,"gold_gain":0,"player_choice":"Fought Bandits","damage_taken":0,"max_hp_gain":0,"max_hp_loss":0,"event_name":"Masked Bandits","floor":22,"gold_loss":0},{"cards_removed":["Strike_G"],"damage_healed":0,"gold_gain":0,"player_choice":"Offered Basic","damage_taken":0,"max_hp_gain":0,"max_hp_loss":0,"event_name":"Bonfire Elementals","floor":24,"gold_loss":0}],"is_beta":false,"boss_relics":[{"not_picked":["Sozu","Empty Cage"],"picked":"Cursed Key"}],"items_purged_floors":[14],"is_endless":false,"potions_floor_spawned":[3,8,13,16,21,23,25,31],"killed_by":"Champ","ascension_level":9}}