{"host":"uceopoba4zvqsgiy","time":1613028518,"event":{"mods":["2.2 Compatiblity","Act Like it!","BaseMod","Better Skull","Better Third Choice","Elementarium","Evolution","GifTheSpireLib","Hermit","Humility","Infinite Spire","Jorbs\u0027s Wanderer Trilogy","Marked Mod","Minty Spire (QoL Compilation)","Potionbrewer","Reliquary","Replay The Spire","Robot Space Explorer","Shade Mod","Spicy Shops","StS++","StSLib","Stuff the Spire","The Blue Laboratory","The Caster","The Cursed","The Dragon Tamer","The Hierophant","The Judge","The Jungle","TheSurvivalist","Wandering Minibosses"],"gold_per_floor":[119,214,214,214,230,261,261,275,325,339,356,391,454,467,467,569,569,586,685,685,685,705,705,735,735,761,761,761],"floor_reached":27,"language":"ENG","playtime":1934,"items_purged":[],"score":414,"play_id":"402ad754-ac78-4310-9eb2-837b04abfb90","local_time":"20210211175837","is_ascension_mode":true,"campfire_choices":[{"data":"Sunder","floor":7.0,"key":"SMITH"},{"floor":15,"key":"REST"},{"floor":23,"key":"REST"},{"floor":25,"key":"REST"}],"circlet_count":0,"master_deck":["Ball Lightning","Ball Lightning","Ball Lightning+1","Ball Lightning+1","Defend_B","Defend_B","Defend_B","Defend_B","Zap","Dualcast","Lockon","Glacier","Fiend Fire","Delirium","Sunder+1","StSpp:Mask","Rainbow","Gash","Buffer","White Noise+1","Self Repair"],"relics":["FrozenCore","EVO:Axolotl","NeowsBlessing","infinitespire:Beetle Shell","ReplayTheSpireMod:Ring of Challenge","ReplayTheSpireMod:Ring of Addiction","White Beast Statue","Toy Ornithopter","Anchor","Whetstone","Bag of Preparation","Replay:Rubber Ducky","CeramicFish"],"acts_visited":["Exordium","TheCity"],"potions_floor_usage":[16,16,16,22,24,27,27],"damage_taken":[{"damage":0.0,"enemies":"Jaw Worm","floor":1.0,"turns":1.0},{"damage":0.0,"enemies":"Small Slimes","floor":5.0,"turns":1.0},{"damage":0.0,"enemies":"Gremlin Nob","floor":6.0,"turns":1.0},{"damage":0.0,"enemies":"2 Louse","floor":8.0,"turns":2.0},{"damage":0.0,"enemies":"Blue Slaver","floor":10.0,"turns":2.0},{"damage":0.0,"enemies":"Red Slaver","floor":11.0,"turns":2.0},{"damage":15.0,"enemies":"Lagavulin","floor":12.0,"turns":4.0},{"damage":4,"enemies":"2 Fungi Beasts","floor":13,"turns":3},{"damage":0,"enemies":"Blue Slaver","floor":14,"turns":2},{"damage":38,"enemies":"The Guardian","floor":16,"turns":5},{"damage":25,"enemies":"Shell Parasite","floor":18,"turns":5},{"damage":28,"enemies":"3 Byrds","floor":22,"turns":4},{"damage":28,"enemies":"Replay:Snechameleon","floor":24,"turns":6},{"damage":56,"enemies":"Cultist and Chosen","floor":27,"turns":5}],"seed_played":"-2395832217047413513","potions_obtained":[{"floor":4.0,"key":"Flashbang"},{"floor":4.0,"key":"PowerPotion"},{"floor":4.0,"key":"Dexterity Potion"},{"floor":10.0,"key":"Weak Potion"},{"floor":12.0,"key":"BlessingOfTheForge"},{"floor":13,"key":"potionbrewer:ToxicPotion"},{"floor":16,"key":"blueLaboratory:PolymorphPotion"},{"floor":18,"key":"Explosive Potion"},{"floor":22,"key":"StSpp:InhibitionPotion"},{"floor":24,"key":"Swift Potion"}],"is_trial":false,"path_per_floor":["M","?","?","?","M","E","R","M","T","M","M","E","M","M","R","B",null,"M","?","?","?","M","R","E","R","T","M"],"character_chosen":"DEFECT","items_purchased":[],"campfire_rested":3,"item_purchase_floors":[],"current_hp_per_floor":[68,68,63,63,63,63,63,63,63,68,68,58,54,54,73,33,62,37,37,37,37,14,34,18,38,38,0,0],"gold":761,"neow_bonus":"THREE_ENEMY_KILL","is_daily":false,"chose_seed":false,"campfire_upgraded":1,"win_rate":0.0,"timestamp":1613028517,"path_taken":["M","?","?","?","?","E","R","M","T","M","M","E","M","M","R","BOSS","M","?","?","?","M","R","E","R","T","M"],"items_purchased_type":[],"build_version":"2020-12-22","purchased_purges":0,"victory":false,"max_hp_per_floor":[75,75,75,75,75,75,75,73,73,73,73,73,73,73,73,71,71,71,71,69,69,69,69,69,69,69,69,69],"card_choices":[{"not_picked":["Compile Driver","BasicCrystalCard","Steam"],"picked":"SKIP","floor":1.0},{"not_picked":["Redo","StuffTheSpire:Plugnplay"],"picked":"Lockon","floor":2.0},{"not_picked":["Cold Snap","Leap"],"picked":"Glacier","floor":2.0},{"not_picked":["StuffTheSpire:Plugnplay","Beam Cell","Rebound"],"picked":"SKIP","floor":5.0},{"not_picked":["Chaos","StuffTheSpire:Coldhearted"],"picked":"Sunder","floor":6.0},{"not_picked":["Steam","StuffTheSpire:Plugnplay","Chill"],"picked":"SKIP","floor":8.0},{"not_picked":["Redo","Compile Driver","Steam"],"picked":"SKIP","floor":10.0},{"not_picked":["Turbo","Beam Cell"],"picked":"StSpp:Mask","floor":11.0},{"not_picked":["Crystallizer","Turbo"],"picked":"Rainbow","floor":12.0},{"not_picked":["Conserve Battery","StSpp:Pointer","ReplayGash"],"picked":"SKIP","floor":13},{"not_picked":["Conserve Battery","Rebound"],"picked":"Gash","floor":14},{"not_picked":["StuffTheSpire:ForEach","StuffTheSpire:LaunchingStrike"],"picked":"Buffer","floor":16},{"not_picked":["Turbo+1","Barrage+1"],"picked":"White Noise+1","floor":18},{"not_picked":["Redo","Cold Snap"],"picked":"Self Repair","floor":22},{"not_picked":["ReplaySort","StuffTheSpire:LoadUp","Redo"],"picked":"SKIP","floor":24}],"player_experience":1804900,"relics_obtained":[{"floor":4.0,"key":"ReplayTheSpireMod:Ring of Challenge"},{"floor":4.0,"key":"ReplayTheSpireMod:Ring of Addiction"},{"floor":4.0,"key":"White Beast Statue"},{"floor":4.0,"key":"Toy Ornithopter"},{"floor":6.0,"key":"Anchor"},{"floor":9.0,"key":"Whetstone"},{"floor":12.0,"key":"Bag of Preparation"},{"floor":24,"key":"Replay:Rubber Ducky"},{"floor":26,"key":"CeramicFish"}],"event_choices":[{"damage_healed":0,"gold_gain":99,"player_choice":"Steal","damage_taken":0,"max_hp_gain":0,"max_hp_loss":0,"event_name":"betterThird:BetterNest","floor":19,"gold_loss":0},{"damage_healed":0,"gold_gain":0,"player_choice":"Ignored","damage_taken":0,"max_hp_gain":0,"max_hp_loss":0,"event_name":"Ghosts","floor":20,"gold_loss":0},{"damage_healed":0,"gold_gain":0,"player_choice":"Adaptability","damage_taken":0,"max_hp_gain":0,"max_hp_loss":0,"event_name":"betterThird:BetterWriting","floor":21,"gold_loss":0}],"is_beta":false,"boss_relics":[{"not_picked":["Ring of Chaos","StuffTheSpire:RunicHypercube"],"picked":"FrozenCore"}],"items_purged_floors":[],"is_endless":false,"potions_floor_spawned":[5,6,8,10,11,12,13,14,16,18,22,24],"killed_by":"Cultist and Chosen","ascension_level":9,"is_humility":true}}