{"host":"d8cz15m779bv9isj","time":1613064011,"event":{"mods":["Aspiration","BaseMod","Colored Map","Colored Powertips","DeckTracker","Downfall","Hermit","Highlight Path","Hubris","Infinite Spire","Minty Spire (QoL Compilation)","Quick Restart","Random Character Button","Relic Sorter","Replay The Spire","StSLib","SuperFastMode","Synergy Search","The Cursed","The Disciple","The Jungle","The Runesmith"],"gold_per_floor":[109,284,295,295,295,330,330,365,365,365,365,384,419,419,419,544,544,559,406,619,637,650,680,680,680,680],"floor_reached":25,"language":"ENG","playtime":891,"items_purged":[],"score":341,"play_id":"349b4d15-499d-4ec8-b2a0-1cfb1e375175","local_time":"20210211182011","is_ascension_mode":true,"campfire_choices":[{"floor":7,"key":"REST"},{"floor":10,"key":"REST"},{"floor":15,"key":"REST"},{"floor":24,"key":"REST"}],"circlet_count":0,"master_deck":["Strike_G","Strike_G","Strike_G+1","Strike_G","Strike_G","Defend_G+1","Defend_G","Defend_G","Defend_G","Defend_G","Survivor","Neutralize","Fluid Movement","Doubt","Amnesia","Pot Of Greed","Pot Of Greed","Poison Darts","infinitespire:Menacing","Fluid Movement","Bouncing Flask","Injury","Poison Darts","Bouncing Flask","CurseOfTheBell","Hidden Blade+1","Endless Agony+1","Toxin Wave"],"relics":["hermit:ClaspedLocket","TheCursedMod:OminousMark","Mark of the Bloom","Du-Vu Doll","bronze:ElectromagneticCoil","Slimebound:AbsorbEndCombat","Matryoshka","m_DevilBlood","Calling Bell","infinitespire:EmptyRelic","infinitespire:Chaos","Torii","Bag of Preparation","ReplayTheSpireMod:Shallot","Omamori","hubris:BottledRain"],"acts_visited":["Exordium","TheCity"],"potions_floor_usage":[6,18,23],"damage_taken":[{"damage":0,"enemies":"Jaw Worm","floor":1,"turns":6},{"damage":0,"enemies":"Small Slimes","floor":3,"turns":5},{"damage":47,"enemies":"Lagavulin","floor":6,"turns":17},{"damage":10,"enemies":"3 Sentries","floor":8,"turns":8},{"damage":0,"enemies":"2 Louse","floor":12,"turns":3},{"damage":0,"enemies":"Lagavulin","floor":13,"turns":7},{"damage":24,"enemies":"Fading Forest","floor":16,"turns":11},{"damage":8,"enemies":"2 Thieves","floor":18,"turns":2},{"damage":1,"enemies":"Chosen","floor":21,"turns":4},{"damage":10,"enemies":"Snake Plant","floor":22,"turns":5},{"damage":22,"enemies":"Gremlin Leader","floor":23,"turns":6},{"damage":0,"enemies":"3 Cultists","floor":25,"turns":1}],"seed_played":"-6490545702339744368","potions_obtained":[{"floor":3,"key":"PowerPotion"},{"floor":6,"key":"Death Potion"},{"floor":12,"key":"Swift Potion"},{"floor":20,"key":"Energy Potion"},{"floor":21,"key":"Poison Potion"}],"is_trial":false,"path_per_floor":["M","?","M","?","?","E","R","E","T","R","?","M","E","?","R","B",null,"M","$","?","M","M","E","R","M"],"character_chosen":"THE_SILENT","items_purchased":["infinitespire:Chaos"],"campfire_rested":4,"item_purchase_floors":[19],"current_hp_per_floor":[63,63,63,63,49,2,23,13,13,34,17,17,17,17,38,30,60,52,52,52,51,41,19,19,19,19],"gold":680,"neow_bonus":"NOSTALGIA","is_daily":false,"chose_seed":false,"campfire_upgraded":0,"win_rate":0.0,"timestamp":1613064011,"path_taken":["M","?","M","?","?","E","R","E","T","R","?","M","E","?","R","BOSS","M","$","?","M","M","E","R","M"],"items_purchased_type":["Relic"],"build_version":"2020-12-22","purchased_purges":0,"victory":false,"max_hp_per_floor":[70,70,70,70,70,70,70,70,70,70,70,70,70,70,70,70,70,70,70,70,70,70,70,70,70,70],"card_choices":[{"not_picked":["Body Slam","Cloak And Dagger"],"picked":"Fluid Movement","floor":1},{"not_picked":["Dual Wield","Slice","Eviscerate"],"picked":"SKIP","floor":3},{"not_picked":["Poisoned Stab","ReplayTheSpireMod:Necrosis"],"picked":"Poison Darts","floor":6},{"not_picked":["FTL","Backstab","Dagger Throw"],"picked":"SKIP","floor":8},{"not_picked":["infinitespire:DeathsTouch","infinitespire:Punishment"],"picked":"infinitespire:Menacing","floor":11},{"not_picked":["Dual Wield","Underhanded Strike"],"picked":"Fluid Movement","floor":12},{"not_picked":["Acrobatics","Rebound"],"picked":"Bouncing Flask","floor":13},{"not_picked":["Storm of Steel","Envenom"],"picked":"Poison Darts","floor":16},{"not_picked":["hubris:SlightOfHand","Backstab"],"picked":"Bouncing Flask","floor":18},{"not_picked":["Flying Knee","hexamod:RecurringNightmare"],"picked":"Hidden Blade+1","floor":20},{"not_picked":["PiercingWail","hexamod:SpectersWail"],"picked":"Endless Agony+1","floor":20},{"not_picked":["PiercingWail","Sucker Punch","Flechettes+1"],"picked":"SKIP","floor":21},{"not_picked":["Dark Embrace","hexamod:SpectersWail"],"picked":"Toxin Wave","floor":22},{"not_picked":["Escape Plan","hexamod:SpectersWail","ReplayTheSpireMod:The Works+1"],"picked":"SKIP","floor":23}],"player_experience":246715,"relics_obtained":[{"floor":4,"key":"Ring of Peace"},{"floor":6,"key":"Grinning Jar"},{"floor":8,"key":"CaptainsWheel"},{"floor":9,"key":"hubris:MysteriousPyramids"},{"floor":13,"key":"StoneCalendar"},{"floor":19,"key":"Torii"},{"floor":19,"key":"Bag of Preparation"},{"floor":19,"key":"ReplayTheSpireMod:Shallot"},{"floor":20,"key":"Omamori"},{"floor":23,"key":"hubris:BottledRain"}],"event_choices":[{"damage_healed":0,"gold_gain":175,"player_choice":"AGREE","damage_taken":0,"max_hp_gain":0,"max_hp_loss":0,"event_name":"Liars Game","floor":2,"gold_loss":0,"cards_obtained":["Doubt"]},{"damage_healed":0,"gold_gain":0,"player_choice":"Entered Light","damage_taken":14,"max_hp_gain":0,"max_hp_loss":0,"event_name":"Shining Light","floor":5,"gold_loss":0,"cards_upgraded":["Strike_G","Defend_G"]},{"damage_healed":0,"gold_gain":0,"player_choice":"Take Wound","damage_taken":0,"relics_obtained":["Golden Idol"],"max_hp_gain":0,"max_hp_loss":0,"event_name":"Golden Idol","floor":14,"gold_loss":0,"cards_obtained":["Injury"]}],"is_beta":false,"boss_relics":[{"not_picked":["Honey Jar","Ectoplasm"],"picked":"Sozu"}],"items_purged_floors":[],"is_endless":false,"potions_floor_spawned":[3,6,12,21,22],"killed_by":"3 Cultists","ascension_level":6}}