{"host":"ajxvnmsjfcleb5r5","time":1613012787,"event":{"mods":["2.2 Compatiblity","AchievementEnabler","BaseMod","Beaked The Cultist","Better Note","BetterRewards","Card Forge","Clawfect","Colored Powertips","DNKmod","Friendly Minions","Infinite Spire","Minty Spire (QoL Compilation)","Quick Restart","Shop Mod","StSLib","SuperFastMode"],"gold_per_floor":[118,118,128,55,75,107,107,464,464,464,492,512,524,542,542,638,638,656,671,681,114,133,133,159,159,159,159,159],"floor_reached":27,"language":"KOR","playtime":799,"items_purged":["Doubt"],"score":270,"play_id":"8f84106a-bde3-410f-96d7-f3f9710cac57","local_time":"20210211120627","is_ascension_mode":false,"campfire_choices":[{"data":"Hologram","floor":7,"key":"SMITH"},{"data":"Echo Form","floor":15,"key":"SMITH"},{"data":"Recycle","floor":23,"key":"SMITH"}],"circlet_count":0,"master_deck":["Gash","Gash","Gash","Gash+1","Gash","Defend_B","Defend_B","Defend_B","Defend_B","Defend_B","Hologram+1","Clawfect:ClawingBeam+1","Clawfect:ClawForOne","Echo Form+1","Reprogram","Clawfect:ClawCell","Echo Form","Clawfect:Clawter+1","FTL","White Noise","Secret Weapon","Recycle+1"],"relics":["Burning Blood","Hammer of Thor","Seething Fire","Anvil of the Gods","Girya","Boot","infinitespire:Lychee Nut","infinitespire:Cubic Diamond","PreservedInsect","Old Coin","infinitespire:EmpoweringShard","Happy Flower","Sozu","infinitespire:Freezer","Tiny Chest","beaked:ShinyBauble","Meat on the Bone"],"acts_visited":["Exordium","TheCity"],"potions_floor_usage":[],"damage_taken":[{"damage":1,"enemies":"Jaw Worm","floor":1,"turns":4},{"damage":3,"enemies":"2 Louse","floor":3,"turns":4},{"damage":5,"enemies":"Small Slimes","floor":5,"turns":3},{"damage":4,"enemies":"3 Sentries","floor":6,"turns":7},{"damage":8,"enemies":"Gremlin Nob","floor":8,"turns":3},{"damage":12,"enemies":"Lagavulin","floor":11,"turns":4},{"damage":12,"enemies":"Exordium Wildlife","floor":12,"turns":4},{"damage":5,"enemies":"3 Louse","floor":13,"turns":3},{"damage":10,"enemies":"Looter","floor":14,"turns":4},{"damage":8,"enemies":"The Guardian","floor":16,"turns":5},{"damage":12,"enemies":"3 Byrds","floor":18,"turns":4},{"damage":15,"enemies":"2 Thieves","floor":19,"turns":3},{"damage":24,"enemies":"Snake Plant","floor":20,"turns":3},{"damage":11,"enemies":"3 Cultists","floor":22,"turns":3},{"damage":34,"enemies":"Slavers","floor":24,"turns":4},{"damage":19,"enemies":"Centurion and Healer","floor":27,"turns":1}],"seed_played":"-3508838708556180847","potions_obtained":[{"floor":5,"key":"Ancient Potion"},{"floor":6,"key":"Ancient Potion"},{"floor":8,"key":"LiquidMemories"}],"is_trial":false,"path_per_floor":["M","?","M","$","M","E","R","?","T","?","E","M","M","M","R","B",null,"M","M","M","$","M","R","E","?","T","M"],"character_chosen":"DEFECT","items_purchased":["Hologram","Clawfect:ClawingBeam","infinitespire:Freezer","Tiny Chest","Secret Weapon"],"campfire_rested":0,"item_purchase_floors":[4,4,21,21,21],"current_hp_per_floor":[56,56,56,56,56,56,56,54,54,43,43,43,49,51,51,55,56,51,47,34,34,34,34,12,12,12,0,0],"gold":159,"neow_bonus":"ONE_RARE_RELIC","is_daily":false,"chose_seed":false,"campfire_upgraded":3,"win_rate":0.0,"timestamp":1613012787,"path_taken":["M","?","M","$","M","E","R","?","T","?","E","M","?","M","R","BOSS","M","M","M","$","M","R","E","?","T","?"],"items_purchased_type":["Card","Card","Relic","Relic","Card"],"build_version":"2020-12-22","purchased_purges":1,"victory":false,"max_hp_per_floor":[56,56,56,56,56,56,56,56,56,56,56,56,56,56,56,56,56,56,56,56,56,56,56,56,56,56,56,56],"card_choices":[{"not_picked":["Fusion","Clawfect:ScrapingClaw","Conserve Battery"],"picked":"SKIP","floor":1},{"not_picked":["Force Field","Sunder","Hello World"],"picked":"SKIP","floor":3},{"not_picked":["Heatsinks","Rebound"],"picked":"Steam Power","floor":5},{"not_picked":["Genetic Algorithm","Clawfect:ClawLightning"],"picked":"Clawfect:ClawForOne","floor":6},{"not_picked":["Clawfect:ClawLightning","Clawfect:ClawForTheEyes"],"picked":"Echo Form","floor":11},{"not_picked":["Rebound","Stack","Hologram"],"picked":"SKIP","floor":12},{"not_picked":["Stack","Turbo"],"picked":"Reprogram","floor":13},{"not_picked":["Gash","Genetic Algorithm"],"picked":"Clawfect:ClawCell","floor":14},{"not_picked":["Amplify","Biased Cognition"],"picked":"Echo Form","floor":16},{"not_picked":["Force Field","Clawfect:Clawline"],"picked":"Clawfect:Clawter+1","floor":18},{"not_picked":["Conserve Battery+1","Clawfect:Clawline"],"picked":"FTL","floor":19},{"not_picked":["Clawfect:ClawSnap","Undo+1"],"picked":"White Noise","floor":20},{"not_picked":["Capacitor","Clawfect:ClawAndTear"],"picked":"Recycle","floor":22},{"not_picked":["Conserve Battery","Rebound+1","Aggregate"],"picked":"SKIP","floor":24}],"player_experience":177381,"relics_obtained":[{"floor":6,"key":"PreservedInsect"},{"floor":8,"key":"Old Coin"},{"floor":9,"key":"infinitespire:EmpoweringShard"},{"floor":11,"key":"Happy Flower"},{"floor":24,"key":"beaked:ShinyBauble"},{"floor":26,"key":"Meat on the Bone"}],"event_choices":[{"damage_healed":0,"gold_gain":0,"player_choice":"Searched \u00271\u0027 times","damage_taken":0,"max_hp_gain":0,"max_hp_loss":0,"event_name":"Dead Adventurer","floor":8,"gold_loss":0},{"damage_healed":0,"gold_gain":0,"player_choice":"Entered Light","damage_taken":11,"max_hp_gain":0,"max_hp_loss":0,"event_name":"Shining Light","floor":10,"gold_loss":0,"cards_upgraded":["Clawfect:ClawingBeam","Gash"]},{"cards_removed":["Steam Power"],"damage_healed":0,"gold_gain":0,"player_choice":"Purged","damage_taken":0,"max_hp_gain":0,"max_hp_loss":0,"event_name":"Purifier","floor":25,"gold_loss":0}],"is_beta":false,"boss_relics":[{"not_picked":["Runic Dome","Tiny House"],"picked":"Sozu"}],"items_purged_floors":[21],"is_endless":false,"potions_floor_spawned":[5,6,8,14,20],"killed_by":"Centurion and Healer","ascension_level":0}}