{"host":"pasuo0d4pcp4ckc0","time":1613011636,"event":{"mods":["AchievementEnabler","BaseMod","Colored Powertips","Highlight Path","Minty Spire (QoL Compilation)","Permanent Neow","Quick Restart","Relic Stats","Slay-I","StSLib"],"gold_per_floor":[366,380,398,29,47,47,72,98,124,154,154,173,173,186,186,288,288,305,230,75,75,75,75,88,107,107,140,140,154,54,72,72,172,172,189,208,0,18,18,18,31,61,73,111,123,162,23,76,76,76],"floor_reached":51,"language":"ENG","playtime":2651,"items_purged":["Strike_R","Strike_R"],"score":876,"play_id":"53a8acb1-b7e1-4553-ab72-130cfad4fac1","local_time":"20210210184716","is_ascension_mode":true,"campfire_choices":[{"floor":6,"key":"DIG"},{"floor":11,"key":"REST"},{"floor":15,"key":"DIG"},{"floor":28,"key":"DIG"},{"data":"Bludgeon","floor":32,"key":"SMITH"},{"floor":40,"key":"DIG"},{"floor":45,"key":"DIG"},{"floor":49,"key":"DIG"}],"circlet_count":0,"master_deck":["Strike_R","Strike_R","Defend_R","Defend_R","Defend_R","Defend_R","Bash","Flame Barrier","Clash","Clash","Intimidate","Thunderclap","Rampage","Bludgeon+1","Headbutt+1","Metallicize","Necronomicurse","Clash","Warcry+1","Second Wind+1","Shrug It Off+1","Impervious+1","Warcry+1","Whirlwind+1","Clothesline+1"],"relics":["Burning Blood","Shovel","Nunchaku","Centennial Puzzle","Odd Mushroom","Lantern","Pear","Pantograph","Mark of Pain","Boot","Necronomicon","Meat on the Bone","Toxic Egg 2","Calipers","Busted Crown","Red Mask","TungstenRod","MawBank","Peace Pipe","Blood Vial","Bag of Marbles","Ornamental Fan","Sling","Prayer Wheel","Self Forming Clay"],"acts_visited":["Exordium","TheCity","TheBeyond"],"potions_floor_usage":[10,27,50],"damage_taken":[{"damage":6,"enemies":"Jaw Worm","floor":1,"turns":4},{"damage":2,"enemies":"2 Louse","floor":2,"turns":3},{"damage":5,"enemies":"Small Slimes","floor":3,"turns":5},{"damage":4,"enemies":"2 Fungi Beasts","floor":5,"turns":3},{"damage":16,"enemies":"3 Sentries","floor":7,"turns":9},{"damage":50,"enemies":"The Mushroom Lair","floor":8,"turns":5},{"damage":21,"enemies":"Lagavulin","floor":10,"turns":9},{"damage":17,"enemies":"Large Slime","floor":12,"turns":8},{"damage":0,"enemies":"3 Louse","floor":14,"turns":2},{"damage":21,"enemies":"Slime Boss","floor":16,"turns":9},{"damage":10,"enemies":"3 Byrds","floor":18,"turns":5},{"damage":7,"enemies":"Shell Parasite","floor":24,"turns":4},{"damage":9,"enemies":"Chosen and Byrds","floor":25,"turns":4},{"damage":25,"enemies":"Slavers","floor":27,"turns":6},{"damage":14,"enemies":"Centurion and Healer","floor":29,"turns":3},{"damage":0,"enemies":"Snake Plant","floor":31,"turns":2},{"damage":25,"enemies":"Champ","floor":33,"turns":10},{"damage":0,"enemies":"Orb Walker","floor":35,"turns":1},{"damage":13,"enemies":"3 Shapes","floor":36,"turns":6},{"damage":4,"enemies":"Writhing Mass","floor":38,"turns":6},{"damage":0,"enemies":"Spire Growth","floor":41,"turns":1},{"damage":41,"enemies":"Reptomancer","floor":42,"turns":4},{"damage":21,"enemies":"Giant Head","floor":44,"turns":6},{"damage":29,"enemies":"Nemesis","floor":46,"turns":5},{"damage":0,"enemies":"2 Orb Walkers","floor":48,"turns":2},{"damage":75,"enemies":"Awakened One","floor":50,"turns":12}],"seed_played":"-3109205016435721023","potions_obtained":[{"floor":1,"key":"FairyPotion"},{"floor":2,"key":"Regen Potion"},{"floor":7,"key":"FairyPotion"},{"floor":16,"key":"Block Potion"},{"floor":33,"key":"Block Potion"},{"floor":44,"key":"BloodPotion"}],"is_trial":false,"path_per_floor":["M","M","M","$","M","R","E","?","T","E","R","M","?","M","R","B",null,"M","?","$","?","?","?","M","M","T","E","R","M","$","M","R","B",null,"M","M","?","M","?","R","M","E","T","E","R","E","$","?","R","B",null],"character_chosen":"IRONCLAD","items_purchased":["Shovel","Boot","Sling"],"campfire_rested":1,"item_purchase_floors":[4,20,47],"current_hp_per_floor":[56,60,61,61,63,63,53,9,9,19,46,35,35,41,41,51,90,86,86,86,86,70,70,69,66,66,59,59,63,63,69,69,71,90,90,83,83,85,85,85,85,50,50,47,47,38,38,58,58,45],"gold":76,"neow_bonus":"TWO_FIFTY_GOLD","is_daily":false,"chose_seed":false,"campfire_upgraded":1,"win_rate":0.0,"timestamp":1613011636,"path_taken":["M","M","M","$","M","R","E","?","T","E","R","M","?","M","R","BOSS","M","?","$","?","?","?","M","M","T","E","R","M","$","M","R","BOSS","M","M","?","M","?","R","M","E","T","E","R","E","$","?","R","BOSS"],"items_purchased_type":["Relic","Relic","Relic"],"build_version":"2020-12-22","purchased_purges":2,"victory":true,"max_hp_per_floor":[80,80,80,80,80,80,80,80,80,90,90,90,90,90,90,90,90,90,90,90,90,90,90,90,90,90,90,90,90,90,90,90,90,90,90,90,90,90,85,85,85,85,85,85,85,85,85,85,85,85],"relic_stats":{"counters":[26,134],"Self Forming Clay":[21],"Boot":[62],"MawBank":60,"Burning Blood":144,"Peace Pipe":0,"Blood Vial":6,"Nunchaku":[24],"Centennial Puzzle":[48],"Shovel":6,"Busted Crown":16,"Ornamental Fan":[40],"Pantograph":71,"Prayer Wheel":0,"Necronomicon":[39],"obtain_stats":[{"Lantern":9,"Calipers":28,"Boot":20,"Sling":47,"Burning Blood":0,"Blood Vial":44,"Nunchaku":6,"Centennial Puzzle":7,"Shovel":4,"Pantograph":15,"Prayer Wheel":48,"Necronomicon":22,"Red Mask":37,"Toxic Egg 2":27,"Pear":10,"Self Forming Clay":49,"Odd Mushroom":8,"MawBank":42,"Peace Pipe":43,"Busted Crown":34,"Ornamental Fan":46,"Mark of Pain":17,"Bag of Marbles":45,"TungstenRod":40,"Meat on the Bone":26},{"Lantern":6,"Calipers":14,"Boot":11,"Sling":24,"Burning Blood":0,"Blood Vial":23,"Nunchaku":4,"Centennial Puzzle":5,"Shovel":3,"Pantograph":9,"Prayer Wheel":25,"Necronomicon":11,"Red Mask":19,"Toxic Egg 2":14,"Pear":7,"Self Forming Clay":25,"Odd Mushroom":6,"MawBank":22,"Peace Pipe":22,"Busted Crown":17,"Ornamental Fan":24,"Mark of Pain":10,"Bag of Marbles":23,"TungstenRod":20,"Meat on the Bone":13},{"Lantern":29,"Calipers":76,"Boot":62,"Sling":120,"Burning Blood":0,"Blood Vial":115,"Nunchaku":15,"Centennial Puzzle":24,"Shovel":12,"Pantograph":48,"Prayer Wheel":122,"Necronomicon":62,"Red Mask":98,"Toxic Egg 2":76,"Pear":38,"Self Forming Clay":122,"Odd Mushroom":29,"MawBank":109,"Peace Pipe":109,"Busted Crown":91,"Ornamental Fan":120,"Mark of Pain":57,"Bag of Marbles":115,"TungstenRod":104,"Meat on the Bone":70}],"TungstenRod":14,"Meat on the Bone":72},"card_choices":[{"not_picked":["True Grit","Heavy Blade"],"picked":"Flame Barrier","floor":1},{"not_picked":["Flex","Spot Weakness"],"picked":"Clash","floor":2},{"not_picked":["Armaments","Shockwave"],"picked":"Clash","floor":3},{"not_picked":["Iron Wave","Clash","Power Through"],"picked":"SKIP","floor":5},{"not_picked":["Hemokinesis","Searing Blow","Evolve"],"picked":"SKIP","floor":7},{"not_picked":["Dark Embrace","Rupture"],"picked":"Intimidate","floor":8},{"not_picked":["Spot Weakness","Combust","Brutality"],"picked":"SKIP","floor":10},{"not_picked":["Flame Barrier","Pommel Strike"],"picked":"Thunderclap","floor":12},{"not_picked":["Twin Strike","Whirlwind"],"picked":"Rampage","floor":14},{"not_picked":["Juggernaut","Brutality"],"picked":"Bludgeon","floor":16},{"not_picked":["Searing Blow","Wild Strike"],"picked":"Headbutt+1","floor":18},{"not_picked":["Dropkick","Heavy Blade"],"picked":"Clash","floor":24},{"not_picked":["Clothesline","Disarm","Feel No Pain+1"],"picked":"SKIP","floor":25},{"not_picked":["Cleave","Body Slam"],"picked":"Warcry+1","floor":27},{"not_picked":["True Grit+1","Anger"],"picked":"Second Wind+1","floor":29},{"not_picked":["Hemokinesis","Sever Soul"],"picked":"Shrug It Off+1","floor":31},{"not_picked":["Berserk","Limit Break+1"],"picked":"Impervious+1","floor":33},{"not_picked":["Sever Soul+1"],"picked":"SKIP","floor":35},{"not_picked":[],"picked":"Warcry+1","floor":36},{"not_picked":[],"picked":"Whirlwind+1","floor":38},{"not_picked":["Rupture+1"],"picked":"SKIP","floor":41},{"not_picked":["Second Wind+1"],"picked":"SKIP","floor":42},{"not_picked":["Barricade"],"picked":"SKIP","floor":44},{"not_picked":["Reckless Charge+1"],"picked":"SKIP","floor":46},{"not_picked":[],"picked":"Clothesline+1","floor":48}],"player_experience":325343,"relics_obtained":[{"floor":6,"key":"Nunchaku"},{"floor":7,"key":"Centennial Puzzle"},{"floor":8,"key":"Odd Mushroom"},{"floor":9,"key":"Lantern"},{"floor":10,"key":"Pear"},{"floor":15,"key":"Pantograph"},{"floor":22,"key":"Necronomicon"},{"floor":26,"key":"Meat on the Bone"},{"floor":27,"key":"Toxic Egg 2"},{"floor":28,"key":"Calipers"},{"floor":40,"key":"TungstenRod"},{"floor":42,"key":"MawBank"},{"floor":43,"key":"Peace Pipe"},{"floor":44,"key":"Blood Vial"},{"floor":45,"key":"Bag of Marbles"},{"floor":46,"key":"Ornamental Fan"},{"floor":48,"key":"Prayer Wheel"},{"floor":49,"key":"Self Forming Clay"}],"event_choices":[{"damage_healed":0,"gold_gain":0,"player_choice":"Fought Mushrooms","damage_taken":0,"max_hp_gain":0,"max_hp_loss":0,"event_name":"Mushrooms","floor":8,"gold_loss":0},{"damage_healed":0,"gold_gain":0,"player_choice":"Ignored","damage_taken":0,"max_hp_gain":0,"max_hp_loss":0,"event_name":"Liars Game","floor":13,"gold_loss":0},{"cards_removed":["Strike_R"],"damage_healed":0,"gold_gain":0,"player_choice":"Gave Gold","damage_taken":0,"max_hp_gain":0,"max_hp_loss":0,"event_name":"Beggar","floor":19,"gold_loss":75},{"damage_healed":0,"gold_gain":0,"player_choice":"Read","damage_taken":0,"max_hp_gain":0,"max_hp_loss":0,"event_name":"The Library","floor":21,"gold_loss":0,"cards_obtained":["Metallicize"]},{"damage_healed":0,"gold_gain":0,"player_choice":"Obtained Book","damage_taken":16,"max_hp_gain":0,"max_hp_loss":0,"event_name":"Cursed Tome","floor":22,"gold_loss":0},{"damage_healed":0,"gold_gain":0,"player_choice":"Ignored","damage_taken":0,"max_hp_gain":0,"max_hp_loss":0,"event_name":"Ghosts","floor":23,"gold_loss":0},{"damage_healed":0,"gold_gain":0,"player_choice":"Paid","damage_taken":0,"relics_obtained":["Red Mask"],"max_hp_gain":0,"max_hp_loss":0,"event_name":"Tomb of Lord Red Mask","floor":37,"gold_loss":208},{"damage_healed":0,"gold_gain":0,"player_choice":"Max HP","damage_taken":0,"max_hp_gain":0,"max_hp_loss":5,"event_name":"Winding Halls","floor":39,"gold_loss":0},{"damage_healed":0,"gold_gain":0,"player_choice":"Fight","damage_taken":0,"max_hp_gain":0,"max_hp_loss":0,"event_name":"Mysterious Sphere","floor":48,"gold_loss":0}],"is_beta":false,"boss_relics":[{"not_picked":["Runic Dome","Fusion Hammer"],"picked":"Mark of Pain"},{"not_picked":["Tiny House","SlaversCollar"],"picked":"Busted Crown"}],"items_purged_floors":[4,30],"is_endless":false,"potions_floor_spawned":[1,2,7,16,18,24,25,33,38,42,44,48],"ascension_level":1}}