{"host":"8u1cu4kisw6g21am","time":1613010520,"event":{"mods":["AchievementEnabler","BaseMod","Bestiary","BetterRewards","Minty Spire (QoL Compilation)","Quick Restart","Shop Mod"],"gold_per_floor":[109,184,196,210,229,229,259,259,285,304,339,339,350,362,362,459,459,459,459],"floor_reached":18,"language":"ENG","playtime":1285,"items_purged":[],"score":174,"play_id":"cd4a192d-6e7f-4e99-99d8-f89c97964056","local_time":"20210210212840","is_ascension_mode":false,"campfire_choices":[{"data":"Loop","floor":6.0,"key":"SMITH"},{"data":"Storm","floor":8.0,"key":"SMITH"},{"floor":12.0,"key":"REST"},{"data":"Amplify","floor":15.0,"key":"SMITH"}],"circlet_count":0,"master_deck":["Strike_B","Strike_B+1","Strike_B","Strike_B","Defend_B","Defend_B","Defend_B","Defend_B","Zap","Dualcast","Glacier","Genetic Algorithm","Barrage+1","Loop+1","Storm+1","Biased Cognition","Amplify+1","Beam Cell","Compile Driver","Fission"],"relics":["Cracked Core","Potion Belt","Whetstone","Tiny Chest","Runic Pyramid"],"acts_visited":["Exordium","TheCity"],"potions_floor_usage":[],"damage_taken":[{"damage":6.0,"enemies":"2 Louse","floor":1.0,"turns":2.0},{"damage":1.0,"enemies":"Cultist","floor":3.0,"turns":3.0},{"damage":0.0,"enemies":"Small Slimes","floor":4.0,"turns":4.0},{"damage":16.0,"enemies":"Gremlin Gang","floor":5.0,"turns":5.0},{"damage":16.0,"enemies":"Lagavulin","floor":7.0,"turns":6.0},{"damage":10.0,"enemies":"Looter","floor":10.0,"turns":3.0},{"damage":14.0,"enemies":"Gremlin Nob","floor":11.0,"turns":3.0},{"damage":8.0,"enemies":"3 Louse","floor":13.0,"turns":2.0},{"damage":0.0,"enemies":"Exordium Wildlife","floor":14.0,"turns":3.0},{"damage":21.0,"enemies":"Slime Boss","floor":16.0,"turns":8.0},{"damage":0,"enemies":"3 Byrds","floor":18,"turns":2}],"seed_played":"2113976609738968978","potions_obtained":[{"floor":1.0,"key":"Dexterity Potion"},{"floor":3.0,"key":"Swift Potion"},{"floor":4.0,"key":"DistilledChaos"},{"floor":10.0,"key":"GamblersBrew"},{"floor":11.0,"key":"Explosive Potion"},{"floor":16.0,"key":"AttackPotion"}],"is_trial":false,"path_per_floor":["M","?","M","M","M","R","E","R","T","M","E","R","M","M","R","B",null,"M"],"character_chosen":"DEFECT","items_purchased":[],"campfire_rested":1,"item_purchase_floors":[],"current_hp_per_floor":[76,68,67,67,51,51,35,35,35,25,11,35,27,27,27,6,82,82,82],"gold":459,"neow_bonus":"TEN_PERCENT_HP_BONUS","is_daily":false,"chose_seed":false,"campfire_upgraded":3,"win_rate":0.0,"timestamp":1613010520,"path_taken":["M","?","?","M","M","R","E","R","T","M","E","R","M","M","R","BOSS","M"],"items_purchased_type":[],"build_version":"2020-12-22","purchased_purges":0,"victory":false,"max_hp_per_floor":[82,82,82,82,82,82,82,82,82,82,82,82,82,82,82,82,82,82,82],"card_choices":[{"not_picked":["Steam Power","Beam Cell"],"picked":"Glacier","floor":1.0},{"not_picked":["Chaos","Reprogram"],"picked":"Genetic Algorithm","floor":3.0},{"not_picked":["Go for the Eyes","Streamline"],"picked":"Barrage","floor":4.0},{"not_picked":["Doom and Gloom","Steam"],"picked":"Loop","floor":5.0},{"not_picked":["Reprogram","Conserve Battery"],"picked":"Storm","floor":7.0},{"not_picked":["Auto Shields","Redo"],"picked":"Biased Cognition","floor":10.0},{"not_picked":["Gash","Compile Driver"],"picked":"Amplify","floor":11.0},{"not_picked":["Compile Driver","Gash"],"picked":"Beam Cell","floor":13.0},{"not_picked":["Cold Snap","Barrage"],"picked":"Compile Driver","floor":14.0},{"not_picked":["All For One","Multi-Cast"],"picked":"Fission","floor":16.0}],"player_experience":105619,"relics_obtained":[{"floor":7.0,"key":"Potion Belt"},{"floor":9.0,"key":"Whetstone"},{"floor":11.0,"key":"Tiny Chest"}],"event_choices":[{"damage_healed":0.0,"max_hp_gain":0.0,"max_hp_loss":0.0,"gold_gain":75.0,"event_name":"FaceTrader","player_choice":"Touch","floor":2.0,"gold_loss":0.0,"damage_taken":8.0}],"is_beta":false,"boss_relics":[{"not_picked":["Empty Cage","SacredBark"],"picked":"Runic Pyramid"}],"items_purged_floors":[],"is_endless":false,"potions_floor_spawned":[1,3,4,10,11,16],"killed_by":"3 Byrds","ascension_level":0}}