{"host":"r40cn8c2kv7g6k3i","time":1613021372,"event":{"mods":["ATMod(∞¢Ë™Mod)","Act Like it!","BaseMod","Colored Powertips","Downfall","Gensokyo","Hallownest","KinomotoSakuraMod(ƒæ÷Æ±æ”£)","KomeijiMod","Marisa£®ÏF”Í°°ƒß¿Ì…≥£©","Minty Spire (QoL Compilation)","Onozuka Komachi Mod","Prisma Mod","Reimu£®≤©¿ˆ¡È√Œ£©","Remilia£®¿Ÿ√◊¿Ú—«£©","Replay The Spire","Shop Mod","Spicy Shops","StSLib","The Alterego","The Bug Knight","The Servant 0.9.4","UnlockEverythingMod","WarShipGirlsR/’ΩΩ¢…Ÿ≈ÆR mod","Youmu£®ªÍ∆«—˝√Œ£©","Yuri Mod"],"gold_per_floor":[116,128,128,138,17,17,27,27,27],"floor_reached":8,"language":"ZHS","playtime":633,"items_purged":[],"score":58,"play_id":"d1378bd9-2b04-4cc1-a8ff-1b57f4a8d40b","local_time":"20210211132932","is_ascension_mode":true,"campfire_choices":[{"data":"AT_KingSlayer","floor":6,"key":"SMITH"}],"circlet_count":0,"master_deck":["Strike_MRS","Strike_MRS","Strike_MRS","Strike_MRS","Defend_MRS","Defend_MRS","Defend_MRS","Defend_MRS","MasterSpark","UpSweep","AT_KingSlayer+1","SporeBomb","ChargeUpSpray","EventHorizon","WitchOfGreed"],"relics":["MiniHakkero","AT_ATBox","AT_GoldPhoenixTree","Ring of Panic","ReplayTheSpireMod:Ring of Addiction","Toy Ornithopter","Chameleon Ring","AT_ArchangelStaff"],"acts_visited":["Gensokyo:Gensokyo"],"potions_floor_usage":[8,8,8],"damage_taken":[{"damage":7,"enemies":"Gensokyo:3_Fairies","floor":1,"turns":3},{"damage":0,"enemies":"Gensokyo:Python","floor":2,"turns":3},{"damage":5,"enemies":"Gensokyo:2_Kodama","floor":4,"turns":2},{"damage":18,"enemies":"Gensokyo:CorruptedTreant","floor":7,"turns":4},{"damage":44,"enemies":"Gensokyo:Mamizou","floor":8,"turns":7}],"seed_played":"-2965228632669971823","potions_obtained":[{"floor":2,"key":"LiquidBronze"},{"floor":3,"key":"Explosive Potion"},{"floor":3,"key":"Block Potion"}],"is_trial":false,"path_per_floor":["M","M","?","M","COS","R","M","E"],"character_chosen":"MARISA","items_purchased":[],"campfire_rested":0,"item_purchase_floors":[],"current_hp_per_floor":[47,47,47,42,42,42,24,0,0],"gold":27,"neow_bonus":"ONE_RARE_RELIC","is_daily":false,"chose_seed":false,"campfire_upgraded":1,"win_rate":0.0,"timestamp":1613021372,"path_taken":["M","M","?","M","COS","R","M","E"],"items_purchased_type":[],"build_version":"2020-12-22","purchased_purges":0,"victory":false,"max_hp_per_floor":[75,75,75,75,75,75,73,73,73],"card_choices":[{"not_picked":["WitchLeyline","IllusionStar"],"picked":"SporeBomb","floor":1},{"not_picked":["OortCloud","EnergyFlow"],"picked":"ChargeUpSpray","floor":2},{"not_picked":["DarkSpark","MachineGunSpark"],"picked":"EventHorizon","floor":4},{"not_picked":["WitchLeyline","EventHorizon"],"picked":"WitchOfGreed","floor":7}],"player_experience":181467,"relics_obtained":[{"floor":3,"key":"Ring of Panic"},{"floor":3,"key":"ReplayTheSpireMod:Ring of Addiction"},{"floor":3,"key":"Toy Ornithopter"},{"floor":3,"key":"Chameleon Ring"}],"event_choices":[],"is_beta":false,"boss_relics":[],"items_purged_floors":[],"is_endless":false,"potions_floor_spawned":[2,4,7],"killed_by":"Gensokyo:Mamizou","ascension_level":4}}