{"host":"8u1cu4kisw6g21am","time":1613022784,"event":{"mods":["AchievementEnabler","BaseMod","Bestiary","BetterRewards","Minty Spire (QoL Compilation)","Quick Restart","Shop Mod"],"gold_per_floor":[119,119,134,155,155,196,196,227,253,268,281,281,356,374,374,495,558,577,502,682,707,720,720,759,674,700,197,197,11,11,40,40,143,143,159,99,113,125,138,138,167,167,167],"floor_reached":42,"language":"ENG","playtime":6667,"items_purged":["Defend_B","Consume"],"score":501,"play_id":"c6372f95-0381-492d-963d-1859f9e2cc47","local_time":"20210211005304","is_ascension_mode":false,"campfire_choices":[{"floor":7.0,"key":"REST"},{"floor":12.0,"key":"REST"},{"floor":15.0,"key":"REST"},{"data":"Fission","floor":23.0,"key":"SMITH"},{"floor":30.0,"key":"REST"},{"data":"Zap","floor":32.0,"key":"SMITH"},{"data":"Double Energy","floor":40,"key":"SMITH"}],"circlet_count":0,"master_deck":["Strike_B+1","Strike_B+1","Defend_B+1","Defend_B+1","Zap+1","Dualcast","Sweeping Beam","Ball Lightning+1","Fission+1","Chaos","Ball Lightning","Electrodynamics","Redo","Double Energy+1","Conserve Battery+1","Echo Form","Static Discharge","Genetic Algorithm","Multi-Cast","Lockon+1"],"relics":["Cracked Core","Bloody Idol","Orichalcum","Bronze Scales","Smiling Mask","Lantern","Ancient Tea Set","MerchantsRug","Boot","Unceasing Top","Nuclear Battery","FossilizedHelix"],"acts_visited":["Exordium","TheCity","TheBeyond"],"potions_floor_usage":[38,41,42],"damage_taken":[{"damage":1.0,"enemies":"Jaw Worm","floor":1.0,"turns":3.0},{"damage":10.0,"enemies":"Small Slimes","floor":3.0,"turns":3.0},{"damage":1.0,"enemies":"Cultist","floor":4.0,"turns":4.0},{"damage":38.0,"enemies":"Gremlin Nob","floor":6.0,"turns":4.0},{"damage":22.0,"enemies":"3 Sentries","floor":8.0,"turns":5.0},{"damage":0.0,"enemies":"Exordium Wildlife","floor":10.0,"turns":3.0},{"damage":0.0,"enemies":"Large Slime","floor":11.0,"turns":5.0},{"damage":6.0,"enemies":"Looter","floor":14.0,"turns":3.0},{"damage":17.0,"enemies":"The Guardian","floor":16.0,"turns":8.0},{"damage":14.0,"enemies":"2 Thieves","floor":18.0,"turns":2.0},{"damage":2.0,"enemies":"Chosen","floor":21.0,"turns":4.0},{"damage":13.0,"enemies":"Sentry and Sphere","floor":22.0,"turns":5.0},{"damage":16.0,"enemies":"Slavers","floor":24.0,"turns":2.0},{"damage":5.0,"enemies":"Gremlin Leader","floor":31.0,"turns":5.0},{"damage":57,"enemies":"Champ","floor":33,"turns":8},{"damage":6,"enemies":"3 Shapes","floor":35,"turns":3},{"damage":24,"enemies":"3 Darklings","floor":37,"turns":4},{"damage":9,"enemies":"4 Shapes","floor":38,"turns":1},{"damage":36,"enemies":"Transient","floor":39,"turns":5},{"damage":31,"enemies":"Reptomancer","floor":41,"turns":3},{"damage":14,"enemies":"Sphere and 2 Shapes","floor":42,"turns":3}],"seed_played":"-8014622338725989957","potions_obtained":[{"floor":6.0,"key":"Weak Potion"},{"floor":8.0,"key":"SkillPotion"},{"floor":16.0,"key":"Dexterity Potion"},{"floor":17.0,"key":"BlessingOfTheForge"},{"floor":18.0,"key":"ColorlessPotion"},{"floor":22.0,"key":"DistilledChaos"},{"floor":24.0,"key":"SkillPotion"},{"floor":33,"key":"GamblersBrew"},{"floor":37,"key":"GamblersBrew"}],"is_trial":false,"path_per_floor":["M","?","M","M","?","E","R","E","T","M","M","R","?","M","R","B",null,"M","?","?","M","M","R","E","?","T","$","?","$","R","E","R","B",null,"M","?","M","M","M","R","E","M"],"character_chosen":"DEFECT","items_purchased":["Echo Form","Ancient Tea Set","MerchantsRug","Static Discharge","Boot"],"campfire_rested":4,"item_purchase_floors":[27,27,27,29,29],"current_hp_per_floor":[81,61,51,50,50,12,36,14,14,14,14,38,27,21,45,28,87,73,73,54,52,39,39,23,23,23,23,23,38,64,64,64,12,87,86,86,67,63,32,32,6,0,0],"gold":167,"neow_bonus":"TEN_PERCENT_HP_BONUS","is_daily":false,"chose_seed":false,"campfire_upgraded":3,"win_rate":0.0,"timestamp":1613022784,"path_taken":["M","?","M","M","?","E","R","E","T","M","?","R","?","M","R","BOSS","M","?","?","M","?","R","E","?","T","$","?","$","R","E","R","BOSS","M","?","M","?","M","R","E","M"],"items_purchased_type":["Card","Relic","Relic","Card","Relic"],"build_version":"2020-12-22","purchased_purges":2,"victory":false,"max_hp_per_floor":[82,82,82,82,82,82,82,82,82,82,82,82,82,82,82,82,87,87,87,87,87,87,87,87,87,87,87,87,87,87,87,87,87,87,87,87,87,87,87,87,87,87,87],"card_choices":[{"not_picked":["Stack","Cold Snap","Scrape"],"picked":"SKIP","floor":1.0},{"not_picked":["Rebound","Gash"],"picked":"Sweeping Beam","floor":3.0},{"not_picked":["BootSequence","Reinforced Body"],"picked":"Consume","floor":4.0},{"not_picked":["Beam Cell","Leap"],"picked":"Ball Lightning","floor":6.0},{"not_picked":["Rebound","Leap"],"picked":"Fission","floor":8.0},{"not_picked":["Ball Lightning","Rip and Tear"],"picked":"Chaos","floor":10.0},{"not_picked":["Tempest","Skim","Beam Cell"],"picked":"SKIP","floor":11.0},{"not_picked":["Blizzard","Leap"],"picked":"Ball Lightning","floor":14.0},{"not_picked":["Fission","Amplify"],"picked":"Electrodynamics","floor":16.0},{"not_picked":["Steam+1","Streamline"],"picked":"Redo","floor":18.0},{"not_picked":["Undo","Barrage","Compile Driver"],"picked":"SKIP","floor":21.0},{"not_picked":["Reinforced Body","Machine Learning"],"picked":"Double Energy","floor":22.0},{"not_picked":["Reprogram+1","Storm"],"picked":"Conserve Battery+1","floor":24.0},{"not_picked":["Go for the Eyes+1","Stack"],"picked":"Genetic Algorithm","floor":31.0},{"not_picked":["Amplify","Rainbow"],"picked":"Multi-Cast","floor":33},{"not_picked":["Coolheaded","Rebound","Beam Cell+1"],"picked":"SKIP","floor":35},{"not_picked":["FTL+1","Coolheaded","Fusion+1"],"picked":"SKIP","floor":37},{"not_picked":["Static Discharge","Coolheaded+1","Gash+1"],"picked":"SKIP","floor":38},{"not_picked":["Steam+1","Leap"],"picked":"Lockon+1","floor":39},{"not_picked":["Reinforced Body","Streamline","Hologram"],"picked":"SKIP","floor":41}],"player_experience":108350,"relics_obtained":[{"floor":6.0,"key":"Orichalcum"},{"floor":8.0,"key":"Whetstone"},{"floor":9.0,"key":"War Paint"},{"floor":24.0,"key":"Bronze Scales"},{"floor":26.0,"key":"Lantern"},{"floor":31.0,"key":"Unceasing Top"},{"floor":41,"key":"FossilizedHelix"}],"event_choices":[{"damage_healed":0.0,"max_hp_gain":0.0,"max_hp_loss":0.0,"gold_gain":0.0,"event_name":"Golden Idol","player_choice":"Take Damage","floor":2.0,"gold_loss":0.0,"damage_taken":20.0,"relics_obtained":["Golden Idol"]},{"cards_removed":["Strike_B"],"damage_healed":0.0,"max_hp_gain":0.0,"max_hp_loss":0.0,"gold_gain":0.0,"event_name":"Purifier","player_choice":"Purged","floor":5.0,"gold_loss":0.0,"damage_taken":0.0},{"damage_healed":0.0,"max_hp_gain":0.0,"max_hp_loss":0.0,"gold_gain":75.0,"event_name":"World of Goop","player_choice":"Gather Gold","floor":13.0,"gold_loss":0.0,"damage_taken":11.0},{"cards_removed":["Strike_B"],"damage_healed":0.0,"max_hp_gain":0.0,"max_hp_loss":0.0,"gold_gain":0.0,"event_name":"Beggar","player_choice":"Gave Gold","floor":19.0,"gold_loss":75.0,"damage_taken":0.0},{"damage_healed":0.0,"max_hp_gain":0.0,"max_hp_loss":0.0,"gold_gain":180.0,"event_name":"Knowing Skull","player_choice":"GOLD GOLD ","floor":20.0,"potions_obtained":[],"gold_loss":0.0,"damage_taken":19.0,"cards_obtained":[]},{"damage_healed":0.0,"max_hp_gain":0.0,"max_hp_loss":0.0,"gold_gain":0.0,"event_name":"Addict","player_choice":"Obtained Relic","floor":25.0,"gold_loss":85.0,"damage_taken":0.0,"relics_obtained":["Smiling Mask"]},{"damage_healed":0.0,"max_hp_gain":0.0,"max_hp_loss":0.0,"gold_gain":0.0,"event_name":"Forgotten Altar","player_choice":"Gave Idol","floor":28.0,"relics_lost":["Golden Idol"],"gold_loss":0.0,"damage_taken":0.0,"relics_obtained":["Bloody Idol"]},{"cards_removed":["Defend_B"],"damage_healed":0,"gold_gain":0,"player_choice":"Single Remove","damage_taken":0,"max_hp_gain":0,"max_hp_loss":0,"event_name":"Designer","floor":36,"gold_loss":60}],"is_beta":false,"boss_relics":[{"not_picked":["Fusion Hammer","Astrolabe"],"picked":"Tiny House"},{"not_picked":["Coffee Dripper","Sozu"],"picked":"Nuclear Battery"}],"items_purged_floors":[27,29],"is_endless":false,"potions_floor_spawned":[6,8,16,18,22,24,33,37],"killed_by":"Sphere and 2 Shapes","ascension_level":0}}