{"host":"dqv8oo4v229c1o2l","time":1613083104,"event":{"mods":["AchievementEnabler","BaseMod","Colored Map","Colored Powertips","Minty Spire (QoL Compilation)","Quick Restart","Rare Cards Sparkle","StSLib","Synergy Search"],"gold_per_floor":[115,129,59,72,90,90,107,107,189,189,189,189,209,223,223,223,223],"floor_reached":16,"language":"ENG","playtime":713,"items_purged":[],"score":132,"play_id":"cb41fc0e-67ed-4f66-82ad-c931f6510463","local_time":"20210211143824","is_ascension_mode":true,"campfire_choices":[{"data":"Zap","floor":6,"key":"SMITH"},{"floor":8,"key":"REST"},{"floor":10,"key":"RECALL"},{"floor":15,"key":"REST"}],"circlet_count":0,"master_deck":["Strike_B","Strike_B","Strike_B","Strike_B","Defend_B","Defend_B","Defend_B","Defend_B","Zap+1","Dualcast","Amplify","Hologram","Coolheaded","Storm","Storm","Conserve Battery","Heatsinks","Defragment"],"relics":["Cracked Core","Golden Idol"],"acts_visited":["Exordium"],"potions_floor_usage":[13,14,14,14],"damage_taken":[{"damage":8,"enemies":"Small Slimes","floor":1,"turns":3},{"damage":16,"enemies":"Jaw Worm","floor":2,"turns":4},{"damage":3,"enemies":"Cultist","floor":4,"turns":4},{"damage":6,"enemies":"Looter","floor":5,"turns":4},{"damage":9,"enemies":"Red Slaver","floor":7,"turns":3},{"damage":21,"enemies":"Lots of Slimes","floor":13,"turns":4},{"damage":0,"enemies":"Exordium Wildlife","floor":14,"turns":4},{"damage":30,"enemies":"Hexaghost","floor":16,"turns":9}],"seed_played":"-6021012506515993473","potions_obtained":[{"floor":1,"key":"BlessingOfTheForge"},{"floor":12,"key":"LiquidMemories"},{"floor":12,"key":"SpeedPotion"},{"floor":12,"key":"ColorlessPotion"},{"floor":13,"key":"Dexterity Potion"}],"is_trial":false,"path_per_floor":["M","M","$","M","M","R","M","R","T","R","?","?","M","M","R","B"],"character_chosen":"DEFECT","items_purchased":["Storm"],"campfire_rested":2,"item_purchase_floors":[3],"current_hp_per_floor":[60,44,44,41,35,35,26,46,46,46,29,29,8,8,28,0,0],"gold":223,"neow_bonus":"THREE_RARE_CARDS","is_daily":false,"chose_seed":false,"campfire_upgraded":1,"win_rate":0.0,"timestamp":1613083104,"path_taken":["M","M","$","M","M","R","M","R","T","R","?","?","?","M","R","BOSS"],"items_purchased_type":["Card"],"build_version":"2020-12-22","purchased_purges":0,"victory":false,"max_hp_per_floor":[68,68,68,68,68,68,68,68,68,68,68,68,68,68,68,68,68],"card_choices":[{"not_picked":["Hyperbeam","Reboot"],"picked":"Amplify","floor":0},{"not_picked":["Redo","Compile Driver"],"picked":"Hologram","floor":1},{"not_picked":["Redo","Compile Driver"],"picked":"Coolheaded","floor":2},{"not_picked":["Hologram","Go for the Eyes","Aggregate"],"picked":"SKIP","floor":4},{"not_picked":["Leap","Undo"],"picked":"Storm","floor":5},{"not_picked":["Turbo","Consume"],"picked":"Conserve Battery","floor":7},{"not_picked":["Compile Driver","Go for the Eyes"],"picked":"Heatsinks","floor":13},{"not_picked":["Steam","Go for the Eyes"],"picked":"Defragment","floor":14}],"player_experience":311715,"relics_obtained":[],"event_choices":[{"damage_healed":0,"gold_gain":0,"player_choice":"Take Damage","damage_taken":17,"relics_obtained":["Golden Idol"],"max_hp_gain":0,"max_hp_loss":0,"event_name":"Golden Idol","floor":11,"gold_loss":0},{"damage_healed":0,"gold_gain":0,"player_choice":"Got Potions","damage_taken":0,"max_hp_gain":0,"max_hp_loss":0,"event_name":"Lab","floor":12,"gold_loss":0}],"is_beta":false,"boss_relics":[],"items_purged_floors":[],"is_endless":false,"potions_floor_spawned":[1,13],"killed_by":"Hexaghost","ascension_level":8}}