{"host":"fc5kl670efuhtomy","time":1613020221,"event":{"mods":["AchievementEnabler","Act Like it!","Arknights","BaseMod","Colored Powertips","Downfall","Marisa（F雨　魔理沙）","Minty Spire (QoL Compilation)","Quick Restart","Reimu（博丽灵梦）","Relic Stats","Replay The Spire","Spicy Shops","StSLib","The Bug Knight","The Construct","The Cursed","The Servant 0.9.4","WarShipGirlsR/战舰少女R mod"],"gold_per_floor":[114,114,128,330,3,3,29,29,53,53,3,14,46,57,57,161,161,172,192,208,308,308,308],"floor_reached":22,"language":"ZHS","playtime":1284,"items_purged":["Defend_Lin:ReiMu"],"score":244,"play_id":"a2cb2cf0-46ad-4620-af9c-51f4f3ae8f58","local_time":"20210211131021","is_ascension_mode":false,"campfire_choices":[{"data":"LearningPray:ReiMu","floor":6,"key":"SMITH"},{"floor":15,"key":"DIG"}],"circlet_count":0,"master_deck":["Strike_Lin:ReiMu","Strike_Lin:ReiMu","Strike_Lin:ReiMu","Defend_Lin:ReiMu","Defend_Lin:ReiMu","Defend_Lin:ReiMu","NB:ReiMu","Stagnation:ReiMu","LearningPray:ReiMu+1","MikOfLucky:ReiMu","AirStrike:ReiMu","SafetyPray:ReiMu","FantasyMoon:ReiMu","SafetyPray:ReiMu","Gathering:ReiMu","PrayRite:ReiMu","Mountainwind:ReiMu","SpreadBorder2:ReiMu"],"relics":["FlyPower:ReiMu","NeowsBlessing","Replay:Bottled Snecko","Replay:Multitool","YidongShenshe:ReiMu","MealTicket","Dead Branch","Coffee Dripper"],"acts_visited":["Exordium","TheCity"],"potions_floor_usage":[],"damage_taken":[{"damage":0,"enemies":"2 Louse","floor":1,"turns":1},{"damage":0,"enemies":"Cultist","floor":3,"turns":1},{"damage":4,"enemies":"3 Sentries","floor":7,"turns":4},{"damage":9,"enemies":"Jaw Worm","floor":12,"turns":4},{"damage":23,"enemies":"Lagavulin","floor":13,"turns":8},{"damage":8,"enemies":"Blue Slaver","floor":14,"turns":5},{"damage":0,"enemies":"Hexaghost","floor":16,"turns":11},{"damage":20,"enemies":"Shell Parasite","floor":18,"turns":7},{"damage":15,"enemies":"Spheric Guardian","floor":19,"turns":6},{"damage":18,"enemies":"Cultist and Chosen","floor":20,"turns":6},{"damage":15,"enemies":"Snake Plant","floor":22,"turns":2}],"seed_played":"-3855265749960407961","potions_obtained":[{"floor":1,"key":"Energy Potion"},{"floor":12,"key":"bronze:BurnAndBuffPotion"},{"floor":16,"key":"Regen Potion"}],"is_trial":false,"path_per_floor":["M","?","M","?","$","R","E","?","T","$","?","M","E","M","R","B",null,"M","M","M","?","M"],"character_chosen":"REIMU","items_purchased":["Replay:Bottled Snecko"],"campfire_rested":0,"item_purchase_floors":[5],"current_hp_per_floor":[65,65,65,49,49,49,45,45,45,45,45,36,13,5,5,5,65,45,30,12,12,0,0],"gold":308,"neow_bonus":"THREE_ENEMY_KILL","is_daily":false,"chose_seed":false,"campfire_upgraded":1,"win_rate":0.0,"timestamp":1613020221,"path_taken":["M","?","?","?","$","R","E","?","T","?","?","M","E","M","R","BOSS","M","M","M","?","M"],"items_purchased_type":["Relic"],"build_version":"2020-12-22","purchased_purges":1,"victory":false,"max_hp_per_floor":[65,65,65,65,65,65,65,65,65,65,65,65,65,65,65,65,65,65,65,65,65,65,65],"relic_stats":{"counters":[11,53],"Dead Branch":[79],"MealTicket":0,"obtain_stats":[{"NeowsBlessing":0,"Dead Branch":15,"MealTicket":13,"Replay:Multitool":7,"YidongShenshe:ReiMu":8,"Coffee Dripper":17,"Replay:Bottled Snecko":5,"FlyPower:ReiMu":0},{"NeowsBlessing":0,"Dead Branch":6,"MealTicket":5,"Replay:Multitool":3,"YidongShenshe:ReiMu":3,"Coffee Dripper":7,"Replay:Bottled Snecko":2,"FlyPower:ReiMu":0},{"NeowsBlessing":0,"Dead Branch":22,"MealTicket":17,"Replay:Multitool":6,"YidongShenshe:ReiMu":6,"Coffee Dripper":32,"Replay:Bottled Snecko":2,"FlyPower:ReiMu":0}]},"card_choices":[{"not_picked":["PhosphorusFlame:ReiMu","EmergencyTakeOff:ReiMu"],"picked":"LearningPray:ReiMu","floor":1},{"not_picked":["FineLineFantasy:ReiMu","Dreaming2:ReiMu"],"picked":"MikOfLucky:ReiMu","floor":3},{"not_picked":["SpringWay:ReiMu","YinYangSign:ReiMu"],"picked":"AirStrike:ReiMu","floor":4},{"not_picked":["LovePray:ReiMu","YinYangSign:ReiMu"],"picked":"SafetyPray:ReiMu","floor":7},{"not_picked":["RainPray2:ReiMu","Mountainwind:ReiMu"],"picked":"FantasyMoon:ReiMu","floor":12},{"not_picked":["AirStrike:ReiMu","KamiSacrifice:ReiMu"],"picked":"SafetyPray:ReiMu","floor":13},{"not_picked":["PassingAway:ReiMu","Conquer:ReiMu"],"picked":"Gathering:ReiMu","floor":14},{"not_picked":["CleanRite:ReiMu","Dreaming:ReiMu"],"picked":"PrayRite:ReiMu","floor":16},{"not_picked":["CareerPray:ReiMu","WonderfulDomain:ReiMu"],"picked":"Mountainwind:ReiMu","floor":18},{"not_picked":["AirStrike:ReiMu+1","Intuition:ReiMu"],"picked":"SpreadBorder2:ReiMu","floor":19},{"not_picked":["FineLineFantasy:ReiMu","FantasyBorder:ReiMu+1","YinYangSange:ReiMu"],"picked":"SKIP","floor":20}],"player_experience":226900,"relics_obtained":[{"floor":7,"key":"Replay:Multitool"},{"floor":13,"key":"MealTicket"},{"floor":15,"key":"Dead Branch"}],"event_choices":[{"cards_removed":["Strike_Lin:ReiMu"],"damage_healed":0,"gold_gain":0,"player_choice":"Purged","damage_taken":0,"max_hp_gain":0,"max_hp_loss":0,"event_name":"Purifier","floor":2,"gold_loss":0},{"damage_healed":0,"gold_gain":0,"player_choice":"带走神社","damage_taken":0,"relics_obtained":["YidongShenshe:ReiMu"],"max_hp_gain":0,"max_hp_loss":0,"event_name":"yidonshenshe","floor":8,"gold_loss":0,"cards_obtained":["Poor:ReiMu"]},{"cards_removed":["Poor:ReiMu"],"damage_healed":0,"gold_gain":0,"player_choice":"Card Removal","damage_taken":0,"max_hp_gain":0,"max_hp_loss":0,"event_name":"The Cleric","floor":11,"gold_loss":50},{"damage_healed":0,"gold_gain":100,"player_choice":"Pray","damage_taken":0,"max_hp_gain":0,"max_hp_loss":0,"event_name":"Golden Shrine","floor":21,"gold_loss":0}],"is_beta":false,"boss_relics":[{"not_picked":["Honey Jar","Snecko Eye"],"picked":"Coffee Dripper"}],"items_purged_floors":[5],"is_endless":false,"potions_floor_spawned":[1,12,16,18],"killed_by":"Snake Plant","ascension_level":0}}