{"host":"mqhvlr3kpxebko0t","time":1613042595,"event":{"mods":["AchievementEnabler","BaseMod","Colored Map","Colored Powertips","KOR Keyword Fix","Keyboard Shortcuts","Minty Spire (QoL Compilation)","StSLib","SuperFastMode"],"gold_per_floor":[115,115,40,190,202,202,236,236,236,311,342,358,76,96,96,96,96],"floor_reached":16,"language":"KOR","playtime":168,"items_purged":["Strike_R","Doubt"],"score":266,"play_id":"78453ea6-c370-4ef2-a1ea-c5530116d7de","local_time":"20210211202315","is_ascension_mode":true,"campfire_choices":[{"data":"Pommel Strike","floor":6,"key":"SMITH"},{"data":"Battle Trance","floor":8,"key":"SMITH"},{"data":"Finesse","floor":15,"key":"SMITH"}],"circlet_count":0,"master_deck":["AscendersBane","Strike_R","Strike_R","Strike_R","Strike_R","Defend_R","Defend_R","Defend_R","Defend_R","Bash","Pommel Strike+1","Battle Trance+1","Dropkick","Finesse+1","Second Wind"],"relics":["Burning Blood","NeowsBlessing","Charon\u0027s Ashes","Mango","Pantograph","Lantern"],"acts_visited":["Exordium"],"potions_floor_usage":[11,16],"damage_taken":[{"damage":0,"enemies":"2 Louse","floor":1,"turns":1},{"damage":0,"enemies":"Jaw Worm","floor":5,"turns":1},{"damage":0,"enemies":"Lagavulin","floor":7,"turns":1},{"damage":32,"enemies":"Gremlin Nob","floor":11,"turns":4},{"damage":15,"enemies":"Small Slimes","floor":12,"turns":3},{"damage":19,"enemies":"Blue Slaver","floor":14,"turns":4},{"damage":38,"enemies":"The Guardian","floor":16,"turns":7}],"seed_played":"-5385852637330579533","potions_obtained":[{"floor":1,"key":"FearPotion"},{"floor":5,"key":"Regen Potion"}],"is_trial":false,"path_per_floor":["M","?","$","?","M","R","E","R","T","?","E","M","$","M","R","B"],"character_chosen":"IRONCLAD","items_purchased":["Dropkick","Finesse"],"campfire_rested":0,"item_purchase_floors":[13,13],"current_hp_per_floor":[74,56,56,56,62,62,82,82,82,71,57,48,48,35,35,22,22],"gold":96,"neow_bonus":"THREE_ENEMY_KILL","is_daily":false,"chose_seed":false,"campfire_upgraded":3,"win_rate":0.0,"timestamp":1613042595,"path_taken":["M","?","$","?","M","R","E","R","T","?","E","M","$","M","R","BOSS"],"items_purchased_type":["Card","Card"],"build_version":"2020-12-22","purchased_purges":2,"victory":false,"max_hp_per_floor":[75,75,75,75,75,75,89,89,89,89,89,89,89,89,89,89,89],"card_choices":[{"not_picked":["Burning Pact","Thunderclap"],"picked":"Pommel Strike","floor":1},{"not_picked":["Armaments","Ghostly Armor"],"picked":"Battle Trance","floor":5},{"not_picked":["Burning Pact","Limit Break","Rupture"],"picked":"SKIP","floor":7},{"not_picked":["Dual Wield","Havoc","Perfected Strike"],"picked":"SKIP","floor":11},{"not_picked":["Heavy Blade","Twin Strike","Headbutt"],"picked":"SKIP","floor":12},{"not_picked":["Headbutt","Metallicize"],"picked":"Second Wind","floor":14}],"player_experience":711584,"relics_obtained":[{"floor":7,"key":"Mango"},{"floor":9,"key":"Pantograph"},{"floor":11,"key":"Lantern"}],"event_choices":[{"damage_healed":0,"gold_gain":0,"player_choice":"Success","damage_taken":18,"relics_obtained":["Charon\u0027s Ashes"],"max_hp_gain":0,"max_hp_loss":0,"event_name":"Scrap Ooze","floor":2,"gold_loss":0},{"damage_healed":0,"gold_gain":150,"player_choice":"AGREE","damage_taken":0,"max_hp_gain":0,"max_hp_loss":0,"event_name":"Liars Game","floor":4,"gold_loss":0,"cards_obtained":["Doubt"]},{"damage_healed":0,"gold_gain":75,"player_choice":"Gather Gold","damage_taken":11,"max_hp_gain":0,"max_hp_loss":0,"event_name":"World of Goop","floor":10,"gold_loss":0}],"is_beta":false,"boss_relics":[],"items_purged_floors":[3,13],"is_endless":false,"potions_floor_spawned":[1,5],"killed_by":"The Guardian","ascension_level":20}}