{"host":"pah2xi72mkoh8qg3","time":1613073314,"event":{"mods":["BaseMod","Colored Powertips","Conspire","FoggyMod","Highlight Path","Minty Spire (QoL Compilation)","Reliquary","Replay The Spire","Shop Mod","StSLib","The Mystic","Waifu the Spire"],"gold_per_floor":[129,129,129,175,175,276,276,387,461,11,105,151,258,372,372,704,704,743,743,133,181,285,285,285,285],"floor_reached":24,"language":"ZHS","playtime":1078,"items_purged":[],"score":323,"play_id":"acc42f39-42d4-4d84-a5a8-f5c078c6d4e6","local_time":"20210212035514","daily_mods":["Heirloom","DeadlyEvents","Binary","Elite Swarm","Midas","Uncertain Future","Binary"],"is_ascension_mode":false,"campfire_choices":[{"floor":7,"key":"REST"},{"floor":15,"key":"REST"}],"circlet_count":0,"master_deck":["Strike_P","Strike_P","Strike_P","Strike_P","Defend_P","Defend_P","Eruption","Vigilance","mysticmod:Spellstrike"],"relics":["PureWater","Busted Crown","mysticmod:CrystalBall","Golden Idol","Matryoshka","Art of War","Thread and Needle","Pet Ghost","reliquary:BoilingFlask","ReplayFunnel","Akabeko","reliquary:BrokenClock","Replay:Multitool","Orichalcum","Replay:Mystery Machine","conspire:SlowCooker","Blood Vial","Replay:Ringing Soul","MerchantsRug","ReplayTheSpireMod:Lightbulb","Pen Nib","reliquary:PorcupineQuills"],"acts_visited":["Exordium","TheCity"],"potions_floor_usage":[14,16,16],"damage_taken":[{"damage":0,"enemies":"Small Slimes","floor":1,"turns":3},{"damage":3,"enemies":"Jaw Worm","floor":4,"turns":3},{"damage":46,"enemies":"3 Sentries","floor":6,"turns":13},{"damage":24,"enemies":"Lagavulin","floor":8,"turns":8},{"damage":0,"enemies":"Gremlin Nob","floor":11,"turns":2},{"damage":0,"enemies":"Cultist","floor":12,"turns":2},{"damage":0,"enemies":"3 Sentries","floor":13,"turns":4},{"damage":8,"enemies":"Lagavulin","floor":14,"turns":4},{"damage":48,"enemies":"The Guardian","floor":16,"turns":12},{"damage":1,"enemies":"3 Byrds","floor":18,"turns":7},{"damage":8,"enemies":"Slavers","floor":22,"turns":6},{"damage":89,"enemies":"Gremlin Leader","floor":24,"turns":3}],"seed_played":"1706754892097502614","potions_obtained":[{"floor":8,"key":"StancePotion"},{"floor":11,"key":"Adrenaline Potion"},{"floor":12,"key":"BlessingOfTheForge"}],"is_trial":true,"path_per_floor":["M","?","?","M","T","E","R","E","T","$","E","M","E","E","R","B",null,"M","?","$","T","E","R","E"],"character_chosen":"WATCHER","items_purchased":["ReplayFunnel","Akabeko","reliquary:BrokenClock","Blood Vial","Replay:Ringing Soul","Lee\u0027s Waffle","MerchantsRug"],"campfire_rested":2,"item_purchase_floors":[10,10,10,20,20,20,20],"current_hp_per_floor":[72,54,54,51,51,5,26,2,2,2,2,2,2,34,55,7,72,71,71,79,79,71,74,0,0],"gold":285,"neow_bonus":"","is_daily":false,"chose_seed":false,"campfire_upgraded":0,"win_rate":0.0,"timestamp":1613073314,"path_taken":["M","?","?","?","?","E","R","?","T","$","E","?","E","?","R","BOSS","M","?","$","?","?","R","E"],"items_purchased_type":["Relic","Relic","Relic","Relic","Relic","Relic","Relic"],"build_version":"2020-12-22","purchased_purges":0,"victory":false,"max_hp_per_floor":[72,72,72,72,72,72,72,72,72,72,72,72,72,72,72,72,72,72,72,79,79,79,82,82,82],"card_choices":[],"player_experience":336758,"relics_obtained":[{"floor":5,"key":"Matryoshka"},{"floor":6,"key":"Art of War"},{"floor":8,"key":"Thread and Needle"},{"floor":9,"key":"Pet Ghost"},{"floor":9,"key":"reliquary:BoilingFlask"},{"floor":11,"key":"Replay:Multitool"},{"floor":13,"key":"Orichalcum"},{"floor":14,"key":"Replay:Mystery Machine"},{"floor":21,"key":"ReplayTheSpireMod:Lightbulb"},{"floor":21,"key":"Pen Nib"},{"floor":22,"key":"reliquary:PorcupineQuills"}],"event_choices":[{"damage_healed":0,"gold_gain":0,"player_choice":"Take Damage","damage_taken":18,"relics_obtained":["Golden Idol"],"max_hp_gain":0,"max_hp_loss":0,"event_name":"Golden Idol","floor":2,"gold_loss":0},{"cards_removed":["Defend_P"],"damage_healed":0,"gold_gain":0,"player_choice":"Offered Basic","damage_taken":0,"max_hp_gain":0,"max_hp_loss":0,"event_name":"Bonfire Elementals","floor":3,"gold_loss":0},{"damage_healed":0,"gold_gain":0,"player_choice":"Ignored","damage_taken":0,"max_hp_gain":0,"max_hp_loss":0,"event_name":"Vampires","floor":19,"gold_loss":0}],"is_beta":false,"boss_relics":[{"not_picked":["Sozu","ChewingGum"],"picked":"conspire:SlowCooker"}],"items_purged_floors":[],"is_endless":true,"potions_floor_spawned":[8,11,12,13],"killed_by":"Gremlin Leader","ascension_level":0}}