{"host":"5560txeqr2u1jvxk","time":1613038760,"event":{"mods":["Ascension Reborn","Aspiration","BaseMod","Challenge The Spire","Colored Powertips","Conspire","Friendly Minions","GifTheSpireLib","HololiveMod","HumanHunterMod(怪物杀人mod)","KinomotoSakuraMod(木之本樱)","Kiyohime（清姬）","LagranYue(拉格朗・月)","Marisa（F雨　魔理沙）","Minty Spire (QoL Compilation)","Nova Terra(诺娃・泰拉)","Quick Restart","Reimu（博丽灵梦）","Relic Stats","Remilia（蕾米莉亚）","RumiaBox-露米娅的神秘盒子","Shop Mod","StSLib","Td1madao Mod","The Gatherer","The IronCluck","The Runesmith","The Servant 0.9.4","UnlockEverythingMod","Waifu the Spire","Youmu（魂魄妖梦）","Yuyuko","【遗物卡牌】REMEMod"],"gold_per_floor":[112,112,187,187,198,225,150,167,242,242,268,285,285,304,304,304,304],"floor_reached":16,"language":"ZHS","playtime":1574,"items_purged":["Defend_R"],"score":135,"play_id":"06ab8fc0-6e9f-46bc-a728-6a35f503a4cf","local_time":"20210211181920","is_ascension_mode":true,"campfire_choices":[{"data":"Shrug It Off","floor":13.0,"key":"SMITH"},{"data":"Shrug It Off","floor":15.0,"key":"SMITH"}],"circlet_count":0,"master_deck":["AscendersBane","Strike_R","Strike_R","Strike_R","Strike_R","Strike_R","Defend_R","Defend_R","Bash","Shrug It Off+1","Shrug It Off+1","Pommel Strike"],"relics":["Burning Blood","NeowsBlessing","Thread and Needle","Blood Vial","HornCleat","FossilizedHelix"],"acts_visited":[],"potions_floor_usage":[],"damage_taken":[{"damage":0.0,"enemies":"2 Louse","floor":1.0,"turns":1.0},{"damage":0.0,"enemies":"Jaw Worm","floor":5.0,"turns":1.0},{"damage":0.0,"enemies":"Lagavulin","floor":6.0,"turns":1.0},{"damage":8.0,"enemies":"Small Slimes","floor":8.0,"turns":4.0},{"damage":41.0,"enemies":"Gremlin Nob","floor":11.0,"turns":5.0},{"damage":0.0,"enemies":"2 Fungi Beasts","floor":12.0,"turns":4.0},{"damage":0.0,"enemies":"Looter","floor":14.0,"turns":3.0},{"damage":0,"enemies":"Slime Boss","floor":16,"turns":1}],"seed_played":"3918807203711840196","potions_obtained":[{"floor":12.0,"key":"SkillPotion"},{"floor":14.0,"key":"HeartOfIron"}],"is_trial":false,"path_per_floor":["M","?","?","T","M","E","$","M","T","?","E","M","R","M","R","B"],"character_chosen":"IRONCLAD","items_purchased":[],"campfire_rested":0,"item_purchase_floors":[],"current_hp_per_floor":[74,79,68,68,74,80,80,78,78,71,38,46,46,54,54,56,56],"gold":304,"neow_bonus":"THREE_ENEMY_KILL","is_daily":false,"chose_seed":false,"campfire_upgraded":2,"win_rate":0.0,"timestamp":1613038760,"path_taken":["M","?","?","?","M","E","$","M","T","?","E","M","R","M","R","BOSS"],"items_purchased_type":[],"build_version":"2020-12-22","purchased_purges":1,"victory":false,"max_hp_per_floor":[75,80,80,80,80,80,80,80,80,80,80,80,80,80,80,80,80],"relic_stats":{"Blood Vial":2,"counters":[1,1],"obtain_stats":[{"Blood Vial":0,"HornCleat":0,"NeowsBlessing":0,"Thread and Needle":0,"Burning Blood":0,"FossilizedHelix":0},{"Blood Vial":0,"HornCleat":0,"NeowsBlessing":0,"Thread and Needle":0,"Burning Blood":0,"FossilizedHelix":0},{"Blood Vial":0,"HornCleat":0,"NeowsBlessing":0,"Thread and Needle":0,"Burning Blood":0,"FossilizedHelix":0}],"Burning Blood":0},"card_choices":[{"not_picked":["Sword Boomerang","Headbutt","Feel No Pain"],"picked":"SKIP","floor":1.0},{"not_picked":["Anger","Wild Strike","Sword Boomerang"],"picked":"SKIP","floor":5.0},{"not_picked":["Flame Barrier","Sword Boomerang"],"picked":"Shrug It Off","floor":6.0},{"not_picked":["Inflame","Seeing Red"],"picked":"Shrug It Off","floor":8.0},{"not_picked":["Clothesline","Searing Blow"],"picked":"Pommel Strike","floor":11.0},{"not_picked":["Inflame","Wild Strike","Warcry"],"picked":"SKIP","floor":12.0},{"not_picked":["Spot Weakness","Inflame","Pummel"],"picked":"SKIP","floor":14.0}],"player_experience":1109882,"relics_obtained":[{"floor":4.0,"key":"Thread and Needle"},{"floor":6.0,"key":"Blood Vial"},{"floor":9.0,"key":"HornCleat"},{"floor":11.0,"key":"FossilizedHelix"}],"event_choices":[{"damage_healed":0.0,"max_hp_gain":5.0,"max_hp_loss":0.0,"gold_gain":0.0,"event_name":"Big Fish","player_choice":"Donut","floor":2.0,"gold_loss":0.0,"damage_taken":0.0},{"damage_healed":0.0,"max_hp_gain":0.0,"max_hp_loss":0.0,"gold_gain":75.0,"event_name":"World of Goop","player_choice":"Gather Gold","floor":3.0,"gold_loss":0.0,"damage_taken":11.0},{"cards_removed":["Defend_R"],"damage_healed":0.0,"max_hp_gain":0.0,"max_hp_loss":0.0,"gold_gain":0.0,"event_name":"Golden Wing","player_choice":"Card Removal","floor":10.0,"gold_loss":0.0,"damage_taken":7.0}],"is_beta":false,"boss_relics":[],"items_purged_floors":[7],"is_endless":false,"potions_floor_spawned":[12,14],"killed_by":"Slime Boss","ascension_level":0}}