{"host":"m0bekkrd201b63ug","time":1613071063,"event":{"mods":["AchievementEnabler","BaseMod","Colored Powertips","Minty Spire (QoL Compilation)","Rare Cards Sparkle","StSLib","SuperFastMode","everything is the same but u backflip on backflip","slay the spire mod where everything is the same but ironclad has a cowboy hat"],"gold_per_floor":[114,114,114,126,126,126,136,136,136,61,61,61,71,87,87,160,160,180,191,26,45,58,92,92,124,124,138,138,138,151,166,166,166,166],"floor_reached":33,"language":"ENG","playtime":1094,"items_purged":["Strike_G"],"score":578,"play_id":"99d860aa-f1a9-48e5-80ff-9aef8872a340","local_time":"20210211171743","is_ascension_mode":true,"campfire_choices":[{"floor":6.0,"key":"REST"},{"data":"Bouncing Flask","floor":8.0,"key":"SMITH"},{"data":"Dagger Spray","floor":11.0,"key":"SMITH"},{"data":"Flechettes","floor":15.0,"key":"SMITH"},{"floor":24.0,"key":"REST"},{"data":"Crippling Poison","floor":28,"key":"SMITH"},{"floor":32,"key":"REST"}],"circlet_count":0,"master_deck":["AscendersBane","Strike_G","Strike_G+1","Defend_G","Defend_G","Defend_G","Defend_G","Defend_G+1","Survivor","Neutralize","Venomology+1","Dagger Spray+1","Bouncing Flask+1","Flechettes+1","Corpse Explosion","Leg Sweep","Backflip","Crippling Poison+1"],"relics":["Ring of the Snake","Strawberry","Snecko Eye","PreservedInsect","Omamori","MealTicket","Calipers"],"acts_visited":["Exordium","TheCity"],"potions_floor_usage":[27,27,30,31,31,33],"damage_taken":[{"damage":6.0,"enemies":"Cultist","floor":1.0,"turns":5.0},{"damage":1.0,"enemies":"Small Slimes","floor":4.0,"turns":3.0},{"damage":1.0,"enemies":"Jaw Worm","floor":7.0,"turns":4.0},{"damage":0.0,"enemies":"3 Louse","floor":13.0,"turns":2.0},{"damage":1.0,"enemies":"2 Fungi Beasts","floor":14.0,"turns":2.0},{"damage":4.0,"enemies":"The Guardian","floor":16.0,"turns":8.0},{"damage":16.0,"enemies":"Shell Parasite","floor":18.0,"turns":5.0},{"damage":0.0,"enemies":"Spheric Guardian","floor":19.0,"turns":3.0},{"damage":5.0,"enemies":"Snecko","floor":21.0,"turns":4.0},{"damage":15.0,"enemies":"Shelled Parasite and Fungi","floor":22.0,"turns":5.0},{"damage":0.0,"enemies":"Slavers","floor":23.0,"turns":1.0},{"damage":4.0,"enemies":"Book of Stabbing","floor":25.0,"turns":5.0},{"damage":0,"enemies":"Snake Plant","floor":27,"turns":2},{"damage":7,"enemies":"Sentry and Sphere","floor":30,"turns":4},{"damage":18,"enemies":"Shelled Parasite and Fungi","floor":31,"turns":3},{"damage":84,"enemies":"Collector","floor":33,"turns":7}],"seed_played":"-4126151770358816265","potions_obtained":[{"floor":1.0,"key":"EssenceOfSteel"},{"floor":16.0,"key":"PowerPotion"},{"floor":19.0,"key":"AttackPotion"},{"floor":25.0,"key":"Strength Potion"},{"floor":27,"key":"Strength Potion"}],"is_trial":false,"path_per_floor":["M","?","?","M","?","R","M","R","T","$","R","?","M","M","R","B",null,"M","M","$","M","M","E","R","E","T","M","R","?","M","M","R","B"],"character_chosen":"THE_SILENT","items_purchased":["PreservedInsect"],"campfire_rested":3,"item_purchase_floors":[20],"current_hp_per_floor":[53,33,33,32,25,44,43,43,50,50,50,50,50,49,49,45,66,50,50,50,45,30,30,51,47,47,47,47,62,55,37,58,0,0],"gold":166,"neow_bonus":"ONE_RANDOM_RARE_CARD","is_daily":false,"chose_seed":false,"campfire_upgraded":4,"win_rate":0.0,"timestamp":1613071063,"path_taken":["M","?","?","?","?","R","M","R","T","$","R","?","M","M","R","BOSS","M","M","$","?","M","E","R","E","T","M","R","?","M","M","R","BOSS"],"items_purchased_type":["Relic"],"build_version":"2020-12-22","purchased_purges":1,"victory":false,"max_hp_per_floor":[66,66,66,66,66,66,66,66,73,73,73,73,73,73,73,73,73,73,73,73,73,73,73,73,73,73,73,73,73,73,73,73,73,73],"card_choices":[{"not_picked":["Escape Plan","Flying Knee"],"picked":"Dagger Spray","floor":1.0},{"not_picked":["Underhanded Strike","Blur","Outmaneuver"],"picked":"SKIP","floor":4.0},{"not_picked":["Endless Agony","Unload"],"picked":"Bouncing Flask","floor":7.0},{"not_picked":["Bane","Predator"],"picked":"Flechettes","floor":13.0},{"not_picked":["Cloak And Dagger","Reflex","Dagger Throw"],"picked":"SKIP","floor":14.0},{"not_picked":["Night Terror","Glass Knife"],"picked":"Corpse Explosion","floor":16.0},{"not_picked":["Well Laid Plans","PiercingWail","Accuracy"],"picked":"SKIP","floor":18.0},{"not_picked":["Sucker Punch","Predator"],"picked":"Leg Sweep","floor":19.0},{"not_picked":["Flying Knee","Dodge and Roll","Bane"],"picked":"SKIP","floor":21.0},{"not_picked":["Slice","Terror"],"picked":"Backflip","floor":22.0},{"not_picked":["Outmaneuver","Dagger Throw","Burst"],"picked":"SKIP","floor":23.0},{"not_picked":["Footwork","Backstab"],"picked":"Crippling Poison","floor":25.0},{"not_picked":["Bane","Calculated Gamble","Quick Slash"],"picked":"SKIP","floor":27},{"not_picked":["Acrobatics","Deadly Poison","Outmaneuver"],"picked":"SKIP","floor":30},{"not_picked":["Underhanded Strike","Bane","Sucker Punch"],"picked":"SKIP","floor":31}],"player_experience":243372,"relics_obtained":[{"floor":9.0,"key":"Strawberry"},{"floor":23.0,"key":"Omamori"},{"floor":25.0,"key":"MealTicket"},{"floor":26.0,"key":"Calipers"}],"event_choices":[{"damage_healed":0.0,"max_hp_gain":0.0,"max_hp_loss":0.0,"gold_gain":0.0,"event_name":"Shining Light","player_choice":"Entered Light","floor":2.0,"gold_loss":0.0,"damage_taken":20.0,"cards_upgraded":["Defend_G","Strike_G"]},{"damage_healed":0.0,"max_hp_gain":0.0,"max_hp_loss":0.0,"gold_gain":0.0,"event_name":"Accursed Blacksmith","player_choice":"Forge","floor":3.0,"gold_loss":0.0,"damage_taken":0.0,"cards_upgraded":["Venomology"]},{"cards_removed":["Strike_G"],"damage_healed":0.0,"max_hp_gain":0.0,"max_hp_loss":0.0,"gold_gain":0.0,"event_name":"Golden Wing","player_choice":"Card Removal","floor":5.0,"gold_loss":0.0,"damage_taken":7.0},{"cards_removed":["Strike_G"],"damage_healed":0.0,"max_hp_gain":0.0,"max_hp_loss":0.0,"gold_gain":0.0,"event_name":"Bonfire Elementals","player_choice":"Offered Basic","floor":12.0,"gold_loss":0.0,"damage_taken":0.0},{"damage_healed":15,"gold_gain":0,"player_choice":"Heal","damage_taken":0,"max_hp_gain":0,"max_hp_loss":0,"event_name":"The Library","floor":29,"gold_loss":0}],"is_beta":false,"boss_relics":[{"not_picked":["HoveringKite","SacredBark"],"picked":"Snecko Eye"}],"items_purged_floors":[10],"is_endless":false,"potions_floor_spawned":[1,7,16,19,25,27],"killed_by":"Collector","ascension_level":18}}