{"host":"lv7etzzgwahaenh9","time":1613005877,"event":{"mods":["AchievementEnabler","BaseMod","Colored Map","Colored Powertips","Minty Spire (QoL Compilation)","Quick Restart","Random Character Button","StSLib"],"gold_per_floor":[99,99,99,99,99,99,99,3,3,3,3,0,0,0,0,0,0,0,0,0,0,0,0,0,0,0,0,0,0,0,0,0,0,0,0,0,0,0,0,0,0,0,0,0,0,0,0,0,0,0,0,0,0,0,0,0],"floor_reached":55,"language":"ENG","playtime":3267,"items_purged":[],"score":1073,"play_id":"293e01ea-de1a-4d06-b041-4e1a43a6536b","local_time":"20210210171117","is_ascension_mode":true,"campfire_choices":[{"data":"Choke","floor":6.0,"key":"SMITH"},{"floor":10.0,"key":"REST"},{"data":"Footwork","floor":15.0,"key":"SMITH"},{"data":"Malaise","floor":23.0,"key":"SMITH"},{"floor":25.0,"key":"REST"},{"floor":30,"key":"REST"},{"data":"Dash","floor":32,"key":"SMITH"},{"floor":47,"key":"REST"},{"floor":49,"key":"RECALL"},{"data":"Catalyst","floor":52,"key":"SMITH"}],"circlet_count":0,"master_deck":["Survivor","Choke+1","Dagger Spray","Caltrops","Acrobatics","Footwork+1","Dagger Throw+1","Backflip","Poisoned Stab+1","Calculated Gamble","Malaise+1","Blade Dance","Dash+1","Blade Dance+1","Envenom","Phantasmal Killer","Crippling Poison","Dash+1","Venomology","Choke","Backflip","Envenom","Blade Dance","Flechettes","Doppelganger","Catalyst+1","Expertise","Venomology","Backflip+1","Noxious Fumes+1","Magnetism","Predator+1","Dash+1","Underhanded Strike"],"relics":["Ectoplasm","Art of War","Boot","Regal Pillow","Snecko Eye","Snake Skull","Tingsha","Mercury Hourglass","Juzu Bracelet","Enchiridion","Pandora\u0027s Box","Whetstone","Pear","Toxic Egg 2","Omamori","Pen Nib","Kunai"],"acts_visited":["Exordium","TheCity","TheBeyond","TheEnding"],"potions_floor_usage":[27,27,33,40,42,42,42,46,50,54,54,55,55,55],"damage_taken":[{"damage":0.0,"enemies":"Small Slimes","floor":1.0,"turns":4.0},{"damage":0.0,"enemies":"2 Louse","floor":3.0,"turns":2.0},{"damage":1.0,"enemies":"Jaw Worm","floor":4.0,"turns":2.0},{"damage":26.0,"enemies":"Gremlin Nob","floor":7.0,"turns":4.0},{"damage":10.0,"enemies":"Lagavulin","floor":11.0,"turns":7.0},{"damage":2.0,"enemies":"2 Fungi Beasts","floor":13.0,"turns":3.0},{"damage":0.0,"enemies":"Exordium Wildlife","floor":14.0,"turns":3.0},{"damage":3.0,"enemies":"The Guardian","floor":16.0,"turns":11.0},{"damage":9.0,"enemies":"Chosen","floor":18.0,"turns":7.0},{"damage":0.0,"enemies":"Shell Parasite","floor":20.0,"turns":1.0},{"damage":1.0,"enemies":"Centurion and Healer","floor":21.0,"turns":3.0},{"damage":0.0,"enemies":"Shelled Parasite and Fungi","floor":22.0,"turns":6.0},{"damage":13.0,"enemies":"Gremlin Leader","floor":24.0,"turns":5.0},{"damage":42,"enemies":"Slavers","floor":27,"turns":3},{"damage":0,"enemies":"3 Cultists","floor":31,"turns":3},{"damage":22,"enemies":"Collector","floor":33,"turns":7},{"damage":0,"enemies":"Orb Walker","floor":35,"turns":1},{"damage":0,"enemies":"3 Shapes","floor":36,"turns":3},{"damage":0,"enemies":"Reptomancer","floor":40,"turns":2},{"damage":25,"enemies":"Nemesis","floor":42,"turns":5},{"damage":25,"enemies":"Giant Head","floor":46,"turns":6},{"damage":0,"enemies":"Writhing Mass","floor":48,"turns":4},{"damage":24,"enemies":"Awakened One","floor":50,"turns":10},{"damage":21,"enemies":"Shield and Spear","floor":54,"turns":6},{"damage":69,"enemies":"The Heart","floor":55,"turns":5}],"seed_played":"2153505111113934931","potions_obtained":[{"floor":1.0,"key":"BlessingOfTheForge"},{"floor":7.0,"key":"SkillPotion"},{"floor":11.0,"key":"PowerPotion"},{"floor":13.0,"key":"ColorlessPotion"},{"floor":16.0,"key":"SmokeBomb"},{"floor":20.0,"key":"EssenceOfSteel"},{"floor":21.0,"key":"GamblersBrew"},{"floor":24.0,"key":"GamblersBrew"},{"floor":31,"key":"Energy Potion"},{"floor":36,"key":"DuplicationPotion"},{"floor":40,"key":"LiquidBronze"},{"floor":46,"key":"Explosive Potion"},{"floor":54,"key":"GamblersBrew"}],"is_trial":false,"path_per_floor":["M","?","M","M","?","R","E","$","T","R","E","?","M","M","R","B",null,"M","?","M","M","M","R","E","R","T","E","?","T","R","M","R","B",null,"M","M","?","?","?","E","$","E","T","?","T","E","R","M","R","B",null,"R","$","E","B"],"character_chosen":"THE_SILENT","items_purchased":["Footwork","Dagger Throw"],"campfire_rested":4,"item_purchase_floors":[8,8],"current_hp_per_floor":[63,56,56,55,55,55,29,29,29,50,40,40,38,38,38,35,61,52,52,52,51,51,51,38,70,70,28,12,12,48,48,48,26,59,59,59,59,59,59,59,59,44,44,44,44,19,56,56,56,32,65,65,65,44,0,0],"gold":0,"neow_bonus":"BOSS_RELIC","is_daily":false,"chose_seed":false,"campfire_upgraded":5,"win_rate":0.0,"timestamp":1613005877,"path_taken":["M","?","M","M","?","R","E","?","T","R","E","?","M","?","R","BOSS","M","?","?","M","M","R","E","R","T","E","?","?","R","M","R","BOSS","M","M","?","?","?","E","?","E","T","?","?","E","R","M","R","BOSS","R","$","E","BOSS"],"items_purchased_type":["Card","Card"],"build_version":"2020-12-22","purchased_purges":0,"victory":false,"max_hp_per_floor":[70,70,70,70,70,70,70,70,70,70,70,70,70,70,70,70,70,70,70,70,70,70,70,70,70,70,70,70,70,70,70,70,70,70,70,70,70,70,66,66,66,76,76,76,76,76,76,76,76,76,76,76,76,76,76,76],"card_choices":[{"not_picked":["Dash","Blade Dance"],"picked":"Choke","floor":1.0},{"not_picked":["Tactician","Underhanded Strike"],"picked":"Dagger Spray","floor":3.0},{"not_picked":["Finisher","Outmaneuver"],"picked":"Caltrops","floor":4.0},{"not_picked":["Riddle With Holes","Backstab"],"picked":"Acrobatics","floor":7.0},{"not_picked":["Outmaneuver","Dagger Spray"],"picked":"Backflip","floor":11.0},{"not_picked":["Blade Dance","Dagger Throw"],"picked":"Poisoned Stab","floor":13.0},{"not_picked":["Outmaneuver","Flying Knee"],"picked":"Calculated Gamble","floor":14.0},{"not_picked":["Wraith Form v2","Burst"],"picked":"Malaise","floor":16.0},{"not_picked":["Deadly Poison+1","Backflip"],"picked":"Blade Dance","floor":18.0},{"not_picked":["Deadly Poison","Bane"],"picked":"Dash+1","floor":20.0},{"not_picked":["Bane+1","Slice"],"picked":"Blade Dance+1","floor":21.0},{"not_picked":["Dagger Spray+1","Backflip"],"picked":"Envenom","floor":22.0},{"not_picked":["Dagger Spray+1","PiercingWail"],"picked":"Phantasmal Killer","floor":24.0},{"not_picked":["Distraction","Infinite Blades"],"picked":"Crippling Poison","floor":27},{"not_picked":["Dagger Throw","PiercingWail+1"],"picked":"Dash","floor":31},{"not_picked":["Grand Finale","Adrenaline"],"picked":"Venomology","floor":33},{"not_picked":["Accuracy","Tactician+1"],"picked":"Backflip+1","floor":35},{"not_picked":["Bouncing Flask","Flying Knee+1"],"picked":"Noxious Fumes+1","floor":36},{"not_picked":["Forethought","Master of Strategy"],"picked":"Magnetism","floor":37},{"not_picked":["Concentrate","Endless Agony+1","Dagger Throw"],"picked":"SKIP","floor":40},{"not_picked":["Slice","Quick Slash"],"picked":"Predator+1","floor":42},{"not_picked":["Dagger Throw+1","Outmaneuver+1","Flying Knee"],"picked":"SKIP","floor":46},{"not_picked":["Dagger Spray+1","Prepared+1","Cloak And Dagger+1"],"picked":"SKIP","floor":48},{"not_picked":["Endless Agony","Calculated Gamble+1"],"picked":"Underhanded Strike","floor":54}],"player_experience":328236,"relics_obtained":[{"floor":7.0,"key":"Art of War"},{"floor":9.0,"key":"Boot"},{"floor":11.0,"key":"Regal Pillow"},{"floor":24.0,"key":"Tingsha"},{"floor":26.0,"key":"Mercury Hourglass"},{"floor":27,"key":"Juzu Bracelet"},{"floor":28,"key":"Enchiridion"},{"floor":40,"key":"Whetstone"},{"floor":42,"key":"Pear"},{"floor":43,"key":"Toxic Egg 2"},{"floor":45,"key":"Omamori"},{"floor":46,"key":"Pen Nib"},{"floor":54,"key":"Kunai"}],"event_choices":[{"cards_removed":["Defend_G"],"damage_healed":0.0,"max_hp_gain":0.0,"max_hp_loss":0.0,"gold_gain":0.0,"event_name":"Golden Wing","player_choice":"Card Removal","floor":2.0,"gold_loss":0.0,"damage_taken":7.0},{"damage_healed":0.0,"max_hp_gain":0.0,"max_hp_loss":0.0,"gold_gain":0.0,"event_name":"Golden Idol","player_choice":"Ignored","floor":5.0,"gold_loss":0.0,"damage_taken":0.0},{"damage_healed":0.0,"max_hp_gain":0.0,"max_hp_loss":0.0,"gold_gain":0.0,"event_name":"World of Goop","player_choice":"Left Gold","floor":12.0,"gold_loss":3.0,"damage_taken":0.0},{"damage_healed":0.0,"max_hp_gain":0.0,"max_hp_loss":0.0,"gold_gain":0.0,"event_name":"WeMeetAgain","player_choice":"Gave Potion","floor":19.0,"gold_loss":0.0,"damage_taken":0.0,"relics_obtained":["Snake Skull"]},{"damage_healed":0,"gold_gain":0,"player_choice":"Obtained Book","damage_taken":16,"max_hp_gain":0,"max_hp_loss":0,"event_name":"Cursed Tome","floor":28,"gold_loss":0},{"damage_healed":0,"gold_gain":0,"player_choice":"Memory 1","damage_taken":0,"max_hp_gain":0,"max_hp_loss":0,"event_name":"SensoryStone","floor":37,"gold_loss":0},{"cards_removed":["Neutralize"],"damage_healed":0,"gold_gain":0,"player_choice":"Removed Attack","damage_taken":0,"max_hp_gain":0,"max_hp_loss":0,"event_name":"Falling","floor":38,"gold_loss":0},{"damage_healed":0,"gold_gain":0,"player_choice":"Max HP","damage_taken":0,"max_hp_gain":0,"max_hp_loss":4,"event_name":"Winding Halls","floor":39,"gold_loss":0},{"damage_healed":0,"gold_gain":0,"player_choice":"Copied","damage_taken":0,"max_hp_gain":0,"max_hp_loss":0,"event_name":"Duplicator","floor":44,"gold_loss":0,"cards_obtained":["Dash"]}],"is_beta":false,"boss_relics":[{"not_picked":["Busted Crown","HoveringKite"],"picked":"Snecko Eye"},{"not_picked":["SlaversCollar","Tiny House"],"picked":"Pandora\u0027s Box"}],"items_purged_floors":[],"is_endless":false,"potions_floor_spawned":[1,7,11,13,16,20,21,24,31,36,40,46,54],"killed_by":"The Heart","ascension_level":7}}