{"host":"3jpcvpprzj9sjffh","time":1613050403,"event":{"mods":["AchievementEnabler","BaseMod","Colored Map","Minty Spire (QoL Compilation)","Rare Cards Sparkle","SuperFastMode","everything is the same but u backflip on backflip"],"gold_per_floor":[112,112,112,127,127,127,140,151,203,233,9,9,9,22,22,120,120,138,63,78,3,15,15,15,15],"floor_reached":24,"language":"KOR","playtime":609,"items_purged":["Defend_R"],"score":196,"play_id":"602f19c4-e4d1-4d51-9d89-19ce6c6fff28","local_time":"20210211223323","is_ascension_mode":false,"campfire_choices":[{"data":"Bash","floor":6,"key":"SMITH"},{"data":"Body Slam","floor":15,"key":"SMITH"},{"data":"Juggernaut","floor":23,"key":"SMITH"}],"circlet_count":0,"master_deck":["Strike_R","Strike_R","Strike_R","Defend_R","Defend_R","Bash+1","Armaments+1","Flex","Body Slam+1","Cleave","Demon Form","Inflame","Bloodletting","Juggernaut+1","Clash+1","True Grit+1"],"relics":["Black Blood","NeowsBlessing","Boot","MealTicket","Toy Ornithopter"],"acts_visited":["Exordium","TheCity"],"potions_floor_usage":[10,16,16,22,22],"damage_taken":[{"damage":0,"enemies":"Jaw Worm","floor":1,"turns":1},{"damage":0,"enemies":"Small Slimes","floor":4,"turns":1},{"damage":0,"enemies":"Cultist","floor":7,"turns":1},{"damage":0,"enemies":"3 Louse","floor":8,"turns":2},{"damage":15,"enemies":"Gremlin Nob","floor":10,"turns":4},{"damage":10,"enemies":"Looter","floor":14,"turns":3},{"damage":30,"enemies":"Slime Boss","floor":16,"turns":7},{"damage":44,"enemies":"Shell Parasite","floor":18,"turns":7},{"damage":22,"enemies":"Spheric Guardian","floor":20,"turns":4},{"damage":3,"enemies":"3 Cultists","floor":22,"turns":3},{"damage":88,"enemies":"Gremlin Leader","floor":24,"turns":11}],"seed_played":"4556823237062110618","potions_obtained":[{"floor":7,"key":"AttackPotion"},{"floor":8,"key":"PowerPotion"},{"floor":14,"key":"SteroidPotion"},{"floor":16,"key":"DistilledChaos"},{"floor":20,"key":"DistilledChaos"}],"is_trial":false,"path_per_floor":["M","?","?","M","?","R","M","M","T","E","$","?","?","M","R","B",null,"M","?","M","$","M","R","E"],"character_chosen":"IRONCLAD","items_purchased":["Inflame","Toy Ornithopter"],"campfire_rested":0,"item_purchase_floors":[11,11],"current_hp_per_floor":[80,80,80,80,80,80,80,80,80,71,80,80,73,69,69,55,80,48,48,38,53,72,72,0,0],"gold":15,"neow_bonus":"THREE_ENEMY_KILL","is_daily":false,"chose_seed":false,"campfire_upgraded":3,"win_rate":0.0,"timestamp":1613050403,"path_taken":["M","?","?","?","?","R","M","M","T","E","$","?","?","M","R","BOSS","M","?","M","$","M","R","E"],"items_purchased_type":["Card","Relic"],"build_version":"2020-12-22","purchased_purges":1,"victory":false,"max_hp_per_floor":[80,80,80,80,80,80,80,80,80,80,80,80,80,80,80,80,80,80,80,80,80,80,80,80,80],"card_choices":[{"not_picked":["Burning Pact","Heavy Blade"],"picked":"Armaments","floor":1},{"not_picked":["Anger","Cleave"],"picked":"Flex","floor":4},{"not_picked":["Uppercut","Combust"],"picked":"Body Slam","floor":7},{"not_picked":["Armaments","Shockwave"],"picked":"Cleave","floor":8},{"not_picked":["Thunderclap","Sword Boomerang"],"picked":"Demon Form","floor":10},{"not_picked":["Perfected Strike","Dropkick"],"picked":"Bloodletting","floor":14},{"not_picked":["Limit Break","Corruption"],"picked":"Juggernaut","floor":16},{"not_picked":["Wild Strike","Warcry"],"picked":"Clash+1","floor":18},{"not_picked":["Cleave+1","Hemokinesis+1","Flex"],"picked":"SKIP","floor":20},{"not_picked":["Dropkick","Clothesline"],"picked":"True Grit+1","floor":22}],"player_experience":316970,"relics_obtained":[{"floor":9,"key":"Boot"},{"floor":10,"key":"MealTicket"}],"event_choices":[{"damage_healed":0,"gold_gain":0,"player_choice":"Grow","damage_taken":0,"max_hp_gain":0,"max_hp_loss":0,"event_name":"Living Wall","floor":2,"gold_loss":0,"cards_upgraded":["Armaments"]},{"cards_removed":["Defend_R"],"damage_healed":0,"gold_gain":0,"player_choice":"Purged","damage_taken":0,"max_hp_gain":0,"max_hp_loss":0,"event_name":"Purifier","floor":3,"gold_loss":0},{"damage_healed":0,"gold_gain":0,"player_choice":"Ignored","damage_taken":0,"max_hp_gain":0,"max_hp_loss":0,"event_name":"Liars Game","floor":5,"gold_loss":0},{"damage_healed":26,"gold_gain":0,"player_choice":"Banana","damage_taken":0,"max_hp_gain":0,"max_hp_loss":0,"event_name":"Big Fish","floor":12,"gold_loss":0},{"cards_removed":["Strike_R"],"damage_healed":0,"gold_gain":0,"player_choice":"Card Removal","damage_taken":7,"max_hp_gain":0,"max_hp_loss":0,"event_name":"Golden Wing","floor":13,"gold_loss":0},{"cards_removed":["Strike_R"],"damage_healed":0,"gold_gain":0,"player_choice":"Gave Gold","damage_taken":0,"max_hp_gain":0,"max_hp_loss":0,"event_name":"Beggar","floor":19,"gold_loss":75}],"is_beta":false,"boss_relics":[{"not_picked":["Cursed Key","Runic Pyramid"],"picked":"Black Blood"}],"items_purged_floors":[21],"is_endless":false,"potions_floor_spawned":[7,8,14,16,20],"killed_by":"Gremlin Leader","ascension_level":0}}