{"host":"56xwnffi6e9z5l58","time":1613061130,"event":{"mods":["Aspiration","BaseMod","Better Match","Better Note","Better Sensory Stone","BetterRewards","Colored Map","Colored Powertips","Conspire","Downfall","GifTheSpireLib","Hermit","Highlight Path","Hubris","Infinite Spire","Key Reminder","Minty Spire (QoL Compilation)","Permanent Neow","Quick Restart","Rare Cards Sparkle","Replay The Spire","StSLib","Stuff the Spire","SuperFastMode","Unceasing Turn Reminder"],"gold_per_floor":[99,117,35,28,51,92,92,97,153,186,198,203,215,246,274,286,286,286],"floor_reached":16,"language":"ENG","playtime":645,"items_purged":["CommonCold"],"score":110,"play_id":"4cb1cf67-24c7-48d3-b3fb-f8a6fb4e3d1a","local_time":"20210212003210","is_ascension_mode":false,"campfire_choices":[{"data":"hexamod:Sear","floor":1,"key":"SMITH"},{"floor":13,"key":"REST"}],"circlet_count":0,"master_deck":["hexamod:Strike","hexamod:Strike","hexamod:Defend","hexamod:Defend","hexamod:Defend","hexamod:Sear+1","hexamod:Float","hexamod:FourthSeal","hexamod:SecondSeal","hexamod:SpectersWail","hexamod:InspiringFlames","hexamod:ThirdSeal","hexamod:PowerFromBeyond","hexamod:HauntingEcho","hexamod:GhostOfSpirePast","hexamod:ForkedFlame","hexamod:PowerFromBeyond","hexamod:FlamesFromBeyond","hexamod:ExtraCrispy","hexamod:NightmareStrike","hexamod:SearingWound","hexamod:Incineration","hexamod:RecurringNightmare","hexamod:WildfireWeapon","hexamod:FlamesFromBeyond","hexamod:DynamicBlow"],"relics":["hexamod:SpiritBrand","Oddly Smooth Stone","MawBank","StoneCalendar"],"acts_visited":["Exordium"],"potions_floor_usage":[9,9,16,16],"damage_taken":[{"damage":1,"enemies":"Cultist","floor":2,"turns":4},{"damage":0,"enemies":"downfall:FleeingMerchant","floor":3,"turns":4},{"damage":0,"enemies":"downfall:FleeingMerchant","floor":4,"turns":4},{"damage":5,"enemies":"2 Louse","floor":5,"turns":3},{"damage":26,"enemies":"3 Sentries","floor":6,"turns":12},{"damage":9,"enemies":"downfall:FleeingMerchant","floor":8,"turns":4},{"damage":1,"enemies":"Gremlin Nob","floor":9,"turns":4},{"damage":15,"enemies":"Small Slimes","floor":10,"turns":3},{"damage":14,"enemies":"downfall:FleeingMerchant","floor":12,"turns":4},{"damage":14,"enemies":"Blue Slaver","floor":14,"turns":3},{"damage":12,"enemies":"Large Slime","floor":15,"turns":5},{"damage":46,"enemies":"DF_ARCHETYPE_STREAMLINE","floor":16,"turns":5}],"seed_played":"-5107581054750721617","potions_obtained":[{"floor":2,"key":"Milkshake"},{"floor":3,"key":"FairyPotion"},{"floor":4,"key":"infinitespire:BlackPotion"},{"floor":5,"key":"LiquidMemories"},{"floor":6,"key":"CultistPotion"},{"floor":9,"key":"Elixir"},{"floor":9,"key":"Elixir"},{"floor":10,"key":"Explosive Potion"},{"floor":12,"key":"FairyPotion"},{"floor":14,"key":"CultistPotion"}],"is_trial":false,"path_per_floor":["R","M","$","$","M","E","T","$","E","M","?","$","R","M","M","B"],"character_chosen":"THE_SPIRIT","items_purchased":[],"campfire_rested":1,"item_purchase_floors":[],"current_hp_per_floor":[70,69,69,69,64,38,38,29,28,13,13,21,42,28,16,0,0,0],"gold":286,"neow_bonus":"TRANSFORM_TWO_CARDS","is_daily":false,"chose_seed":false,"campfire_upgraded":1,"win_rate":0.0,"timestamp":1613061130,"path_taken":["R","M","?","$","M","E","T","$","E","M","?","$","R","?","M","BOSS"],"items_purchased_type":[],"build_version":"2020-12-22","purchased_purges":1,"victory":false,"max_hp_per_floor":[70,70,70,70,70,70,70,70,70,70,70,70,70,70,70,70,70,70],"card_choices":[{"not_picked":["hexamod:GhostShield","hexamod:NightmareGuise"],"picked":"hexamod:SpectersWail","floor":2},{"not_picked":["hexamod:Firestarter","hexamod:FourthSeal"],"picked":"hexamod:InspiringFlames","floor":3},{"not_picked":["hexamod:BacktrackSmack","hexamod:RetreatToShadows"],"picked":"hexamod:ThirdSeal","floor":4},{"not_picked":["hexamod:GhostLash","hexamod:HeatCrush"],"picked":"hexamod:PowerFromBeyond","floor":5},{"not_picked":["hexamod:GhostShield","hexamod:Again","hexamod:NecessarySacrifice"],"picked":"SKIP","floor":5},{"not_picked":["hexamod:GhostShield","hexamod:Again","hexamod:NecessarySacrifice"],"picked":"SKIP","floor":5},{"not_picked":["hexamod:SpectersWail","hexamod:PhantomCloak"],"picked":"hexamod:HauntingEcho","floor":6},{"not_picked":["hexamod:GhostLash","hexamod:SwordOfDarkness","hexamod:HeatMetal"],"picked":"SKIP","floor":6},{"not_picked":["hexamod:PhantomFireball","hexamod:BacktrackSmack"],"picked":"hexamod:GhostOfSpirePast","floor":8},{"not_picked":["hexamod:GhostLash","hexamod:AdvancingGuard"],"picked":"hexamod:ForkedFlame","floor":8},{"not_picked":["hexamod:HeatMetal","hexamod:GhostLash"],"picked":"hexamod:PowerFromBeyond","floor":9},{"not_picked":["hexamod:HeatCrush","hexamod:PowerFromBeyond"],"picked":"hexamod:FlamesFromBeyond","floor":9},{"not_picked":["hexamod:ThermalTransfer","hexamod:BurningTouch"],"picked":"hexamod:ExtraCrispy","floor":10},{"not_picked":["hexamod:HeatMetal","hexamod:SoulSteal"],"picked":"hexamod:NightmareStrike","floor":10},{"not_picked":["hexamod:SpectersWail","hexamod:Hexaguard"],"picked":"hexamod:Incineration","floor":12},{"not_picked":["hexamod:Haunt","hexamod:Firestarter"],"picked":"hexamod:RecurringNightmare","floor":12},{"not_picked":["hexamod:PowerFromBeyond","hexamod:BacktrackSmack"],"picked":"hexamod:WildfireWeapon","floor":14},{"not_picked":["hexamod:HeatMetal","hexamod:AdvancingGuard","hexamod:GhostShield"],"picked":"SKIP","floor":14},{"not_picked":["hexamod:SwordOfDarkness","hexamod:AdvancingGuard"],"picked":"hexamod:FlamesFromBeyond","floor":15},{"not_picked":["hexamod:Again","hexamod:Hexaguard"],"picked":"hexamod:DynamicBlow","floor":15}],"player_experience":1026349,"relics_obtained":[{"floor":6,"key":"Oddly Smooth Stone"},{"floor":7,"key":"MawBank"},{"floor":9,"key":"StoneCalendar"}],"event_choices":[],"is_beta":false,"boss_relics":[],"items_purged_floors":[3],"is_endless":false,"potions_floor_spawned":[6,9,10,14],"killed_by":"DF_ARCHETYPE_STREAMLINE","ascension_level":0}}