{"host":"mz5hf7l9u79ze5ha","time":1613048674,"event":{"mods":["AchievementEnabler","BaseMod","Bestiary","Better Third Choice","BetterRewards","Colored Map","Colored Powertips","Curses Come First","Downfall","Googly Eyes","Hermit","Hubris","Minty Spire (QoL Compilation)","Quick Restart","Rare Cards Sparkle","Relic Stats","Reliquary","Replay The Spire","StSLib","The Bladedancer","The Bug Knight","The Cursed","The Hierophant","The Marked","Unceasing Turn Reminder"],"gold_per_floor":[99,110,124,138,152,152,207,26,39,39,39,53,53,67,84,188,188,88,106,145,156,256,256,256,256,256,256],"floor_reached":25,"language":"ENG","playtime":1216,"items_purged":[],"score":195,"play_id":"4ca85e29-ca00-40ec-aca3-108ee7a615cb","local_time":"20210211150434","is_ascension_mode":false,"campfire_choices":[{"data":"Slimebound:CorrosiveSpit","floor":1,"key":"SMITH"},{"floor":13,"key":"REST"},{"floor":18,"key":"RECALL"}],"circlet_count":0,"master_deck":["Slimebound:Strike_Slimebound","Slimebound:Strike_Slimebound","Slimebound:Strike_Slimebound","Slimebound:Tackle","Slimebound:Defend_Slimebound","Slimebound:Defend_Slimebound","Slimebound:Defend_Slimebound","Slimebound:Defend_Slimebound","Slimebound:Split","Slimebound:CorrosiveSpit+1","Slimebound:LeechingTouch","Slimebound:SplitAcid","Slimebound:SpikyOuterGoop","Slimebound:Schlurp+1","Slimebound:SplitMire","expansioncontent:QuickStudy","Slimebound:Schlurp","Slimebound:SlimeSpikes","Slimebound:RainOfGoop","Slimebound:ProtectTheBoss","Slimebound:Overexert","Slimebound:SlimeSpikes","Slimebound:ItLooksTasty","Slimebound:Gluttony+1"],"relics":["Slimebound:AbsorbEndCombat","reliquary:RosewoodLute","Replay:Baseball","hubris:Icosahedron","downfall:HeartBlessingBlue","Frozen Egg 2","downfall:KnowingSkull","Replay:Arrowhead"],"acts_visited":["Exordium","TheCity"],"potions_floor_usage":[21,25,25],"damage_taken":[{"damage":0,"enemies":"2 Louse","floor":2,"turns":3},{"damage":5,"enemies":"Jaw Worm","floor":3,"turns":4},{"damage":0,"enemies":"Small Slimes","floor":4,"turns":3},{"damage":12,"enemies":"Gremlin Gang","floor":5,"turns":5},{"damage":11,"enemies":"downfall:FleeingMerchant","floor":8,"turns":4},{"damage":15,"enemies":"2 Fungi Beasts","floor":9,"turns":3},{"damage":13,"enemies":"3 Louse","floor":12,"turns":3},{"damage":1,"enemies":"Blue Slaver","floor":14,"turns":3},{"damage":1,"enemies":"Exordium Wildlife","floor":15,"turns":2},{"damage":14,"enemies":"IC_STATUS_ARCHETYPE","floor":16,"turns":7},{"damage":16,"enemies":"Centurion and Healer","floor":19,"turns":5},{"damage":49,"enemies":"Shelled Parasite and Fungi","floor":21,"turns":8},{"damage":15,"enemies":"Snake Plant","floor":25,"turns":1}],"seed_played":"8068715435096515098","potions_obtained":[{"floor":9,"key":"FearPotion"},{"floor":12,"key":"LiquidBronze"},{"floor":14,"key":"Explosive Potion"},{"floor":16,"key":"Block Potion"},{"floor":21,"key":"Slimebound:SlimedPotion"}],"is_trial":false,"path_per_floor":["R","M","M","M","M","?","T","$","M","T","?","M","R","M","M","B",null,"R_BF","M","?","M","?","?","T","M"],"character_chosen":"SLIMEBOUND","items_purchased":["expansioncontent:QuickStudy"],"campfire_rested":1,"item_purchase_floors":[8],"current_hp_per_floor":[65,65,62,64,58,58,58,53,42,42,42,35,54,57,60,54,65,75,65,35,18,18,12,12,0,0,0],"gold":256,"neow_bonus":"RANDOM_COMMON_RELIC","is_daily":false,"chose_seed":false,"campfire_upgraded":1,"win_rate":0.0,"timestamp":1613048674,"path_taken":["R","M","M","M","M","?","T","$","M","?","?","M","R","M","M","BOSS","R_BF","M","?","M","?","?","T","M"],"items_purchased_type":["Card"],"build_version":"2020-12-22","purchased_purges":0,"victory":false,"max_hp_per_floor":[65,65,65,65,65,65,65,65,65,65,65,65,65,65,65,65,65,75,75,75,75,75,75,75,75,75,75],"relic_stats":{"counters":[13,50],"obtain_stats":[{"Replay:Baseball":7,"hubris:Icosahedron":11,"downfall:HeartBlessingBlue":18,"downfall:KnowingSkull":23,"Slimebound:AbsorbEndCombat":0,"reliquary:RosewoodLute":0,"Frozen Egg 2":20,"Replay:Arrowhead":24},{"Replay:Baseball":4,"hubris:Icosahedron":6,"downfall:HeartBlessingBlue":10,"downfall:KnowingSkull":12,"Slimebound:AbsorbEndCombat":0,"reliquary:RosewoodLute":0,"Frozen Egg 2":11,"Replay:Arrowhead":12},{"Replay:Baseball":15,"hubris:Icosahedron":21,"downfall:HeartBlessingBlue":36,"downfall:KnowingSkull":49,"Slimebound:AbsorbEndCombat":0,"reliquary:RosewoodLute":0,"Frozen Egg 2":41,"Replay:Arrowhead":49}]},"card_choices":[{"not_picked":["Slimebound:FinishingTackle","Slimebound:ComboTackle"],"picked":"Slimebound:LeechingTouch","floor":2},{"not_picked":["Slimebound:SlimeSpikes","Slimebound:Chomp"],"picked":"Slimebound:SplitAcid","floor":3},{"not_picked":["Slimebound:AcidTongue","Slimebound:LivingWall"],"picked":"Slimebound:SpikyOuterGoop","floor":4},{"not_picked":["Slimebound:SlimeSpikes","Slimebound:Dissolve"],"picked":"Slimebound:ItLooksTasty","floor":5},{"not_picked":["Slimebound:BestDefense","Slimebound:ForwardTackle"],"picked":"Slimebound:SplitMire","floor":8},{"not_picked":["Slimebound:SlimeBarrage","Slimebound:SplitLeeching"],"picked":"Slimebound:Schlurp","floor":9},{"not_picked":["Slimebound:GoopTackle","Slimebound:ForwardTackle"],"picked":"Slimebound:SlimeSpikes","floor":12},{"not_picked":["Slimebound:SplitAcid","Slimebound:ComboTackle"],"picked":"Slimebound:RainOfGoop","floor":14},{"not_picked":["Slimebound:RallyTheTroops","Slimebound:LivingWall"],"picked":"Slimebound:ProtectTheBoss","floor":15},{"not_picked":["Slimebound:MinionMaster","Slimebound:WasteNot"],"picked":"Slimebound:Overexert","floor":16},{"not_picked":["Slimebound:SamplingLick","Slimebound:FlameTackle","Slimebound:Chomp"],"picked":"SKIP","floor":19},{"not_picked":["Slimebound:ForwardTackle","Slimebound:Prepare"],"picked":"Slimebound:SlimeSpikes","floor":20},{"not_picked":["Slimebound:SamplingLick","Slimebound:HauntingLick"],"picked":"Slimebound:ItLooksTasty","floor":20},{"not_picked":["Slimebound:RollThrough","Slimebound:Equalize"],"picked":"Slimebound:Gluttony+1","floor":21}],"player_experience":160184,"relics_obtained":[{"floor":7,"key":"Replay:Baseball"},{"floor":20,"key":"Frozen Egg 2"},{"floor":24,"key":"Replay:Arrowhead"}],"event_choices":[],"is_beta":false,"boss_relics":[{"not_picked":["Snecko Eye","Kintsugi","reliquary:KinkedSpring"]}],"items_purged_floors":[],"is_endless":false,"potions_floor_spawned":[9,12,14,16,21],"killed_by":"Snake Plant","ascension_level":0}}