{"host":"f2zkc2gsfwbibc34","time":1613061164,"event":{"mods":["AchievementEnabler","BaseMod","Better Note","Colored Map","Colored Powertips","Defuse TimeMaze Blight","Downfall","Minty Spire (QoL Compilation)","Permanent Neow","StSLib","SuperFastMode"],"gold_per_floor":[99,118,96499,96518,96538,96558,96558,96578,96597,96609,96609,96626,96626,96640,96660,96757,96757,96757,95777,95777,95777,95793,95824,95824,95824,94812,94662,94148,94164,94177,94177,94197,94292,94292,94292,94312,94323,94333,94349,93853,93879,93897,93913,93913,93930,93941,93951,92939,92952,92952],"floor_reached":51,"language":"ENG","playtime":2926,"items_purged":["Slimebound:Tackle","Slimebound:Defend_Slimebound","downfall:Malfunctioning","Slimebound:Defend_Slimebound"],"score":748,"play_id":"32e3ef6d-0dd1-4193-a334-2f64b959aeb9","local_time":"20210211173244","is_ascension_mode":false,"campfire_choices":[{"data":"Slimebound:Split","floor":1,"key":"SMITH"},{"data":"Slimebound:GrowthPunch","floor":11,"key":"SMITH"},{"data":"Slimebound:SlimeSlap","floor":18,"key":"SMITH"},{"floor":25,"key":"RECALL"},{"data":"expansioncontent:DashGenerateEvil","floor":35,"key":"SMITH"},{"data":"Sadistic Nature","floor":44,"key":"SMITH"}],"circlet_count":0,"master_deck":["Slimebound:Strike_Slimebound+1","Slimebound:Strike_Slimebound","Slimebound:Defend_Slimebound+1","Slimebound:Defend_Slimebound","Slimebound:Split+1","Slimebound:CorrosiveSpit+1","Slimebound:LivingWall","Slimebound:GrowthPunch+1","Slimebound:SplitMire+1","Slimebound:Schlurp","Slimebound:SlimeSpikes","Slimebound:AcidTongue","Slimebound:SplitLeeching","Slimebound:TongueLash","Slimebound:GoopSpray","Slimebound:WasteNot","Slimebound:HauntingLick+1","Slimebound:MegaLick","Slimebound:LeadByExample","Slimebound:SlimeSlap+1","Slimebound:Repurpose+1","Slimebound:RainOfGoop","Slimebound:LeechEnergy","expansioncontent:StudyTheSpire+1","Slimebound:GoopSpray","DevaForm","Slimebound:PressTheAttack+1","Slimebound:SlimeTap+1","Slimebound:SamplingLick+1","Slimebound:SelfFormingGoo","Finesse+1","expansioncontent:DashGenerateEvil+1","Ghostly+1","Slimebound:SpikyOuterGoop+1","Slimebound:RejuvenatingLick+1","Slimebound:Gluttony+1","Regret","Slimebound:PrepareCrush+1","Slimebound:Schlurp+1","Slimebound:Repurpose+1","Parasite","Slimebound:HauntingLick+1","Slimebound:Equalize","Slimebound:ItLooksTasty","Sadistic Nature+1","Slimebound:SlimeTap+1","Slimebound:DuplicatedForm","Slimebound:SplitLeeching+1","Slimebound:Schlurp+1","Slimebound:LeechLife","Mayhem","Slimebound:Overexert"],"relics":["Slimebound:AbsorbEndCombat","Toy Ornithopter","Strange Spoon","TungstenRod","Regal Pillow","Coffee Dripper","Letter Opener","Oddly Smooth Stone","TheAbacus","Toxic Egg 2","Kunai","Question Card","Tiny Chest","HandDrill","Ancient Tea Set","Centennial Puzzle","SlaversCollar","Orichalcum","OrangePellets","Dream Catcher","Potion Belt","Singing Bowl","War Paint","Chemical X"],"acts_visited":["Exordium","TheCity","TheBeyond"],"potions_floor_usage":[28,36,39,40,50,50,50,50,50,50,50,50,50],"damage_taken":[{"damage":7,"enemies":"Small Slimes","floor":2,"turns":4},{"damage":0,"enemies":"downfall:FleeingMerchant","floor":3,"turns":4},{"damage":0,"enemies":"Jaw Worm","floor":4,"turns":4},{"damage":0,"enemies":"Cultist","floor":5,"turns":3},{"damage":15,"enemies":"Exordium Thugs","floor":6,"turns":5},{"damage":9,"enemies":"Exordium Wildlife","floor":8,"turns":4},{"damage":2,"enemies":"Gremlin Gang","floor":9,"turns":4},{"damage":3,"enemies":"Blue Slaver","floor":10,"turns":5},{"damage":5,"enemies":"Large Slime","floor":12,"turns":5},{"damage":0,"enemies":"3 Louse","floor":14,"turns":3},{"damage":8,"enemies":"Lots of Slimes","floor":15,"turns":5},{"damage":27,"enemies":"DF_ARCHETYPE_STREAMLINE","floor":16,"turns":9},{"damage":3,"enemies":"downfall:FleeingMerchant","floor":19,"turns":4},{"damage":0,"enemies":"Shell Parasite","floor":22,"turns":5},{"damage":26,"enemies":"Gremlin Leader","floor":23,"turns":6},{"damage":15,"enemies":"downfall:FleeingMerchant","floor":26,"turns":4},{"damage":2,"enemies":"downfall:FleeingMerchant","floor":28,"turns":4},{"damage":2,"enemies":"3 Byrds","floor":29,"turns":4},{"damage":12,"enemies":"Snake Plant","floor":30,"turns":3},{"damage":1,"enemies":"Snecko","floor":32,"turns":4},{"damage":16,"enemies":"SI_MIRROR_ARCHETYPE","floor":33,"turns":8},{"damage":15,"enemies":"Orb Walker","floor":36,"turns":5},{"damage":11,"enemies":"3 Shapes","floor":37,"turns":4},{"damage":11,"enemies":"Writhing Mass","floor":38,"turns":5},{"damage":0,"enemies":"Jaw Worm Horde","floor":39,"turns":2},{"damage":20,"enemies":"downfall:FleeingMerchant","floor":40,"turns":3},{"damage":30,"enemies":"4 Shapes","floor":42,"turns":3},{"damage":13,"enemies":"Spire Growth","floor":43,"turns":4},{"damage":14,"enemies":"Transient","floor":45,"turns":5},{"damage":40,"enemies":"4 Shapes","floor":46,"turns":4},{"damage":15,"enemies":"Writhing Mass","floor":47,"turns":4},{"damage":1,"enemies":"Maw","floor":49,"turns":5},{"damage":19,"enemies":"WA_ARCHETYPE_DIVINITY","floor":50,"turns":5}],"seed_played":"-5644684919998767124","potions_obtained":[{"floor":4,"key":"Energy Potion"},{"floor":6,"key":"SneckoOil"},{"floor":9,"key":"sneckomod:MuddlingPotion"},{"floor":10,"key":"PowerPotion"},{"floor":15,"key":"EntropicBrew"},{"floor":29,"key":"Fire Potion"},{"floor":33,"key":"Fruit Juice"},{"floor":36,"key":"AttackPotion"},{"floor":38,"key":"champ:CounterPotion"},{"floor":42,"key":"SteroidPotion"},{"floor":43,"key":"BlessingOfTheForge"},{"floor":46,"key":"Energy Potion"},{"floor":49,"key":"SpeedPotion"}],"is_trial":false,"path_per_floor":["R","M","$","M","M","M","T","M","M","M","R","M","?","M","M","B",null,"R","$","?","?","M","E","T","R","$","?","$","M","M","?","M","B",null,"R","M","M","M","M","$","T","M","M","R","M","M","M","$","M","B",null],"character_chosen":"SLIMEBOUND","items_purchased":["Strange Spoon","TungstenRod","Regal Pillow","Slimebound:SplitMire","Slimebound:Schlurp","Letter Opener","Oddly Smooth Stone","TheAbacus","Slimebound:RainOfGoop","Slimebound:LeechEnergy","expansioncontent:StudyTheSpire","Question Card","Tiny Chest","HandDrill","Slimebound:SamplingLick+1","Slimebound:SelfFormingGoo","Finesse+1","expansioncontent:DashGenerateEvil","Ancient Tea Set","Centennial Puzzle","Slimebound:RejuvenatingLick+1","Orichalcum","OrangePellets","Dream Catcher","Slimebound:ItLooksTasty","Sadistic Nature","Singing Bowl","War Paint","Chemical X","Slimebound:LeechLife","Mayhem","Slimebound:Overexert"],"campfire_rested":0,"item_purchase_floors":[3,3,3,3,3,19,19,19,19,19,19,26,26,26,26,26,26,26,28,28,28,40,40,40,40,40,48,48,48,48,48,48],"current_hp_per_floor":[65,62,65,65,65,56,56,51,55,56,56,57,57,63,59,40,65,65,64,64,64,65,46,46,46,37,37,48,54,48,48,53,45,65,65,66,63,60,70,54,54,32,23,23,69,48,41,41,72,62],"gold":92952,"neow_bonus":"RANDOM_COMMON_RELIC","is_daily":false,"chose_seed":false,"campfire_upgraded":5,"win_rate":0.0,"timestamp":1613061164,"path_taken":["R","M","$","M","M","M","T","M","M","M","R","M","?","M","M","BOSS","R","$","?","?","?","E","T","R","$","?","$","M","M","?","M","BOSS","R","M","M","M","M","$","T","?","M","R","M","M","M","$","M","BOSS"],"items_purchased_type":["Relic","Relic","Relic","Card","Card","Relic","Relic","Relic","Card","Card","Card","Relic","Relic","Relic","Card","Card","Card","Card","Relic","Relic","Card","Relic","Relic","Relic","Card","Card","Relic","Relic","Relic","Card","Card","Card"],"build_version":"2020-12-22","purchased_purges":4,"victory":true,"max_hp_per_floor":[65,65,65,65,65,65,65,65,65,65,65,65,65,65,65,65,65,65,65,65,65,65,65,65,65,65,65,65,65,65,65,65,65,65,65,70,70,70,70,70,70,70,70,70,70,70,70,70,72,72],"card_choices":[{"not_picked":["Slimebound:ForwardTackle","Slimebound:SlimeSpikes"],"picked":"Slimebound:LivingWall","floor":2},{"not_picked":["Slimebound:LeechingTouch","Slimebound:LeechEnergy"],"picked":"Slimebound:GrowthPunch","floor":3},{"not_picked":["Slimebound:Schlurp","Slimebound:GoopTackle"],"picked":"Slimebound:SlimeSpikes","floor":4},{"not_picked":["Slimebound:SplitLeeching","Slimebound:SlimeBrawl"],"picked":"Slimebound:AcidTongue","floor":5},{"not_picked":["Slimebound:SlimeBarrage","Slimebound:SlimeSpikes"],"picked":"Slimebound:SplitLeeching","floor":6},{"not_picked":["Slimebound:LivingWall","Slimebound:RollThrough"],"picked":"Slimebound:TongueLash","floor":8},{"not_picked":["Slimebound:FlameTackle","Slimebound:RejuvenatingLick"],"picked":"Slimebound:GoopSpray","floor":9},{"not_picked":["Slimebound:ProtectTheBoss","Slimebound:RollThrough"],"picked":"Slimebound:WasteNot","floor":10},{"not_picked":["Slimebound:SplitMire","Slimebound:AcidTongue"],"picked":"Slimebound:HauntingLick","floor":12},{"not_picked":["Slimebound:RollThrough","Slimebound:GoopTackle"],"picked":"Slimebound:MegaLick","floor":14},{"not_picked":["Slimebound:SplitAcid","Slimebound:Grow"],"picked":"Slimebound:LeadByExample","floor":15},{"not_picked":["Slimebound:LeechLife","Slimebound:WasteNot"],"picked":"Slimebound:SlimeSlap","floor":16},{"not_picked":["Slimebound:LivingWall","Slimebound:SplitAcid"],"picked":"Slimebound:Repurpose+1","floor":19},{"not_picked":["Slimebound:Prepare","Slimebound:ForwardTackle"],"picked":"Slimebound:PressTheAttack+1","floor":22},{"not_picked":["Slimebound:Chomp","Slimebound:ComboTackle+1","Slimebound:PressTheAttack"],"picked":"SKIP","floor":23},{"not_picked":["Slimebound:Grow+1","Slimebound:ComboTackle"],"picked":"Slimebound:SlimeTap+1","floor":26},{"not_picked":["Slimebound:SplitBruiser+1","Slimebound:Replication+1","Slimebound:LeechingTouch"],"picked":"Slimebound:SpikyOuterGoop","floor":28},{"not_picked":["Slimebound:PressTheAttack+1","Slimebound:Grow","Slimebound:SplitAcid+1"],"picked":"Slimebound:Gluttony+1","floor":29},{"not_picked":["Slimebound:ViciousTackle","Slimebound:SplitLeeching+1","Slimebound:SplitAcid+1","Slimebound:Teamwork+1"],"picked":"SKIP","floor":30},{"not_picked":["Slimebound:SplitLeeching+1","Slimebound:LeechingTouch","Slimebound:RollThrough+1","Slimebound:FlameTackle"],"picked":"SKIP","floor":32},{"not_picked":["Slimebound:MassFeed","Slimebound:SlimeSlap","Slimebound:Teamwork+1"],"picked":"Slimebound:PrepareCrush+1","floor":33},{"not_picked":["Slimebound:ViciousTackle","Slimebound:SplitLeeching+1","Slimebound:GoopTackle+1"],"picked":"Slimebound:Schlurp+1","floor":36},{"not_picked":["Slimebound:GoopTackle","Slimebound:LeechingTouch+1","Slimebound:SlimeTap+1"],"picked":"Slimebound:Repurpose+1","floor":37},{"not_picked":["Slimebound:LivingWall+1","Slimebound:Equalize","Slimebound:SamplingLick+1"],"picked":"Slimebound:HauntingLick+1","floor":38},{"not_picked":["Slimebound:Teamwork+1","Slimebound:Chomp","Slimebound:RainOfGoop+1"],"picked":"Slimebound:Equalize","floor":39},{"not_picked":["Slimebound:ViciousTackle+1","Slimebound:Gluttony","Slimebound:FirmFortitude+1","Slimebound:SlimeSpikes+1"],"picked":"SKIP","floor":40},{"not_picked":["Slimebound:RollThrough","Slimebound:GrowthPunch","Slimebound:SplitBruiser+1","Slimebound:SlimeBrawl+1"],"picked":"SKIP","floor":42},{"not_picked":["Slimebound:GoopSpray+1","Slimebound:Equalize","Slimebound:RollThrough"],"picked":"Slimebound:SlimeTap+1","floor":43},{"not_picked":["Slimebound:RollThrough","Slimebound:ForwardTackle+1","Slimebound:GrowthPunch+1"],"picked":"Slimebound:DuplicatedForm","floor":45},{"not_picked":["Slimebound:LeechEnergy","Slimebound:SlimeBarrage","Slimebound:TongueLash"],"picked":"Slimebound:SplitLeeching+1","floor":46},{"not_picked":["Slimebound:GoopTackle","Slimebound:ComboTackle","Slimebound:FinishingTackle+1"],"picked":"Slimebound:Schlurp+1","floor":47},{"not_picked":["Slimebound:Gluttony+1","Slimebound:TongueLash","Slimebound:HauntingLick+1","Slimebound:Prepare+1"],"picked":"Singing Bowl","floor":49}],"player_experience":94306,"relics_obtained":[{"floor":23,"key":"Toxic Egg 2"},{"floor":24,"key":"Kunai"},{"floor":41,"key":"Potion Belt"}],"event_choices":[{"cards_removed":["downfall:Malfunctioning"],"damage_healed":0,"gold_gain":0,"player_choice":"Take \u0026 Give","damage_taken":0,"max_hp_gain":0,"max_hp_loss":0,"event_name":"betterNote:BetterNote","floor":21,"gold_loss":0,"cards_obtained":["DevaForm"]}],"is_beta":false,"boss_relics":[{"not_picked":["Black Star","Empty Cage"],"picked":"Coffee Dripper"},{"not_picked":["Velvet Choker","Tiny House"],"picked":"SlaversCollar"}],"items_purged_floors":[3,19,28,40],"is_endless":false,"potions_floor_spawned":[4,6,9,10,12,15,22,29,30,32,33,36,38,42,43,46,49],"ascension_level":0}}