{"host":"k0d0avqto4hu4k85","time":1613076009,"event":{"mods":["AchievementEnabler","BaseMod","BetterRewards","Colored Map","Colored Powertips","Minty Spire (QoL Compilation)"],"gold_per_floor":[213,213,61,73,86,86,116,116,116,93,93,112,143,0,0,105,105,116,116,126,195,195,195,1,15,62,79,79,93,93,104,104,204,204,216,64,64,77,54,54,83,83,108,125,148,148,198,216,216,216,216],"floor_reached":50,"language":"ENG","playtime":1448,"items_purged":[],"score":526,"play_id":"abe44a0e-19b7-4841-91e2-ce0db83d2caf","local_time":"20210211154009","is_ascension_mode":true,"campfire_choices":[{"floor":6,"key":"REST"},{"floor":8,"key":"REST"},{"data":"Spot Weakness","floor":11,"key":"SMITH"},{"floor":15,"key":"REST"},{"floor":23,"key":"REST"},{"floor":28,"key":"REST"},{"floor":32,"key":"REST"},{"floor":40,"key":"RECALL"},{"floor":42,"key":"REST"},{"floor":46,"key":"REST"},{"floor":49,"key":"REST"}],"circlet_count":0,"master_deck":["Strike_R+1","Strike_R","Strike_R","Strike_R","Strike_R","Defend_R+1","Defend_R+1","Defend_R","Defend_R+1","Bash","Thunderclap","Spot Weakness+1","Cleave","Dropkick","Shrug It Off","Demon Form","Inflame","Spot Weakness+1","Blood for Blood","Pommel Strike+1","Shrug It Off","Fire Breathing+1","Berserk","Twin Strike"],"relics":["Burning Blood","Strawberry","Matryoshka","Tiny Chest","HornCleat","Magic Flower","Lantern","Fusion Hammer","PreservedInsect","Omamori","Bottled Tornado","Bottled Lightning","ClockworkSouvenir","MealTicket","Nilry\u0027s Codex","Busted Crown","Nunchaku","Gambling Chip","War Paint","Bronze Scales","Charon\u0027s Ashes"],"acts_visited":["Exordium","TheCity","TheBeyond"],"potions_floor_usage":[13,33,33,33,47,50],"damage_taken":[{"damage":10,"enemies":"Small Slimes","floor":1,"turns":4},{"damage":0,"enemies":"2 Louse","floor":4,"turns":3},{"damage":11,"enemies":"Cultist","floor":5,"turns":4},{"damage":32,"enemies":"Gremlin Nob","floor":7,"turns":4},{"damage":13,"enemies":"Exordium Thugs","floor":12,"turns":4},{"damage":9,"enemies":"3 Sentries","floor":13,"turns":5},{"damage":104,"enemies":"Slime Boss","floor":16,"turns":13},{"damage":10,"enemies":"Spheric Guardian","floor":18,"turns":4},{"damage":17,"enemies":"2 Thieves","floor":20,"turns":3},{"damage":38,"enemies":"Centurion and Healer","floor":25,"turns":5},{"damage":7,"enemies":"Cultist and Chosen","floor":27,"turns":4},{"damage":20,"enemies":"Chosen and Byrds","floor":29,"turns":4},{"damage":18,"enemies":"Snake Plant","floor":31,"turns":5},{"damage":75,"enemies":"Collector","floor":33,"turns":7},{"damage":12,"enemies":"3 Shapes","floor":35,"turns":5},{"damage":0,"enemies":"Orb Walker","floor":38,"turns":3},{"damage":18,"enemies":"Nemesis","floor":41,"turns":5},{"damage":16,"enemies":"Spire Growth","floor":44,"turns":5},{"damage":0,"enemies":"Mind Bloom Boss Battle","floor":47,"turns":4},{"damage":15,"enemies":"Transient","floor":48,"turns":5},{"damage":87,"enemies":"Time Eater","floor":50,"turns":6}],"seed_played":"1386728868077145192","potions_obtained":[{"floor":4,"key":"Explosive Potion"},{"floor":5,"key":"DistilledChaos"},{"floor":7,"key":"FairyPotion"},{"floor":16,"key":"Weak Potion"},{"floor":18,"key":"PowerPotion"},{"floor":27,"key":"Strength Potion"},{"floor":38,"key":"Explosive Potion"},{"floor":48,"key":"Strength Potion"}],"is_trial":false,"path_per_floor":["M","?","$","M","M","R","E","R","T","$","R","M","E","$","R","B",null,"M","?","M","T","T","R","$","M","T","M","R","M","?","M","R","B",null,"M","$","?","M","$","R","E","R","T","M","T","R","?","M","R","B"],"character_chosen":"IRONCLAD","items_purchased":["Strawberry","Shrug It Off","Lantern","ClockworkSouvenir","Blood for Blood","Nunchaku","Twin Strike"],"campfire_rested":9,"item_purchase_floors":[3,10,14,24,24,36,39],"current_hp_per_floor":[76,60,67,73,68,87,61,87,87,87,87,80,77,77,87,40,87,86,86,78,78,78,87,87,58,58,60,86,75,59,50,76,10,87,84,87,87,87,87,87,78,87,87,80,80,87,87,81,87,0,0],"gold":216,"neow_bonus":"HUNDRED_GOLD","is_daily":false,"chose_seed":false,"campfire_upgraded":1,"win_rate":0.0,"timestamp":1613076009,"path_taken":["M","?","$","M","M","R","E","R","T","$","R","M","E","$","R","BOSS","M","?","?","?","?","R","$","M","T","?","R","M","?","M","R","BOSS","M","$","?","M","$","R","E","R","T","M","?","R","?","M","R","BOSS"],"items_purchased_type":["Relic","Card","Relic","Relic","Card","Relic","Card"],"build_version":"2020-12-22","purchased_purges":0,"victory":false,"max_hp_per_floor":[80,80,87,87,87,87,87,87,87,87,87,87,87,87,87,87,87,87,87,87,87,87,87,87,87,87,87,87,87,87,87,87,87,87,87,87,87,87,87,87,87,87,87,87,87,87,87,87,87,87,87],"card_choices":[{"not_picked":["Clothesline","Warcry"],"picked":"Thunderclap","floor":1},{"not_picked":["Seeing Red","Heavy Blade"],"picked":"Spot Weakness","floor":4},{"not_picked":["Shockwave","Bloodletting"],"picked":"Cleave","floor":5},{"not_picked":["Flex","Sever Soul"],"picked":"Dropkick","floor":7},{"not_picked":["Clothesline","Warcry","Flex"],"picked":"SKIP","floor":12},{"not_picked":["Ghostly Armor","Bloodletting","Offering"],"picked":"SKIP","floor":13},{"not_picked":["Impervious","Reaper"],"picked":"Demon Form","floor":16},{"not_picked":["Anger","Burning Pact"],"picked":"Inflame","floor":18},{"not_picked":["Feel No Pain","Shrug It Off+1"],"picked":"Spot Weakness+1","floor":20},{"not_picked":["True Grit","Warcry","Spot Weakness+1"],"picked":"SKIP","floor":25},{"not_picked":["True Grit+1","Inflame+1"],"picked":"Pommel Strike+1","floor":27},{"not_picked":["Evolve+1","Seeing Red"],"picked":"Shrug It Off","floor":29},{"not_picked":["Havoc+1","Armaments"],"picked":"Fire Breathing+1","floor":31},{"not_picked":["Offering","Juggernaut"],"picked":"Berserk","floor":33},{"not_picked":["Rupture+1"],"picked":"SKIP","floor":35},{"not_picked":["Headbutt"],"picked":"SKIP","floor":38},{"not_picked":["Perfected Strike"],"picked":"SKIP","floor":41},{"not_picked":["Shrug It Off"],"picked":"SKIP","floor":44},{"not_picked":["Perfected Strike+1"],"picked":"SKIP","floor":48}],"player_experience":1170241,"relics_obtained":[{"floor":7,"key":"Matryoshka"},{"floor":9,"key":"Tiny Chest"},{"floor":9,"key":"HornCleat"},{"floor":13,"key":"Magic Flower"},{"floor":21,"key":"Omamori"},{"floor":21,"key":"Bottled Tornado"},{"floor":22,"key":"Bottled Lightning"},{"floor":26,"key":"MealTicket"},{"floor":30,"key":"Nilry\u0027s Codex"},{"floor":41,"key":"Gambling Chip"},{"floor":43,"key":"War Paint"},{"floor":45,"key":"Bronze Scales"},{"floor":47,"key":"Charon\u0027s Ashes"}],"event_choices":[{"damage_healed":0,"gold_gain":0,"player_choice":"Entered Light","damage_taken":16,"max_hp_gain":0,"max_hp_loss":0,"event_name":"Shining Light","floor":2,"gold_loss":0,"cards_upgraded":["Strike_R","Defend_R"]},{"damage_healed":0,"gold_gain":0,"player_choice":"Gave Potion","damage_taken":0,"relics_obtained":["PreservedInsect"],"max_hp_gain":0,"max_hp_loss":0,"event_name":"WeMeetAgain","floor":19,"gold_loss":0},{"damage_healed":0,"gold_gain":0,"player_choice":"Obtained Book","damage_taken":16,"max_hp_gain":0,"max_hp_loss":0,"event_name":"Cursed Tome","floor":30,"gold_loss":0},{"damage_healed":0,"gold_gain":0,"player_choice":"Ignored","damage_taken":0,"max_hp_gain":0,"max_hp_loss":0,"event_name":"Mysterious Sphere","floor":37,"gold_loss":0},{"damage_healed":0,"gold_gain":0,"player_choice":"Fight","damage_taken":0,"max_hp_gain":0,"max_hp_loss":0,"event_name":"MindBloom","floor":47,"gold_loss":0}],"is_beta":false,"boss_relics":[{"not_picked":["Runic Cube","Empty Cage"],"picked":"Fusion Hammer"},{"not_picked":["Velvet Choker","Astrolabe"],"picked":"Busted Crown"}],"items_purged_floors":[],"is_endless":false,"potions_floor_spawned":[4,5,7,12,16,18,27,31,38,48],"killed_by":"Time Eater","ascension_level":2}}