{"host":"91blwi3hgehj6ch9","time":1613053007,"event":{"mods":["2.2 Compatiblity","AchievementEnabler","BaseMod","Colored Map","DeckTracker","Keyboard Shortcuts","Minty Spire (QoL Compilation)","Permanent Neow","Quick Restart","StSLib","SuperFastMode","everything is the same but u backflip on backflip"],"gold_per_floor":[116,133,133,152,167,196,196,209,209,209,244,255,266,284,284,387,387,401,413,328,342,342,342,342],"floor_reached":23,"language":"KOR","playtime":848,"items_purged":[],"score":259,"play_id":"4337c215-2f61-4b19-b341-c0a2a875e3df","local_time":"20210211231647","is_ascension_mode":true,"campfire_choices":[{"data":"Second Wind","floor":7.0,"key":"SMITH"},{"floor":10.0,"key":"REST"},{"data":"Inflame","floor":15,"key":"SMITH"}],"circlet_count":0,"master_deck":["Strike_R","Strike_R","Strike_R","Strike_R","Defend_R","Defend_R","Defend_R","Defend_R","Bash","Wild Strike","Burning Pact","Inflame+1","Second Wind+1","Shrug It Off","Pummel","Ghostly Armor","Body Slam","Flex","Limit Break","Shrug It Off+1","Decay"],"relics":["Burning Blood","Strawberry","Meat on the Bone","Bronze Scales","Sozu","Kunai"],"acts_visited":["Exordium","TheCity"],"potions_floor_usage":[16,16],"damage_taken":[{"damage":7.0,"enemies":"2 Louse","floor":1.0,"turns":4.0},{"damage":0.0,"enemies":"Small Slimes","floor":2.0,"turns":3.0},{"damage":13.0,"enemies":"Jaw Worm","floor":4.0,"turns":4.0},{"damage":16.0,"enemies":"2 Fungi Beasts","floor":5.0,"turns":4.0},{"damage":45.0,"enemies":"3 Sentries","floor":6.0,"turns":15.0},{"damage":12.0,"enemies":"Looter","floor":8.0,"turns":4.0},{"damage":16.0,"enemies":"Gremlin Nob","floor":11.0,"turns":4.0},{"damage":5.0,"enemies":"Exordium Wildlife","floor":12.0,"turns":3.0},{"damage":12.0,"enemies":"Exordium Thugs","floor":13.0,"turns":6.0},{"damage":3,"enemies":"3 Louse","floor":14,"turns":5},{"damage":53,"enemies":"Slime Boss","floor":16,"turns":17},{"damage":24,"enemies":"2 Thieves","floor":18,"turns":3},{"damage":6,"enemies":"Spheric Guardian","floor":19,"turns":4},{"damage":38,"enemies":"3 Cultists","floor":21,"turns":6},{"damage":36,"enemies":"Book of Stabbing","floor":23,"turns":4}],"seed_played":"8023678715205840753","potions_obtained":[{"floor":4.0,"key":"ColorlessPotion"},{"floor":5.0,"key":"Energy Potion"},{"floor":8.0,"key":"DuplicationPotion"},{"floor":11.0,"key":"Block Potion"},{"floor":14,"key":"Explosive Potion"}],"is_trial":false,"path_per_floor":["M","M","?","M","M","E","R","M","T","R","E","M","M","M","R","B",null,"M","M","?","M","?","E"],"character_chosen":"IRONCLAD","items_purchased":[],"campfire_rested":1,"item_purchase_floors":[],"current_hp_per_floor":[79,80,80,73,63,31,31,25,25,51,53,54,60,63,63,28,72,54,54,54,34,34,0,0],"gold":342,"neow_bonus":"REMOVE_CARD","is_daily":false,"chose_seed":false,"campfire_upgraded":2,"win_rate":0.0,"timestamp":1613053007,"path_taken":["M","M","?","M","M","E","R","M","T","R","E","M","M","M","R","BOSS","M","M","?","M","?","E"],"items_purchased_type":[],"build_version":"2020-12-22","purchased_purges":0,"victory":false,"max_hp_per_floor":[80,80,80,80,80,87,87,87,87,87,87,87,87,87,87,87,87,87,87,87,87,87,87,87],"card_choices":[{"not_picked":["Headbutt","Body Slam"],"picked":"Wild Strike","floor":1.0},{"not_picked":["Metallicize","Perfected Strike"],"picked":"Burning Pact","floor":2.0},{"not_picked":["Warcry","Headbutt","Wild Strike"],"picked":"SKIP","floor":4.0},{"not_picked":["Sever Soul","Searing Blow"],"picked":"Inflame","floor":5.0},{"not_picked":["Thunderclap","Pommel Strike"],"picked":"Second Wind","floor":6.0},{"not_picked":["Heavy Blade","Rupture"],"picked":"Shrug It Off","floor":8.0},{"not_picked":["Headbutt","Whirlwind"],"picked":"Pummel","floor":11.0},{"not_picked":["Shockwave","Dropkick"],"picked":"Ghostly Armor","floor":12.0},{"not_picked":["Hemokinesis","Metallicize"],"picked":"Body Slam","floor":13},{"not_picked":["True Grit","Exhume"],"picked":"Flex","floor":14},{"not_picked":["Feed","Corruption"],"picked":"Limit Break","floor":16},{"not_picked":["Twin Strike","Headbutt","True Grit"],"picked":"SKIP","floor":18},{"not_picked":["Cleave","Iron Wave","Thunderclap"],"picked":"SKIP","floor":19},{"not_picked":["Intimidate","Havoc"],"picked":"Shrug It Off+1","floor":21}],"player_experience":204711,"relics_obtained":[{"floor":6.0,"key":"Strawberry"},{"floor":9.0,"key":"Meat on the Bone"},{"floor":11.0,"key":"Bronze Scales"}],"event_choices":[{"damage_healed":0.0,"max_hp_gain":0.0,"max_hp_loss":0.0,"gold_gain":0.0,"event_name":"Liars Game","player_choice":"Ignored","floor":3.0,"gold_loss":0.0,"damage_taken":0.0},{"damage_healed":0,"gold_gain":0,"player_choice":"Obtained Relic","damage_taken":0,"relics_obtained":["Kunai"],"max_hp_gain":0,"max_hp_loss":0,"event_name":"Addict","floor":20,"gold_loss":85},{"damage_healed":0,"gold_gain":0,"player_choice":"Smashed Altar","damage_taken":0,"max_hp_gain":0,"max_hp_loss":0,"event_name":"Forgotten Altar","floor":22,"gold_loss":0,"cards_obtained":["Decay"]}],"is_beta":false,"boss_relics":[{"not_picked":["SacredBark","Tiny House"],"picked":"Sozu"}],"items_purged_floors":[],"is_endless":false,"potions_floor_spawned":[4,5,8,11,14,19,21],"killed_by":"Book of Stabbing","ascension_level":5}}