{"host":"3d7yvplr5ovcyppx","time":1613072339,"event":{"mods":["AchievementEnabler","BaseMod","Hermit","Jorbs\u0027s Wanderer Trilogy","Minty Spire (QoL Compilation)","Quick Restart","Somnambulant","StSLib","The Cursed","The Disciple","The Servant 0.9.4"],"gold_per_floor":[114,134,134,149,165,191,191,205,205,235,235,264,298,298,298,398,398,398,398,398,398,398,398,398,398,398],"floor_reached":25,"language":"ENG","playtime":1725,"items_purged":[],"score":266,"play_id":"3c261ca3-bfb9-4c64-bf68-2beedabc89e1","local_time":"20210212010859","is_ascension_mode":true,"campfire_choices":[{"data":"Zap","floor":7,"key":"SMITH"},{"floor":11,"key":"REST"},{"floor":15,"key":"REST"}],"circlet_count":0,"master_deck":["Strike_B+1","Strike_B+1","Strike_B+1","Strike_B+1","Defend_B+1","Defend_B+1","Defend_B+1","Defend_B+1","Zap+1","Dualcast","Ball Lightning","Streamline","Sunder","White Noise","Reboot","Defragment","Seek","White Noise","Darkness","Amplify+1","Lockon","Streamline+1","Compile Driver+1","Hello World","Storm+1"],"relics":["SacredBark","Torii","Girya","WingedGreaves","Turnip","Orichalcum","Toxic Egg 2","Ectoplasm","Lantern"],"acts_visited":["Exordium","TheCity"],"potions_floor_usage":[6,12,20,23,23,23,25],"damage_taken":[{"damage":4,"enemies":"2 Louse","floor":1,"turns":3},{"damage":1,"enemies":"Jaw Worm","floor":2,"turns":4},{"damage":0,"enemies":"Cultist","floor":4,"turns":3},{"damage":0,"enemies":"Large Slime","floor":5,"turns":4},{"damage":8,"enemies":"Gremlin Nob","floor":6,"turns":5},{"damage":14,"enemies":"Exordium Wildlife","floor":8,"turns":4},{"damage":31,"enemies":"Lagavulin","floor":10,"turns":6},{"damage":2,"enemies":"3 Sentries","floor":12,"turns":5},{"damage":18,"enemies":"Lagavulin","floor":13,"turns":7},{"damage":17,"enemies":"The Guardian","floor":16,"turns":9},{"damage":2,"enemies":"Shell Parasite","floor":18,"turns":4},{"damage":9,"enemies":"Chosen","floor":20,"turns":5},{"damage":15,"enemies":"Snake Plant","floor":21,"turns":3},{"damage":22,"enemies":"Slavers","floor":23,"turns":5},{"damage":19,"enemies":"Snecko","floor":24,"turns":5},{"damage":10,"enemies":"Gremlin Leader","floor":25,"turns":2}],"seed_played":"-8289620858699785316","potions_obtained":[{"floor":2,"key":"Block Potion"},{"floor":6,"key":"Ancient Potion"},{"floor":10,"key":"EssenceOfSteel"},{"floor":12,"key":"Dexterity Potion"},{"floor":13,"key":"Energy Potion"},{"floor":16,"key":"Energy Potion"},{"floor":20,"key":"Strength Potion"},{"floor":24,"key":"Ancient Potion"}],"is_trial":false,"path_per_floor":["M","M","?","M","M","E","R","M","T","E","R","E","E","?","R","B",null,"M","$","M","M","?","E","M","E"],"character_chosen":"DEFECT","items_purchased":[],"campfire_rested":2,"item_purchase_floors":[],"current_hp_per_floor":[71,70,55,55,55,47,47,33,33,2,24,22,4,4,26,9,75,73,73,64,49,49,27,8,0,0],"gold":398,"neow_bonus":"BOSS_RELIC","is_daily":false,"chose_seed":false,"campfire_upgraded":1,"win_rate":0.0,"timestamp":1613072339,"path_taken":["M","M","?","M","M","E","R","M","T","E","R","E","E","?","R","BOSS","M","$","M","M","?","E","M","E"],"items_purchased_type":[],"build_version":"2020-12-22","purchased_purges":0,"victory":false,"max_hp_per_floor":[75,75,75,75,75,75,75,75,75,75,75,75,75,75,75,75,75,75,75,75,75,75,75,75,75,75],"card_choices":[{"not_picked":["Cold Snap","Lockon"],"picked":"Ball Lightning","floor":1},{"not_picked":["Hologram","Compile Driver"],"picked":"Streamline","floor":2},{"not_picked":["Streamline","Force Field"],"picked":"Sunder","floor":4},{"not_picked":["Storm","Double Energy"],"picked":"White Noise","floor":5},{"not_picked":["Aggregate","Barrage"],"picked":"Reboot","floor":6},{"not_picked":["Barrage","Skim"],"picked":"Defragment","floor":8},{"not_picked":["Blizzard","Conserve Battery"],"picked":"Seek","floor":10},{"not_picked":["Coolheaded","Conserve Battery"],"picked":"White Noise","floor":12},{"not_picked":["Turbo","Heatsinks"],"picked":"Darkness","floor":13},{"not_picked":["Creative AI","Hyperbeam"],"picked":"Amplify+1","floor":16},{"not_picked":["Undo+1","Auto Shields+1"],"picked":"Lockon","floor":18},{"not_picked":["Doom and Gloom","Leap+1"],"picked":"Streamline+1","floor":20},{"not_picked":["Beam Cell","Cold Snap+1"],"picked":"Compile Driver+1","floor":21},{"not_picked":["Blizzard","Go for the Eyes"],"picked":"Hello World","floor":23},{"not_picked":["Gash","Sweeping Beam"],"picked":"Storm+1","floor":24}],"player_experience":31752,"relics_obtained":[{"floor":6,"key":"Torii"},{"floor":9,"key":"Girya"},{"floor":10,"key":"WingedGreaves"},{"floor":12,"key":"Turnip"},{"floor":13,"key":"Orichalcum"},{"floor":23,"key":"Lantern"}],"event_choices":[{"damage_healed":0,"gold_gain":0,"player_choice":"Entered Light","damage_taken":15,"max_hp_gain":0,"max_hp_loss":0,"event_name":"Shining Light","floor":3,"gold_loss":0,"cards_upgraded":["Defend_B","Defend_B"]},{"damage_healed":0,"gold_gain":0,"player_choice":"Gave Potion","damage_taken":0,"relics_obtained":["Toxic Egg 2"],"max_hp_gain":0,"max_hp_loss":0,"event_name":"WeMeetAgain","floor":14,"gold_loss":0},{"damage_healed":0,"gold_gain":0,"player_choice":"Simplicity","damage_taken":0,"max_hp_gain":0,"max_hp_loss":0,"event_name":"Back to Basics","floor":22,"gold_loss":0,"cards_upgraded":["Strike_B","Strike_B","Strike_B","Strike_B","Defend_B","Defend_B"]}],"is_beta":false,"boss_relics":[{"not_picked":["Tiny House","Black Star"],"picked":"Ectoplasm"}],"items_purged_floors":[],"is_endless":false,"potions_floor_spawned":[2,6,10,12,13,16,20,21,24],"killed_by":"Gremlin Leader","ascension_level":1}}