{"host":"f2zkc2gsfwbibc34","time":1613051016,"event":{"mods":["AchievementEnabler","BaseMod","Better Note","Colored Map","Colored Powertips","Defuse TimeMaze Blight","Minty Spire (QoL Compilation)","Permanent Neow","StSLib","SuperFastMode","The Servant 0.9.4"],"gold_per_floor":[114,189,100,100,113,113,113,76,102,123,123,123,146,171,171,296,296,221,221,221,150,202,202,217,217,217],"floor_reached":25,"language":"ENG","playtime":1003,"items_purged":[],"score":187,"play_id":"dc8c8b90-4427-4a4a-93f6-af588bb6c5f4","local_time":"20210211144336","is_ascension_mode":false,"campfire_choices":[{"data":"SilverBlades","floor":6,"key":"SMITH"},{"floor":12,"key":"REST"},{"data":"Barrier","floor":15,"key":"SMITH"},{"data":"Embodiment","floor":23,"key":"SMITH"}],"circlet_count":0,"master_deck":["Strike_S","Strike_S","Strike_S","Strike_S","Defend_S","Defend_S","Defend_S","Defend_S","KidneyShot","Exchange+1","SilverBlades+1","Flash of Steel","FastForward","RealityMarble","Luminosity","Barrier+1","Misdirection","SoulSculpture","Snipe+1","Exchange+1","Embodiment+1"],"relics":["Uniform","Broom","Black Star","Nloth\u0027s Gift","Centennial Puzzle"],"acts_visited":["Exordium","TheCity"],"potions_floor_usage":[25,25],"damage_taken":[{"damage":0,"enemies":"Small Slimes","floor":1,"turns":6},{"damage":0,"enemies":"2 Louse","floor":5,"turns":3},{"damage":13,"enemies":"Jaw Worm","floor":10,"turns":4},{"damage":0,"enemies":"Large Slime","floor":13,"turns":5},{"damage":6,"enemies":"Blue Slaver","floor":14,"turns":4},{"damage":11,"enemies":"Hexaghost","floor":16,"turns":16},{"damage":21,"enemies":"2 Thieves","floor":18,"turns":5},{"damage":7,"enemies":"3 Byrds","floor":24,"turns":12},{"damage":45,"enemies":"Slavers","floor":25,"turns":7}],"seed_played":"129859093852560031","potions_obtained":[{"floor":1,"key":"Swift Potion"},{"floor":24,"key":"Energy Potion"}],"is_trial":false,"path_per_floor":["M","?","$","?","M","R","?","$","T","M","$","R","M","M","R","B",null,"M","?","?","$","T","R","M","E"],"character_chosen":"THE_SERVANT","items_purchased":["Flash of Steel","RealityMarble","Embodiment"],"campfire_rested":1,"item_purchase_floors":[3,8,21],"current_hp_per_floor":[65,54,54,59,59,59,42,42,42,29,29,50,50,44,44,33,70,49,49,49,49,49,49,42,0,0],"gold":217,"neow_bonus":"UPGRADE_CARD","is_daily":false,"chose_seed":false,"campfire_upgraded":3,"win_rate":0.0,"timestamp":1613051016,"path_taken":["M","?","$","?","M","R","?","?","T","M","$","R","M","M","R","BOSS","M","?","?","$","?","R","M","E"],"items_purchased_type":["Card","Card","Card"],"build_version":"2020-12-22","purchased_purges":0,"victory":false,"max_hp_per_floor":[65,65,65,70,70,70,70,70,70,70,70,70,70,70,70,70,70,70,70,70,70,70,70,70,70,70],"card_choices":[{"not_picked":["Hightail","SpecialFormula"],"picked":"SilverBlades","floor":1},{"not_picked":["Ricochet","DoubleEdge"],"picked":"FastForward","floor":5},{"not_picked":["Sabotage","InstantArmor"],"picked":"Luminosity","floor":10},{"not_picked":["ReturningBlade","Defy"],"picked":"Barrier","floor":13},{"not_picked":["Alleviate","Defy"],"picked":"Misdirection","floor":14},{"not_picked":["TheWorld","Dilation"],"picked":"SoulSculpture","floor":16},{"not_picked":["FastForward+1","DoubleEdge"],"picked":"Snipe+1","floor":18},{"not_picked":["DualDimension","DoubleEdge","Ricochet"],"picked":"SKIP","floor":24}],"player_experience":96770,"relics_obtained":[{"floor":9,"key":"Broom"},{"floor":22,"key":"Centennial Puzzle"}],"event_choices":[{"damage_healed":0,"gold_gain":75,"player_choice":"Gather Gold","damage_taken":11,"max_hp_gain":0,"max_hp_loss":0,"event_name":"World of Goop","floor":2,"gold_loss":0},{"damage_healed":0,"gold_gain":0,"player_choice":"Donut","damage_taken":0,"max_hp_gain":5,"max_hp_loss":0,"event_name":"Big Fish","floor":4,"gold_loss":0},{"damage_healed":0,"gold_gain":0,"player_choice":"Take Damage","damage_taken":17,"relics_obtained":["Golden Idol"],"max_hp_gain":0,"max_hp_loss":0,"event_name":"Golden Idol","floor":7,"gold_loss":0},{"damage_healed":0,"gold_gain":0,"player_choice":"Traded Relic","damage_taken":0,"relics_obtained":["Nloth\u0027s Gift"],"max_hp_gain":0,"max_hp_loss":0,"event_name":"N\u0027loth","floor":19,"relics_lost":["Golden Idol"],"gold_loss":0},{"damage_healed":0,"gold_gain":0,"player_choice":"Copied","damage_taken":0,"max_hp_gain":0,"max_hp_loss":0,"event_name":"Duplicator","floor":20,"gold_loss":0,"cards_obtained":["Exchange"]}],"is_beta":false,"boss_relics":[{"not_picked":["SacredBark","Runic Pyramid"],"picked":"Black Star"}],"items_purged_floors":[],"is_endless":false,"potions_floor_spawned":[1,24],"killed_by":"Slavers","ascension_level":0}}