{"host":"ocll6kdfqxraqtza","time":1613030464,"event":{"mods":["2.2 Compatiblity","Act Like it!","Arknights","Aspiration","BaseMod","Better Third Choice","Gensokyo","Hallownest","Hermit","Hubris","Jorbs\u0027s Wanderer Trilogy","Luminous","Marisa（霧雨　魔理沙）","Minty Spire (QoL Compilation)","Reimu（博??梦）","Reliquary","Replay The Spire","Shade Mod","StSLib","The Alterego","The Bug Knight","The Cursed","The Hierophant","The Marked","The Runesmith","TheBandit","Wandering Minibosses"],"gold_per_floor":[117,117,117,5,17,17,17],"floor_reached":6,"language":"ENG","playtime":152,"items_purged":["Spreading Infection"],"score":34,"play_id":"a64aebc0-5fc3-4473-bff5-13c8e4b91f74","local_time":"20210211160104","is_ascension_mode":false,"campfire_choices":[],"circlet_count":0,"master_deck":["ats:Strike C","ats:Strike G","ats:Strike S","ats:Strike V","ats:Armor Crushing Shot","ats:Defend","ats:Defend","ats:Defend","ats:Emotion Absorption","ats:Collapsing Strike","Poisoned Strike","ats:Hammer On"],"relics":["ats:Sanity","aspiration:Nostalgia","hermit:Momento","ReplayTheSpireMod:CursedCoin"],"acts_visited":["Exordium"],"potions_floor_usage":[],"damage_taken":[{"damage":5,"enemies":"Cultist","floor":1,"turns":4},{"damage":5,"enemies":"2 Louse","floor":5,"turns":3},{"damage":4,"enemies":"3 Sentries","floor":6,"turns":2}],"seed_played":"6694893677274171150","potions_obtained":[{"floor":1,"key":"BlessingOfTheForge"}],"is_trial":false,"path_per_floor":["M","$","?","$","M","E"],"character_chosen":"DOCTOR_CLASS","items_purchased":["ReplayTheSpireMod:CursedCoin","Poisoned Strike"],"campfire_rested":0,"item_purchase_floors":[4,4],"current_hp_per_floor":[67,67,67,67,62,58,58],"gold":17,"neow_bonus":"NOSTALGIA","is_daily":false,"chose_seed":false,"campfire_upgraded":0,"win_rate":0.0,"timestamp":1613030464,"path_taken":["M","$","?","?","M","E"],"items_purchased_type":["Relic","Card"],"build_version":"2020-12-22","purchased_purges":1,"victory":false,"max_hp_per_floor":[72,72,72,72,72,72,72],"card_choices":[{"not_picked":["ats:Explosion Area Strengthen","ats:Curse Doll"],"picked":"ats:Collapsing Strike","floor":1},{"not_picked":["ats:Revitalization","ats:Consecutive Shot Auto"],"picked":"ats:Hammer On","floor":5}],"player_experience":524440,"relics_obtained":[],"event_choices":[{"cards_removed":["ats:Defend"],"damage_healed":0,"gold_gain":0,"player_choice":"Offered Basic","damage_taken":0,"max_hp_gain":0,"max_hp_loss":0,"event_name":"Bonfire Elementals","floor":3,"gold_loss":0}],"is_beta":false,"boss_relics":[],"items_purged_floors":[4],"is_endless":false,"potions_floor_spawned":[1],"killed_by":"3 Sentries","ascension_level":0}}