{"host":"5kirneupyg4uzd3w","time":1613051169,"event":{"mods":["BaseMod","Colored Map","Custom Start","Minty Spire (QoL Compilation)","StSLib","SuperFastMode"],"gold_per_floor":[116,116,135,154,154,154,182,182,182,182,215,215,233,251,251,324,324,340,351,236,254,68,94,94,125,125,158,158,83,133,146,146,217,217,236,236,246,293,306,306,332,332,332,348,125,152,163,188,188,188,188,188],"floor_reached":51,"language":"KOR","playtime":1514,"items_purged":["Strike_R","Strike_R","Intimidate"],"score":1671,"play_id":"2de8db0e-d13c-43d8-9112-42a875148de6","local_time":"20210211224609","is_ascension_mode":true,"campfire_choices":[{"data":"Carnage","floor":6.0,"key":"SMITH"},{"data":"Shrug It Off","floor":8.0,"key":"SMITH"},{"data":"Immolate","floor":12.0,"key":"SMITH"},{"data":"Power Through","floor":15.0,"key":"SMITH"},{"data":"Evolve","floor":24.0,"key":"SMITH"},{"floor":28.0,"key":"DIG"},{"floor":32.0,"key":"DIG"},{"floor":40.0,"key":"DIG"},{"floor":42.0,"key":"RECALL"},{"floor":49,"key":"DIG"}],"circlet_count":0,"master_deck":["AscendersBane","Defend_R+1","Defend_R","Defend_R","Bash+1","Carnage+1","Power Through+1","Shrug It Off+1","Immolate+1","Second Wind","Juggernaut","Body Slam+1","Fire Breathing","Evolve+1","Shockwave","Fiend Fire+1","Impervious","Entrench+1","Feel No Pain","Demon Form","Flame Barrier+1","Immolate+1","Dark Embrace"],"relics":["Burning Blood","Meat on the Bone","Pear","Mercury Hourglass","Snecko Eye","Molten Egg 2","Shovel","Question Card","Boot","InkBottle","Centennial Puzzle","Fusion Hammer","Charon\u0027s Ashes","Pen Nib","Prayer Wheel","Membership Card","Bag of Preparation","FossilizedHelix","Mango"],"acts_visited":["Exordium","TheCity","TheBeyond"],"potions_floor_usage":[],"damage_taken":[{"damage":9.0,"enemies":"Jaw Worm","floor":1.0,"turns":5.0},{"damage":1.0,"enemies":"Cultist","floor":3.0,"turns":3.0},{"damage":1.0,"enemies":"2 Louse","floor":4.0,"turns":3.0},{"damage":31.0,"enemies":"3 Sentries","floor":7.0,"turns":11.0},{"damage":8.0,"enemies":"Gremlin Nob","floor":11.0,"turns":3.0},{"damage":10.0,"enemies":"Exordium Wildlife","floor":13.0,"turns":6.0},{"damage":13.0,"enemies":"Large Slime","floor":14.0,"turns":3.0},{"damage":40.0,"enemies":"The Guardian","floor":16.0,"turns":15.0},{"damage":19.0,"enemies":"Shell Parasite","floor":18.0,"turns":5.0},{"damage":0.0,"enemies":"Chosen","floor":19.0,"turns":3.0},{"damage":0.0,"enemies":"3 Cultists","floor":21.0,"turns":4.0},{"damage":7.0,"enemies":"Slavers","floor":23.0,"turns":5.0},{"damage":24.0,"enemies":"Book of Stabbing","floor":25.0,"turns":4.0},{"damage":31.0,"enemies":"Slavers","floor":27.0,"turns":3.0},{"damage":13.0,"enemies":"Snake Plant","floor":31.0,"turns":2.0},{"damage":22.0,"enemies":"Automaton","floor":33.0,"turns":4.0},{"damage":0.0,"enemies":"Orb Walker","floor":35.0,"turns":2.0},{"damage":13.0,"enemies":"3 Darklings","floor":37.0,"turns":3.0},{"damage":9.0,"enemies":"2 Orb Walkers","floor":38.0,"turns":3.0},{"damage":7.0,"enemies":"Jaw Worm Horde","floor":39.0,"turns":3.0},{"damage":47.0,"enemies":"Nemesis","floor":41.0,"turns":5.0},{"damage":5.0,"enemies":"Maw","floor":44.0,"turns":6.0},{"damage":0,"enemies":"Reptomancer","floor":46,"turns":5},{"damage":16,"enemies":"Spire Growth","floor":47,"turns":4},{"damage":0,"enemies":"Mind Bloom Boss Battle","floor":48,"turns":3},{"damage":0,"enemies":"Time Eater","floor":50,"turns":10},{"damage":78,"enemies":"Awakened One","floor":51,"turns":11}],"seed_played":"-7454459871944947605","potions_obtained":[{"floor":1.0,"key":"DistilledChaos"},{"floor":3.0,"key":"EssenceOfSteel"},{"floor":7.0,"key":"Fruit Juice"},{"floor":14.0,"key":"PowerPotion"},{"floor":16.0,"key":"SpeedPotion"},{"floor":21.0,"key":"Dexterity Potion"},{"floor":38.0,"key":"CultistPotion"}],"is_trial":false,"path_per_floor":["M","?","M","M","?","R","E","R","T","?","E","R","M","M","R","B",null,"M","M","$","M","$","E","R","E","T","E","R","?","?","M","R","B",null,"M","?","M","?","M","R","E","R","T","M","$","E","M","?","R","B","B"],"character_chosen":"IRONCLAD","items_purchased":["Fire Breathing","Evolve","Membership Card"],"campfire_rested":0,"item_purchase_floors":[20,22,45],"current_hp_per_floor":[65,65,68,68,48,48,23,23,33,38,48,48,56,54,54,32,74,61,67,67,73,73,72,72,54,54,41,41,41,41,46,46,42,77,83,83,76,73,72,72,43,43,43,56,56,62,52,58,72,78,0,0],"gold":188,"neow_bonus":"REMOVE_TWO","is_daily":false,"chose_seed":false,"campfire_upgraded":5,"win_rate":0.0,"timestamp":1613051169,"path_taken":["M","?","M","?","?","R","E","R","T","?","E","R","M","M","R","BOSS","M","M","$","M","$","E","R","E","T","E","R","?","?","M","R","BOSS","M","?","M","?","M","R","E","R","T","M","$","E","?","?","R","BOSS","BOSS"],"items_purchased_type":["Card","Card","Relic"],"build_version":"2020-12-22","purchased_purges":3,"victory":false,"max_hp_per_floor":[68,68,68,68,68,68,68,68,78,83,83,83,83,88,88,88,88,88,88,88,88,88,88,88,88,88,88,88,88,88,88,88,88,88,88,88,88,88,88,88,88,88,88,88,88,88,88,88,102,102,102,102],"card_choices":[{"not_picked":["Headbutt","Fire Breathing"],"picked":"Carnage","floor":1.0},{"not_picked":["Blood for Blood","Pummel"],"picked":"Intimidate","floor":3.0},{"not_picked":["Second Wind","Clash"],"picked":"Shrug It Off","floor":4.0},{"not_picked":["Intimidate","Dual Wield","Power Through"],"picked":"SKIP","floor":7.0},{"not_picked":["Clash","Power Through"],"picked":"Immolate","floor":11.0},{"not_picked":["Infernal Blade","Burning Pact","Twin Strike"],"picked":"SKIP","floor":13.0},{"not_picked":["Headbutt","Warcry"],"picked":"Second Wind","floor":14.0},{"not_picked":["Bludgeon","Impervious"],"picked":"Juggernaut","floor":16.0},{"not_picked":["Burning Pact","Clash"],"picked":"Body Slam+1","floor":18.0},{"not_picked":["Hemokinesis","Wild Strike","Havoc"],"picked":"SKIP","floor":19.0},{"not_picked":["Inflame","Carnage","Spot Weakness"],"picked":"SKIP","floor":21.0},{"not_picked":["Inflame","Carnage","Spot Weakness"],"picked":"SKIP","floor":21.0},{"not_picked":["Inflame","Carnage","Spot Weakness"],"picked":"SKIP","floor":21.0},{"not_picked":["True Grit","Seeing Red","Inflame"],"picked":"SKIP","floor":23.0},{"not_picked":["Cleave+1","Metallicize+1","Disarm"],"picked":"SKIP","floor":25.0},{"not_picked":["Headbutt+1","Cleave+1","Wild Strike+1"],"picked":"Shockwave","floor":27.0},{"not_picked":["Sword Boomerang+1","Heavy Blade+1","Power Through"],"picked":"Fiend Fire+1","floor":31.0},{"not_picked":["Fiend Fire+1","Offering","Reaper+1"],"picked":"Impervious","floor":33.0},{"not_picked":["Clothesline+1","Wild Strike+1","Reckless Charge+1"],"picked":"Entrench+1","floor":35.0},{"not_picked":["Pommel Strike+1","Dual Wield","Heavy Blade+1"],"picked":"Feel No Pain","floor":37.0},{"not_picked":["Flex","Wild Strike+1","Heavy Blade+1","Shrug It Off"],"picked":"SKIP","floor":39.0},{"not_picked":["Havoc+1","Pummel+1","Wild Strike+1","Heavy Blade+1"],"picked":"SKIP","floor":41.0},{"not_picked":["Intimidate+1","Dropkick+1","Body Slam+1"],"picked":"Demon Form","floor":44.0},{"not_picked":["Pummel+1","Headbutt+1","Clothesline+1"],"picked":"Flame Barrier+1","floor":44.0},{"not_picked":["Dual Wield","Shrug It Off+1","Pommel Strike+1","Intimidate"],"picked":"SKIP","floor":46},{"not_picked":["Inflame","Flex+1","Heavy Blade+1"],"picked":"Immolate+1","floor":47},{"not_picked":["Pommel Strike+1","Dropkick+1","Burning Pact","Body Slam+1"],"picked":"SKIP","floor":47},{"not_picked":["Carnage+1","Anger+1","Disarm"],"picked":"Dark Embrace","floor":48}],"player_experience":319999,"relics_obtained":[{"floor":7.0,"key":"Meat on the Bone"},{"floor":9.0,"key":"Pear"},{"floor":11.0,"key":"Mercury Hourglass"},{"floor":23.0,"key":"Molten Egg 2"},{"floor":25.0,"key":"Shovel"},{"floor":26.0,"key":"Question Card"},{"floor":27.0,"key":"Boot"},{"floor":28.0,"key":"InkBottle"},{"floor":32.0,"key":"Centennial Puzzle"},{"floor":38.0,"key":"Charon\u0027s Ashes"},{"floor":40.0,"key":"Pen Nib"},{"floor":41.0,"key":"Prayer Wheel"},{"floor":46,"key":"Bag of Preparation"},{"floor":48,"key":"FossilizedHelix"},{"floor":49,"key":"Mango"}],"event_choices":[{"damage_healed":0.0,"max_hp_gain":0.0,"max_hp_loss":0.0,"gold_gain":0.0,"event_name":"Match and Keep!","player_choice":"1 cards matched","floor":2.0,"gold_loss":0.0,"damage_taken":0.0,"cards_obtained":["Power Through"]},{"damage_healed":0.0,"max_hp_gain":0.0,"max_hp_loss":0.0,"gold_gain":0.0,"event_name":"Shining Light","player_choice":"Entered Light","floor":5.0,"gold_loss":0.0,"damage_taken":20.0,"cards_upgraded":["Defend_R","Bash"]},{"damage_healed":0.0,"max_hp_gain":5.0,"max_hp_loss":0.0,"gold_gain":0.0,"event_name":"Big Fish","player_choice":"Donut","floor":10.0,"gold_loss":0.0,"damage_taken":0.0},{"cards_removed":["Strike_R"],"damage_healed":0.0,"max_hp_gain":0.0,"max_hp_loss":0.0,"gold_gain":0.0,"event_name":"Beggar","player_choice":"Gave Gold","floor":29.0,"gold_loss":75.0,"damage_taken":0.0},{"damage_healed":0.0,"max_hp_gain":0.0,"max_hp_loss":0.0,"gold_gain":50.0,"event_name":"Nest","player_choice":"Stole From Cult","floor":30.0,"gold_loss":0.0,"damage_taken":0.0},{"cards_removed":["Defend_R"],"damage_healed":0.0,"max_hp_gain":0.0,"max_hp_loss":0.0,"gold_gain":0.0,"event_name":"Falling","player_choice":"Removed Skill","floor":36.0,"gold_loss":0.0,"damage_taken":0.0},{"damage_healed":0.0,"max_hp_gain":0.0,"max_hp_loss":0.0,"gold_gain":0.0,"event_name":"Mysterious Sphere","player_choice":"Fight","floor":38.0,"gold_loss":0.0,"damage_taken":0.0},{"damage_healed":0,"gold_gain":0,"player_choice":"Fight","damage_taken":0,"max_hp_gain":0,"max_hp_loss":0,"event_name":"MindBloom","floor":48,"gold_loss":0}],"is_beta":false,"boss_relics":[{"not_picked":["Runic Pyramid","Runic Cube"],"picked":"Snecko Eye"},{"not_picked":["Black Star","Empty Cage"],"picked":"Fusion Hammer"}],"items_purged_floors":[20,22,45],"is_endless":false,"potions_floor_spawned":[1,3,7,14,16,19,21,23,25,38,39,41,46],"killed_by":"Awakened One","ascension_level":20}}