{"host":"nc31xc38ptxi6d4c","time":1613021486,"event":{"mods":["BaseMod","Curses Come First","Evolution","Minty Spire (QoL Compilation)","StSLib"],"gold_per_floor":[116,391,405,419,375,375,375,375,453,473,473,503,503,428,428,428,428],"floor_reached":16,"language":"ENG","playtime":807,"items_purged":["Bash"],"score":103,"play_id":"bf6cab73-6104-4ff8-b5cf-4e6e4d6cb13d","local_time":"20210210233126","is_ascension_mode":true,"campfire_choices":[{"data":"Armaments","floor":6,"key":"SMITH"},{"floor":11,"key":"REST"},{"floor":13,"key":"REST"},{"data":"Barricade","floor":15,"key":"SMITH"}],"circlet_count":0,"master_deck":["Strike_R","Strike_R","Strike_R","Strike_R","Defend_R","Defend_R","Defend_R","Defend_R","Barricade+1","Armaments+1"],"relics":["Burning Blood","EVO:Axolotl","Singing Bowl","Dead Branch"],"acts_visited":["Exordium"],"potions_floor_usage":[3,16],"damage_taken":[{"damage":0,"enemies":"Small Slimes","floor":1,"turns":6},{"damage":49,"enemies":"Cultist","floor":3,"turns":8},{"damage":2,"enemies":"2 Louse","floor":4,"turns":4},{"damage":8,"enemies":"Large Slime","floor":10,"turns":9},{"damage":16,"enemies":"Lagavulin","floor":12,"turns":12},{"damage":75,"enemies":"Slime Boss","floor":16,"turns":21}],"seed_played":"-1018409627545399287","potions_obtained":[{"floor":1,"key":"Dexterity Potion"},{"floor":12,"key":"SteroidPotion"}],"is_trial":false,"path_per_floor":["M","?","M","M","?","R","?","T","T","M","R","E","R","$","R","B"],"character_chosen":"IRONCLAD","items_purchased":[],"campfire_rested":2,"item_purchase_floors":[],"current_hp_per_floor":[80,80,37,41,41,41,34,34,34,34,58,50,75,75,75,0,0],"gold":428,"neow_bonus":"TRANSFORM_CARD","is_daily":false,"chose_seed":false,"campfire_upgraded":2,"win_rate":0.0,"timestamp":1613021486,"path_taken":["M","?","?","M","?","R","?","?","T","M","R","E","R","$","R","BOSS"],"items_purchased_type":[],"build_version":"2020-12-22","purchased_purges":1,"victory":false,"max_hp_per_floor":[80,80,80,80,80,80,80,80,80,82,82,84,84,84,84,84,84],"card_choices":[{"not_picked":["Infernal Blade","Havoc","Cleave"],"picked":"SKIP","floor":1},{"not_picked":["Hemokinesis","Iron Wave"],"picked":"Armaments","floor":3},{"not_picked":["Rampage","Heavy Blade","Infernal Blade"],"picked":"SKIP","floor":4},{"not_picked":["Heavy Blade","Sword Boomerang","Havoc"],"picked":"Singing Bowl","floor":10},{"not_picked":["Warcry","Heavy Blade","Pommel Strike"],"picked":"Singing Bowl","floor":12}],"player_experience":141737,"relics_obtained":[{"floor":8,"key":"Singing Bowl"},{"floor":12,"key":"Dead Branch"}],"event_choices":[{"damage_healed":0,"gold_gain":275,"player_choice":"Desecrate","damage_taken":0,"max_hp_gain":0,"max_hp_loss":0,"event_name":"Golden Shrine","floor":2,"gold_loss":0,"cards_obtained":["Regret"]},{"damage_healed":0,"gold_gain":0,"player_choice":"Left Gold","damage_taken":0,"max_hp_gain":0,"max_hp_loss":0,"event_name":"World of Goop","floor":5,"gold_loss":44},{"cards_removed":["Regret"],"damage_healed":0,"gold_gain":0,"player_choice":"Card Removal","damage_taken":7,"max_hp_gain":0,"max_hp_loss":0,"event_name":"Golden Wing","floor":7,"gold_loss":0}],"is_beta":false,"boss_relics":[],"items_purged_floors":[14],"is_endless":false,"potions_floor_spawned":[1,12],"killed_by":"Slime Boss","ascension_level":1}}