{"host":"djoj10dqzzvtkauc","time":1613075910,"event":{"mods":["2.2 Compatiblity","BaseMod","Colored Map","DeckTracker","Highlight Path","Keyboard Shortcuts","Marisa£¨Ùöéë¡¡Øª×âÞÞ£©","Minty Spire (QoL Compilation)","Permanent Neow","Quick Restart","Random Character Button","StSLib","SuperFastMode","everything is the same but u backflip on backflip"],"gold_per_floor":[19,32,50,65,79,104,104,131,131,131,60,72,93,93,93,165,165,153,168,183,183,199,199,199,124,178,196,196,196,196,208,208,287,287,303,317,317,317],"floor_reached":37,"language":"KOR","playtime":1525,"items_purged":[],"score":670,"play_id":"882eee08-25da-47e7-8fce-33698d0789ab","local_time":"20210212053830","is_ascension_mode":true,"campfire_choices":[{"data":"Dagger Spray","floor":7.0,"key":"SMITH"},{"floor":10.0,"key":"REST"},{"data":"Well Laid Plans","floor":15.0,"key":"SMITH"},{"floor":23.0,"key":"REST"},{"data":"Backflip","floor":30.0,"key":"SMITH"},{"floor":32.0,"key":"REST"}],"circlet_count":0,"master_deck":["AscendersBane","Defend_G","Defend_G","Defend_G","Defend_G","Survivor","Neutralize","Well Laid Plans+1","Dash","Footwork+1","Backstab","Flying Knee","Dagger Spray+1","Malaise","Backflip","Cloak And Dagger","Predator","Escape Plan","Tools of the Trade","Backflip+1","Choke","Outmaneuver+1","Quick Slash","Backstab","PiercingWail","Poisoned Stab","Dagger Spray","Bouncing Flask","Burst","Sucker Punch"],"relics":["Ring of the Serpent","Oddly Smooth Stone","Lantern","Juzu Bracelet","Odd Mushroom","WristBlade","Pen Nib"],"acts_visited":["Exordium","TheCity","TheBeyond"],"potions_floor_usage":[33,33],"damage_taken":[{"damage":0.0,"enemies":"2 Louse","floor":1.0,"turns":4.0},{"damage":0.0,"enemies":"Cultist","floor":2.0,"turns":4.0},{"damage":1.0,"enemies":"Jaw Worm","floor":3.0,"turns":5.0},{"damage":2.0,"enemies":"3 Louse","floor":4.0,"turns":6.0},{"damage":11.0,"enemies":"Large Slime","floor":5.0,"turns":8.0},{"damage":12.0,"enemies":"Lagavulin","floor":6.0,"turns":7.0},{"damage":22.0,"enemies":"Gremlin Nob","floor":8.0,"turns":5.0},{"damage":0.0,"enemies":"Exordium Wildlife","floor":12.0,"turns":5.0},{"damage":4.0,"enemies":"The Mushroom Lair","floor":13.0,"turns":3.0},{"damage":25.0,"enemies":"Hexaghost","floor":16.0,"turns":16.0},{"damage":6.0,"enemies":"2 Thieves","floor":18.0,"turns":4.0},{"damage":15.0,"enemies":"Spheric Guardian","floor":19.0,"turns":8.0},{"damage":3.0,"enemies":"Cultist and Chosen","floor":20.0,"turns":8.0},{"damage":9.0,"enemies":"Centurion and Healer","floor":22.0,"turns":6.0},{"damage":4.0,"enemies":"Snake Plant","floor":27.0,"turns":6.0},{"damage":3.0,"enemies":"Snecko","floor":31.0,"turns":4.0},{"damage":37,"enemies":"Automaton","floor":33,"turns":19},{"damage":16,"enemies":"3 Shapes","floor":35,"turns":5},{"damage":5,"enemies":"Orb Walker","floor":36,"turns":5},{"damage":23,"enemies":"Jaw Worm Horde","floor":37,"turns":2}],"seed_played":"3444421389531658510","potions_obtained":[{"floor":1.0,"key":"Strength Potion"},{"floor":4.0,"key":"PowerPotion"},{"floor":5.0,"key":"SteroidPotion"},{"floor":8.0,"key":"Poison Potion"},{"floor":13.0,"key":"SpeedPotion"},{"floor":18.0,"key":"SkillPotion"},{"floor":20.0,"key":"CunningPotion"},{"floor":22.0,"key":"SkillPotion"}],"is_trial":false,"path_per_floor":["M","M","M","M","M","E","R","E","T","R","$","M","?","?","R","B",null,"M","M","M","?","M","R","?","?","T","M","?","?","R","M","R","B",null,"M","M","M"],"character_chosen":"THE_SILENT","items_purchased":["Backflip","Cloak And Dagger"],"campfire_rested":3,"item_purchase_floors":[11,11],"current_hp_per_floor":[59,59,58,56,45,33,33,11,11,30,30,30,26,26,26,1,50,44,29,26,26,17,36,36,36,36,32,32,32,32,29,48,11,52,36,31,8,8],"gold":317,"neow_bonus":"REMOVE_TWO","is_daily":false,"chose_seed":false,"campfire_upgraded":3,"win_rate":0.0,"timestamp":1613075910,"path_taken":["M","M","M","M","M","E","R","E","T","R","$","M","?","?","R","BOSS","M","M","M","?","M","R","?","?","T","M","?","?","R","M","R","BOSS","M","M","M"],"items_purchased_type":["Card","Card"],"build_version":"2020-12-22","purchased_purges":0,"victory":false,"max_hp_per_floor":[66,66,66,66,66,66,66,66,66,66,66,66,66,66,66,66,66,66,66,66,66,66,66,66,66,66,66,66,66,66,66,66,66,66,66,66,66,66],"card_choices":[{"not_picked":["Leg Sweep","Backflip"],"picked":"Well Laid Plans","floor":1.0},{"not_picked":["Concentrate","Sucker Punch"],"picked":"Dash","floor":2.0},{"not_picked":["Deadly Poison","Caltrops"],"picked":"Footwork","floor":3.0},{"not_picked":["Heel Hook","Bouncing Flask"],"picked":"Backstab","floor":4.0},{"not_picked":["Bane","Caltrops"],"picked":"Flying Knee","floor":5.0},{"not_picked":["Slice","Bane"],"picked":"Dagger Spray","floor":6.0},{"not_picked":["Underhanded Strike","Backflip"],"picked":"Malaise","floor":8.0},{"not_picked":["Sucker Punch","Skewer"],"picked":"Predator","floor":12.0},{"not_picked":["Outmaneuver","Deflect"],"picked":"Escape Plan","floor":13.0},{"not_picked":["Doppelganger","Phantasmal Killer"],"picked":"Tools of the Trade","floor":16.0},{"not_picked":["Underhanded Strike","Catalyst"],"picked":"Backflip","floor":18.0},{"not_picked":["Dodge and Roll","Calculated Gamble"],"picked":"Choke","floor":19.0},{"not_picked":["Underhanded Strike","Acrobatics"],"picked":"Outmaneuver+1","floor":20.0},{"not_picked":["Dodge and Roll","Flying Knee"],"picked":"Quick Slash","floor":22.0},{"not_picked":["Quick Slash+1","Predator"],"picked":"Backstab","floor":27.0},{"not_picked":["Acrobatics","Sucker Punch"],"picked":"Bouncing Flask","floor":31.0},{"not_picked":["Doppelganger","Wraith Form v2"],"picked":"Burst","floor":33},{"not_picked":["Dagger Throw","Flying Knee","Quick Slash"],"picked":"SKIP","floor":35},{"not_picked":["Dagger Spray+1","Bane"],"picked":"Sucker Punch","floor":36}],"player_experience":233481,"relics_obtained":[{"floor":6.0,"key":"Oddly Smooth Stone"},{"floor":8.0,"key":"Lantern"},{"floor":9.0,"key":"Juzu Bracelet"},{"floor":13.0,"key":"Odd Mushroom"},{"floor":26.0,"key":"Pen Nib"}],"event_choices":[{"damage_healed":0.0,"max_hp_gain":0.0,"max_hp_loss":0.0,"gold_gain":0.0,"event_name":"Mushrooms","player_choice":"Fought Mushrooms","floor":13.0,"gold_loss":0.0,"damage_taken":0.0},{"damage_healed":0.0,"max_hp_gain":0.0,"max_hp_loss":0.0,"gold_gain":0.0,"event_name":"Living Wall","player_choice":"Grow","floor":14.0,"gold_loss":0.0,"damage_taken":0.0,"cards_upgraded":["Footwork"]},{"cards_removed":["Strike_G"],"damage_healed":0.0,"max_hp_gain":0.0,"max_hp_loss":0.0,"gold_gain":0.0,"event_name":"Purifier","player_choice":"Purged","floor":21.0,"gold_loss":0.0,"damage_taken":0.0},{"damage_healed":0.0,"max_hp_gain":0.0,"max_hp_loss":0.0,"gold_gain":0.0,"event_name":"Cursed Tome","player_choice":"Ignored","floor":24.0,"gold_loss":0.0,"damage_taken":0.0},{"cards_removed":["Strike_G"],"damage_healed":0.0,"max_hp_gain":0.0,"max_hp_loss":0.0,"gold_gain":0.0,"event_name":"Beggar","player_choice":"Gave Gold","floor":25.0,"gold_loss":75.0,"damage_taken":0.0},{"damage_healed":0.0,"max_hp_gain":0.0,"max_hp_loss":0.0,"gold_gain":0.0,"event_name":"The Library","player_choice":"Read","floor":28.0,"gold_loss":0.0,"damage_taken":0.0,"cards_obtained":["PiercingWail"]},{"damage_healed":0.0,"max_hp_gain":0.0,"max_hp_loss":0.0,"gold_gain":0.0,"cards_transformed":["Strike_G","Strike_G"],"event_name":"Drug Dealer","player_choice":"Became Test Subject","floor":29.0,"gold_loss":0.0,"damage_taken":0.0,"cards_obtained":["Poisoned Stab","Dagger Spray"]}],"is_beta":false,"boss_relics":[{"not_picked":["Snecko Eye","Empty Cage"],"picked":"WristBlade"},{"not_picked":["Cursed Key","Philosopher\u0027s Stone"],"picked":"Ring of the Serpent"}],"items_purged_floors":[],"is_endless":false,"potions_floor_spawned":[1,4,5,8,13,18,20,22,27],"killed_by":"Jaw Worm Horde","ascension_level":15}}