{"host":"xy5qih4nvxccm4rc","time":1613038537,"event":{"mods":["AchievementEnabler","BaseMod","Minty Spire (QoL Compilation)","StSLib"],"gold_per_floor":[419,430,380,380,393,422,432,432,432,432,367,384,43,43,43,148,148,160,144,75,75,75,75],"floor_reached":22,"language":"ENG","playtime":654,"items_purged":[],"score":193,"play_id":"769f4cdf-30e3-48f1-a8a0-c357c2649a09","local_time":"20210211041537","is_ascension_mode":true,"campfire_choices":[{"data":"Zap","floor":8,"key":"SMITH"},{"data":"Hello World","floor":10,"key":"SMITH"},{"floor":15,"key":"REST"}],"circlet_count":0,"master_deck":["Strike_B","Strike_B","Strike_B","Defend_B","Defend_B","Defend_B","Zap+1","Dualcast","Leap","Redo","Conserve Battery","Ball Lightning","Hello World+1","Core Surge","Capacitor","Rainbow","Capacitor","Streamline+1","Hello World+1"],"relics":["Cracked Core","Old Coin","Nunchaku","Mummified Hand","Girya","OrangePellets","Regal Pillow","SlaversCollar"],"acts_visited":["Exordium","TheCity"],"potions_floor_usage":[6,16],"damage_taken":[{"damage":3,"enemies":"2 Louse","floor":1,"turns":3},{"damage":0,"enemies":"Cultist","floor":2,"turns":3},{"damage":1,"enemies":"Jaw Worm","floor":5,"turns":4},{"damage":27,"enemies":"3 Sentries","floor":6,"turns":9},{"damage":25,"enemies":"Exordium Thugs","floor":7,"turns":3},{"damage":2,"enemies":"Exordium Wildlife","floor":12,"turns":3},{"damage":23,"enemies":"Slime Boss","floor":16,"turns":8},{"damage":18,"enemies":"Shell Parasite","floor":18,"turns":6},{"damage":35,"enemies":"2 Thieves","floor":19,"turns":5},{"damage":21,"enemies":"3 Cultists","floor":22,"turns":3}],"seed_played":"-4574884991705136114","potions_obtained":[{"floor":5,"key":"LiquidBronze"},{"floor":6,"key":"Strength Potion"}],"is_trial":false,"path_per_floor":["M","M","?","?","M","E","M","R","T","R","?","M","$","T","R","B",null,"M","M","$","?","M"],"character_chosen":"DEFECT","items_purchased":["Capacitor","OrangePellets","Regal Pillow","Hello World"],"campfire_rested":1,"item_purchase_floors":[13,13,13,20],"current_hp_per_floor":[65,65,65,65,64,37,12,12,12,12,12,10,10,10,45,22,68,50,15,15,15,0,0],"gold":75,"neow_bonus":"ONE_RARE_RELIC","is_daily":false,"chose_seed":false,"campfire_upgraded":2,"win_rate":0.0,"timestamp":1613038537,"path_taken":["M","M","?","?","?","E","M","R","T","R","?","M","$","?","R","BOSS","M","M","$","?","?"],"items_purchased_type":["Card","Relic","Relic","Card"],"build_version":"2020-12-22","purchased_purges":0,"victory":false,"max_hp_per_floor":[68,68,68,68,68,68,68,68,68,68,68,68,68,68,68,68,68,68,68,68,68,68,68],"card_choices":[{"not_picked":["Chill","Compile Driver"],"picked":"Leap","floor":1},{"not_picked":["Compile Driver","Rebound"],"picked":"Redo","floor":2},{"not_picked":["Reinforced Body","Blizzard"],"picked":"Conserve Battery","floor":5},{"not_picked":["Steam Power","Force Field"],"picked":"Ball Lightning","floor":6},{"not_picked":["Blizzard","Ball Lightning"],"picked":"Hello World","floor":7},{"not_picked":["Go for the Eyes","Streamline"],"picked":"Core Surge","floor":12},{"not_picked":["Thunder Strike","Multi-Cast"],"picked":"Rainbow","floor":16},{"not_picked":["Redo","Rebound+1"],"picked":"Capacitor","floor":18},{"not_picked":["Redo","Rainbow"],"picked":"Streamline+1","floor":19}],"player_experience":335923,"relics_obtained":[{"floor":6,"key":"Nunchaku"},{"floor":9,"key":"Mummified Hand"}],"event_choices":[{"cards_removed":["Strike_B"],"damage_healed":0,"gold_gain":0,"player_choice":"Card Removal","damage_taken":0,"max_hp_gain":0,"max_hp_loss":0,"event_name":"The Cleric","floor":3,"gold_loss":50},{"cards_removed":["Defend_B"],"damage_healed":0,"gold_gain":0,"player_choice":"Purged","damage_taken":0,"max_hp_gain":0,"max_hp_loss":0,"event_name":"Purifier","floor":4,"gold_loss":0},{"damage_healed":0,"gold_gain":0,"player_choice":"Paid Gold","damage_taken":0,"relics_obtained":["Girya"],"max_hp_gain":0,"max_hp_loss":0,"event_name":"WeMeetAgain","floor":11,"gold_loss":65},{"damage_healed":0,"gold_gain":0,"player_choice":"Forge","damage_taken":0,"max_hp_gain":0,"max_hp_loss":0,"event_name":"Accursed Blacksmith","floor":21,"gold_loss":0,"cards_upgraded":["Hello World"]}],"is_beta":false,"boss_relics":[{"not_picked":["Runic Dome","Cursed Key"],"picked":"SlaversCollar"}],"items_purged_floors":[],"is_endless":false,"potions_floor_spawned":[5,6],"killed_by":"3 Cultists","ascension_level":1}}