{"host":"ajxvnmsjfcleb5r5","time":1613035381,"event":{"mods":["2.2 Compatiblity","AchievementEnabler","BaseMod","Beaked The Cultist","Card Forge","Colored Powertips","DNKmod","Downfall","Friendly Minions","Minty Spire (QoL Compilation)","Quick Restart","StSLib","SuperFastMode"],"gold_per_floor":[99,117,117,135,135,135,161,161,173,173,206,206,219,157,167,271,271,271,271,271,283,303,316,316,96,31,47,47,66,81,81,81,81],"floor_reached":31,"language":"ENG","playtime":1256,"items_purged":["Slimebound:Tackle","Slimebound:Strike_Slimebound"],"score":237,"play_id":"74492fa3-64ae-451a-af59-4a57a30b7d5c","local_time":"20210211182301","is_ascension_mode":false,"campfire_choices":[{"data":"Slimebound:Split","floor":1,"key":"SMITH"},{"data":"Slimebound:Schlurp","floor":6,"key":"SMITH"},{"data":"Slimebound:CorrosiveSpit","floor":8,"key":"SMITH"},{"data":"Slimebound:TongueLash","floor":10,"key":"SMITH"},{"data":"Slimebound:SlimeSlap","floor":18,"key":"SMITH"}],"circlet_count":0,"master_deck":["Slimebound:Defend_Slimebound","Slimebound:Defend_Slimebound","Slimebound:Defend_Slimebound","Slimebound:Defend_Slimebound","Slimebound:Split+1","Slimebound:CorrosiveSpit+1","Slimebound:TongueLash+1","Slimebound:Schlurp+1","Slimebound:GoopSpray","Slimebound:DouseInSlime","Slimebound:HauntingLick","Slimebound:TongueLash","Slimebound:Schlurp","Slimebound:HauntingLick","Slimebound:SlimeSlap+1","beaked:AwakenedForm","Slimebound:LivingWall+1","Slimebound:LeechEnergy","Slimebound:SlimeSlap","Slimebound:AcidTongue","Slimebound:MassRepurpose","Slimebound:ItLooksTasty","Writhe","Slimebound:GoopSpray"],"relics":["Slimebound:AbsorbEndCombat","Hammer of Thor","Seething Fire","Anvil of the Gods","Orichalcum","Smiling Mask","Letter Opener","Juzu Bracelet","beaked:SacredDeck","Mercury Hourglass","Strange Spoon","Turnip"],"acts_visited":["Exordium","TheCity"],"potions_floor_usage":[30],"damage_taken":[{"damage":4,"enemies":"Jaw Worm","floor":2,"turns":3},{"damage":5,"enemies":"Small Slimes","floor":4,"turns":3},{"damage":3,"enemies":"2 Louse","floor":9,"turns":2},{"damage":18,"enemies":"Gremlin Nob","floor":11,"turns":3},{"damage":2,"enemies":"Large Slime","floor":13,"turns":4},{"damage":0,"enemies":"downfall:FleeingMerchant","floor":14,"turns":4},{"damage":1,"enemies":"Blue Slaver","floor":15,"turns":3},{"damage":14,"enemies":"IC_STATUS_ARCHETYPE","floor":16,"turns":5},{"damage":9,"enemies":"3 Byrds","floor":21,"turns":4},{"damage":2,"enemies":"Shell Parasite","floor":22,"turns":3},{"damage":5,"enemies":"Snake Plant","floor":23,"turns":3},{"damage":9,"enemies":"downfall:FleeingMerchant","floor":25,"turns":4},{"damage":5,"enemies":"downfall:FleeingMerchant","floor":26,"turns":4},{"damage":25,"enemies":"Centurion and Healer","floor":27,"turns":4},{"damage":18,"enemies":"3 Cultists","floor":29,"turns":5},{"damage":12,"enemies":"Shelled Parasite and Fungi","floor":30,"turns":3},{"damage":35,"enemies":"Slavers","floor":31,"turns":2}],"seed_played":"-961373697503088281","potions_obtained":[{"floor":2,"key":"Energy Potion"},{"floor":13,"key":"Fire Potion"},{"floor":15,"key":"DuplicationPotion"}],"is_trial":false,"path_per_floor":["R","M","?","M","?","R","T","R","M","R","E","?","M","$","M","B",null,"R","?","?","M","M","M","T","$","$","M","?","M","M","E"],"character_chosen":"SLIMEBOUND","items_purchased":["Slimebound:Schlurp","Strange Spoon"],"campfire_rested":0,"item_purchase_floors":[14,25],"current_hp_per_floor":[71,70,70,70,70,70,70,70,71,71,55,37,43,47,50,42,71,71,71,71,66,68,69,69,66,69,48,48,36,28,0,0,0],"gold":81,"neow_bonus":"TEN_PERCENT_HP_BONUS","is_daily":false,"chose_seed":false,"campfire_upgraded":5,"win_rate":0.0,"timestamp":1613035381,"path_taken":["R","M","?","M","?","R","T","R","M","R","E","?","M","?","M","BOSS","R","?","?","M","M","M","T","?","$","M","?","M","M","E"],"items_purchased_type":["Card","Relic"],"build_version":"2020-12-22","purchased_purges":2,"victory":false,"max_hp_per_floor":[71,71,71,71,71,71,71,71,71,71,71,71,71,71,71,71,71,71,71,71,71,71,71,71,71,71,71,71,71,71,71,71,71],"card_choices":[{"not_picked":["Slimebound:RainOfGoop","Slimebound:GoopTackle"],"picked":"Slimebound:TongueLash","floor":2},{"not_picked":["Slimebound:SplitLeeching","Slimebound:Prepare"],"picked":"Slimebound:Schlurp","floor":4},{"not_picked":["Slimebound:Repurpose","Slimebound:PressTheAttack"],"picked":"Slimebound:GoopSpray","floor":9},{"not_picked":["Slimebound:SlimeTap","Slimebound:GoopTackle"],"picked":"Slimebound:DouseInSlime","floor":11},{"not_picked":["Slimebound:LeechingTouch","Slimebound:SamplingLick"],"picked":"Slimebound:HauntingLick","floor":13},{"not_picked":["Slimebound:RallyTheTroops","Slimebound:ComboTackle"],"picked":"Slimebound:TongueLash","floor":14},{"not_picked":["Slimebound:DisruptingSlam","Slimebound:FinishingTackle"],"picked":"Slimebound:HauntingLick","floor":15},{"not_picked":["Slimebound:Teamwork","Slimebound:OneTwoCombo"],"picked":"Slimebound:SlimeSlap","floor":16},{"not_picked":["Slimebound:FinishingTackle","Slimebound:GoopSpray"],"picked":"Slimebound:LivingWall+1","floor":21},{"not_picked":["Slimebound:PressTheAttack+1","Slimebound:SplitBruiser"],"picked":"Slimebound:LeechEnergy","floor":22},{"not_picked":["Slimebound:Prepare","Slimebound:SplitBruiser"],"picked":"Slimebound:SlimeSlap","floor":23},{"not_picked":["Slimebound:SlimeSpikes","Slimebound:SamplingLick+1"],"picked":"Slimebound:AcidTongue","floor":25},{"not_picked":["Slimebound:SplitLeeching","Slimebound:LivingWall"],"picked":"Slimebound:MassRepurpose","floor":26},{"not_picked":["Slimebound:SplitMire+1","Slimebound:GoopTackle"],"picked":"Slimebound:ItLooksTasty","floor":27},{"not_picked":["Slimebound:GoopTackle","Slimebound:LeechEnergy","Slimebound:RollThrough+1"],"picked":"SKIP","floor":29},{"not_picked":["Slimebound:LeadByExample","Slimebound:ProtectTheBoss"],"picked":"Slimebound:GoopSpray","floor":30}],"player_experience":198713,"relics_obtained":[{"floor":7,"key":"Smiling Mask"},{"floor":11,"key":"Letter Opener"},{"floor":24,"key":"Mercury Hourglass"}],"event_choices":[{"damage_healed":0,"gold_gain":0,"player_choice":"Success","damage_taken":18,"relics_obtained":["Juzu Bracelet"],"max_hp_gain":0,"max_hp_loss":0,"event_name":"Scrap Ooze","floor":12,"gold_loss":0}],"is_beta":false,"boss_relics":[{"not_picked":["Cursed Key","Fusion Hammer"],"picked":"beaked:SacredDeck"}],"items_purged_floors":[25,26],"is_endless":false,"potions_floor_spawned":[2,13,15,16,21,29],"killed_by":"Slavers","ascension_level":0}}