{"host":"67b023zx83deun0a","time":1613037108,"event":{"mods":["BaseMod","Block Reminder","Minty Spire (QoL Compilation)","Relic Stats","StSLib"],"gold_per_floor":[114,130,130,147,166,166,180,214,214,242,257,257,291,304,304,408,408,418,343,343,6,25,51,51,51,102,114,114,141,160,186,186,281,281,294,305,352,352,188,188,188],"floor_reached":40,"language":"ENG","playtime":4140,"items_purged":["Defend_B","Strike_B"],"score":690,"play_id":"612784b0-ab25-4277-9f3c-e016781b3292","local_time":"20210211015148","is_ascension_mode":true,"campfire_choices":[{"data":"Dualcast","floor":12.0,"key":"SMITH"},{"data":"Go for the Eyes","floor":15.0,"key":"SMITH"},{"data":"Chill","floor":25,"key":"SMITH"},{"floor":28,"key":"REST"},{"floor":32,"key":"REST"}],"circlet_count":0,"master_deck":["Strike_B","Strike_B","Defend_B","Defend_B+1","Defend_B","Zap+1","Dualcast+1","Chill+1","Ball Lightning","Leap","Rebound","Auto Shields","Skim","Echo Form","Go for the Eyes+1","Echo Form","Compile Driver","Electrodynamics","Sweeping Beam+1","BootSequence+1","Reboot+1","Sunder","All For One","Self Repair+1","Coolheaded+1","Undo+1","Capacitor","Lockon"],"relics":["Cracked Core","Unceasing Top","Eternal Feather","MealTicket","War Paint","White Beast Statue","Smiling Mask","Black Star","Cables","Bag of Preparation","Potion Belt","Nunchaku","Question Card","Du-Vu Doll","StoneCalendar","Dead Branch","Coffee Dripper","TungstenRod"],"acts_visited":["TheCity","TheBeyond"],"potions_floor_usage":[22,23,24,24,31,33,37,37,40],"damage_taken":[{"damage":0.0,"enemies":"2 Louse","floor":1.0,"turns":2.0},{"damage":5.0,"enemies":"Small Slimes","floor":2.0,"turns":4.0},{"damage":2.0,"enemies":"Jaw Worm","floor":4.0,"turns":3.0},{"damage":0.0,"enemies":"3 Louse","floor":5.0,"turns":4.0},{"damage":7.0,"enemies":"2 Fungi Beasts","floor":7.0,"turns":3.0},{"damage":9.0,"enemies":"3 Sentries","floor":8.0,"turns":9.0},{"damage":13.0,"enemies":"Gremlin Nob","floor":10.0,"turns":4.0},{"damage":0.0,"enemies":"Lots of Slimes","floor":11.0,"turns":4.0},{"damage":5.0,"enemies":"3 Sentries","floor":13.0,"turns":8.0},{"damage":0.0,"enemies":"Blue Slaver","floor":14.0,"turns":3.0},{"damage":31.0,"enemies":"Hexaghost","floor":16.0,"turns":10.0},{"damage":34,"enemies":"2 Thieves","floor":18,"turns":5},{"damage":0,"enemies":"3 Byrds","floor":22,"turns":1},{"damage":45,"enemies":"Slavers","floor":23,"turns":6},{"damage":0,"enemies":"Centurion and Healer","floor":24,"turns":1},{"damage":10,"enemies":"Sentry and Sphere","floor":27,"turns":6},{"damage":39,"enemies":"Gremlin Leader","floor":29,"turns":6},{"damage":0,"enemies":"Snecko","floor":30,"turns":4},{"damage":0,"enemies":"Slavers","floor":31,"turns":3},{"damage":27,"enemies":"Collector","floor":33,"turns":7},{"damage":0,"enemies":"3 Shapes","floor":35,"turns":3},{"damage":0,"enemies":"Orb Walker","floor":36,"turns":2},{"damage":22,"enemies":"2 Orb Walkers","floor":37,"turns":4},{"damage":64,"enemies":"Giant Head","floor":40,"turns":8}],"seed_played":"8656800914360312204","potions_obtained":[{"floor":1.0,"key":"Ancient Potion"},{"floor":2.0,"key":"Regen Potion"},{"floor":5.0,"key":"PotionOfCapacity"},{"floor":10.0,"key":"DuplicationPotion"},{"floor":13.0,"key":"Energy Potion"},{"floor":14.0,"key":"SmokeBomb"},{"floor":16.0,"key":"Fruit Juice"},{"floor":18,"key":"Block Potion"},{"floor":22,"key":"Regen Potion"},{"floor":23,"key":"SteroidPotion"},{"floor":27,"key":"Fire Potion"},{"floor":29,"key":"FocusPotion"},{"floor":30,"key":"Explosive Potion"},{"floor":31,"key":"ColorlessPotion"},{"floor":33,"key":"LiquidMemories"},{"floor":35,"key":"Swift Potion"},{"floor":36,"key":"Ancient Potion"},{"floor":37,"key":"LiquidBronze"}],"is_trial":false,"path_per_floor":["M","M","?","M","M","?","M","E","T","E","M","R","E","M","R","B",null,"M","?","?","$","M","E","M","R","T","M","R","E","M","E","R","B",null,"M","M","?","?","$","E"],"character_chosen":"DEFECT","items_purchased":["Electrodynamics","Bag of Preparation","Capacitor","Lockon"],"campfire_rested":2,"item_purchase_floors":[21,21,39,39],"current_hp_per_floor":[68,63,63,61,61,43,36,27,27,26,26,35,30,30,39,13,58,24,24,24,39,39,9,9,21,21,11,44,5,5,5,38,11,58,58,58,46,46,61,0,0],"gold":188,"neow_bonus":"ONE_RARE_RELIC","is_daily":false,"chose_seed":false,"campfire_upgraded":3,"win_rate":0.0,"timestamp":1613037108,"path_taken":["M","M","?","M","M","?","M","E","T","E","M","R","E","M","R","BOSS","M","?","?","$","M","E","M","R","T","?","R","E","M","E","R","BOSS","M","M","?","?","$","E"],"items_purchased_type":["Card","Relic","Card","Card"],"build_version":"2020-12-22","purchased_purges":2,"victory":false,"max_hp_per_floor":[68,68,68,68,68,68,68,68,68,68,68,68,68,68,68,73,73,73,73,73,73,73,73,73,73,73,73,73,73,73,73,73,73,73,73,73,73,73,73,73,73],"relic_stats":{"counters":[13,56],"Dead Branch":[24],"Eternal Feather":36,"StoneCalendar":[104],"Bag of Preparation":[24],"War Paint":[],"Smiling Mask":75,"Question Card":6,"Cables":[45,26,19,0,0],"Nunchaku":[8],"MealTicket":30,"Black Star":3,"obtain_stats":[{"Potion Belt":23,"Dead Branch":31,"Eternal Feather":0,"StoneCalendar":31,"Bag of Preparation":21,"War Paint":0,"Smiling Mask":0,"Question Card":29,"White Beast Statue":0,"Cables":20,"Du-Vu Doll":29,"Nunchaku":23,"MealTicket":0,"Black Star":17,"Coffee Dripper":34,"Cracked Core":0,"Unceasing Top":0,"TungstenRod":37},{"Potion Belt":3,"Dead Branch":8,"Eternal Feather":0,"StoneCalendar":8,"Bag of Preparation":1,"War Paint":0,"Smiling Mask":0,"Question Card":6,"White Beast Statue":0,"Cables":1,"Du-Vu Doll":6,"Nunchaku":3,"MealTicket":0,"Black Star":0,"Coffee Dripper":9,"Cracked Core":0,"Unceasing Top":0,"TungstenRod":12},{"Potion Belt":12,"Dead Branch":32,"Eternal Feather":0,"StoneCalendar":32,"Bag of Preparation":5,"War Paint":0,"Smiling Mask":0,"Question Card":25,"White Beast Statue":0,"Cables":5,"Du-Vu Doll":25,"Nunchaku":12,"MealTicket":0,"Black Star":0,"Coffee Dripper":39,"Cracked Core":0,"Unceasing Top":0,"TungstenRod":48}],"Unceasing Top":[0],"TungstenRod":4},"card_choices":[{"not_picked":["Doom and Gloom","Defragment"],"picked":"Chill","floor":1.0},{"not_picked":["Consume","Turbo"],"picked":"Ball Lightning","floor":2.0},{"not_picked":["Redo","Hello World"],"picked":"Leap","floor":4.0},{"not_picked":["Streamline","Hologram"],"picked":"Rebound","floor":5.0},{"not_picked":["Beam Cell","Ball Lightning"],"picked":"Auto Shields","floor":7.0},{"not_picked":["Redo","Cold Snap"],"picked":"Skim","floor":8.0},{"not_picked":["Scrape","Loop"],"picked":"Echo Form","floor":10.0},{"not_picked":["Blizzard","Leap","Fusion"],"picked":"SKIP","floor":11.0},{"not_picked":["Steam","FTL"],"picked":"Go for the Eyes","floor":13.0},{"not_picked":["Auto Shields","Leap","Gash"],"picked":"SKIP","floor":14.0},{"not_picked":["Machine Learning","Amplify"],"picked":"Echo Form","floor":16.0},{"not_picked":["Hologram","Turbo"],"picked":"Compile Driver","floor":18},{"not_picked":["Go for the Eyes","Turbo","Compile Driver"],"picked":"SKIP","floor":22},{"not_picked":["Sunder","Barrage"],"picked":"Sweeping Beam+1","floor":23},{"not_picked":["Rebound","Steam","Go for the Eyes"],"picked":"SKIP","floor":27},{"not_picked":["Tempest","Turbo+1"],"picked":"BootSequence+1","floor":29},{"not_picked":["Stack","Redo+1","Melter+1"],"picked":"Reboot","floor":30},{"not_picked":["Ball Lightning","Streamline","Force Field"],"picked":"Sunder","floor":31},{"not_picked":["Echo Form","Rainbow","Reboot"],"picked":"All For One","floor":33},{"not_picked":["Hologram+1","Sweeping Beam","Turbo"],"picked":"Self Repair+1","floor":35},{"not_picked":["Leap","Cold Snap","Steam Power+1"],"picked":"Coolheaded+1","floor":36},{"not_picked":["Streamline+1","Coolheaded","Compile Driver+1"],"picked":"Undo+1","floor":37}],"player_experience":360990,"relics_obtained":[{"floor":8.0,"key":"MealTicket"},{"floor":9.0,"key":"War Paint"},{"floor":10.0,"key":"White Beast Statue"},{"floor":13.0,"key":"Smiling Mask"},{"floor":23,"key":"Potion Belt"},{"floor":23,"key":"Nunchaku"},{"floor":29,"key":"Question Card"},{"floor":29,"key":"Du-Vu Doll"},{"floor":31,"key":"StoneCalendar"},{"floor":31,"key":"Dead Branch"},{"floor":37,"key":"TungstenRod"}],"event_choices":[{"damage_healed":0.0,"max_hp_gain":0.0,"max_hp_loss":0.0,"gold_gain":0.0,"event_name":"Liars Game","player_choice":"Ignored","floor":3.0,"gold_loss":0.0,"damage_taken":0.0},{"damage_healed":0.0,"max_hp_gain":0.0,"max_hp_loss":0.0,"gold_gain":0.0,"event_name":"Scrap Ooze","player_choice":"Success","floor":6.0,"gold_loss":0.0,"damage_taken":18.0,"relics_obtained":["Eternal Feather"]},{"cards_removed":["Strike_B"],"damage_healed":0,"gold_gain":0,"player_choice":"Gave Gold","damage_taken":0,"max_hp_gain":0,"max_hp_loss":0,"event_name":"Beggar","floor":19,"gold_loss":75},{"damage_healed":0,"gold_gain":0,"player_choice":"Opened","damage_taken":0,"relics_obtained":["Cables"],"max_hp_gain":0,"max_hp_loss":0,"event_name":"The Mausoleum","floor":20,"gold_loss":0},{"damage_healed":0,"gold_gain":0,"player_choice":"Fight","damage_taken":0,"max_hp_gain":0,"max_hp_loss":0,"event_name":"Mysterious Sphere","floor":37,"gold_loss":0},{"damage_healed":0,"gold_gain":0,"player_choice":"Upgraded","damage_taken":0,"max_hp_gain":0,"max_hp_loss":0,"event_name":"Upgrade Shrine","floor":38,"gold_loss":0,"cards_upgraded":["Reboot"]}],"is_beta":false,"boss_relics":[{"not_picked":["FrozenCore","Runic Dome"],"picked":"Black Star"},{"not_picked":["Sozu","Fusion Hammer"],"picked":"Coffee Dripper"}],"items_purged_floors":[21,39],"is_endless":false,"potions_floor_spawned":[1,2,5,10,11,13,14,16,18,22,23,24,27,29,30,31,33,35,36,37],"killed_by":"Giant Head","ascension_level":8}}