{"host":"8injpn8qs0kr8sd6","time":1613031079,"event":{"mods":["Act Like it!","BaseMod","Downfall","KinomotoSakuraMod(Ä¾Ö®±¾Ó£)","Marisa£¨ìFÓê¡¡Ä§ÀíÉ³£©","Minty Spire (QoL Compilation)","Quick Restart","Reimu£¨²©ÀöÁéÃÎ£©","RumiaBox-Â¶Ã×æ«µÄÉñÃØºÐ×Ó","Spicy Shops","StSLib"],"gold_per_floor":[119,131,131,131,148,148,148,182,206,206,156,177,277,41,41,169,169,192,28,35,35,55,55,69,69,69,69,69,69,112,157,157,157,157],"floor_reached":33,"language":"ZHS","playtime":1358,"items_purged":[],"score":452,"play_id":"c0d9fc5e-9b6e-4903-bf48-f7ada7d82fc3","local_time":"20210211161119","is_ascension_mode":true,"campfire_choices":[{"data":"MilkyWay","floor":6,"key":"SMITH"},{"data":"SprinkleStarSeal","floor":10,"key":"SMITH"},{"data":"UltimateShortwave","floor":15,"key":"SMITH"},{"data":"MilkyWay","floor":23,"key":"SMITH"},{"data":"TreasureHunter","floor":25,"key":"SMITH"},{"data":"EscapeVelocity","floor":27,"key":"SMITH"},{"data":"PowerUp","floor":32,"key":"SMITH"}],"circlet_count":0,"master_deck":["Strike_MRS+1","Strike_MRS+1","Defend_MRS+1","Defend_MRS","Defend_MRS","Defend_MRS","MasterSpark","UpSweep","SporeBomb+1","MilkyWay+1","MilkyWay+1","SprinkleStarSeal+1","PowerUp+1","downfall:Haunted","downfall:Haunted","Clumsy","UltimateShortwave+1","downfall:Bewildered","Parasite","TreasureHunter+1","EscapeVelocity+1","MysteriousBeam+1","6A","6A"],"relics":["MiniHakkero","NeowsBlessing","Baka2","Bag of Preparation","Golden Idol","Art of War","SSSystem","Du-Vu Doll","War Paint","RedLine:ReiMu","Bottled Flame","Whetstone","MutagenicStrength","The Courier","Omamori"],"acts_visited":["Exordium","TheCity"],"potions_floor_usage":[18,22,22,28,33],"damage_taken":[{"damage":0,"enemies":"Small Slimes","floor":1,"turns":1},{"damage":0,"enemies":"Jaw Worm","floor":2,"turns":1},{"damage":0,"enemies":"2 Louse","floor":5,"turns":1},{"damage":8,"enemies":"Gremlin Nob","floor":8,"turns":3},{"damage":2,"enemies":"Blue Slaver","floor":12,"turns":2},{"damage":22,"enemies":"The Guardian","floor":16,"turns":5},{"damage":18,"enemies":"Chosen","floor":18,"turns":7},{"damage":0,"enemies":"Spheric Guardian","floor":20,"turns":2},{"damage":15,"enemies":"Snake Plant","floor":22,"turns":2},{"damage":2,"enemies":"Centurion and Healer","floor":24,"turns":2},{"damage":44,"enemies":"Slavers","floor":28,"turns":4},{"damage":0,"enemies":"Gremlin Leader","floor":30,"turns":1},{"damage":10,"enemies":"Collector","floor":33,"turns":3}],"seed_played":"1817612366024998082","potions_obtained":[{"floor":5,"key":"ShroomBrew"},{"floor":12,"key":"Block Potion"},{"floor":16,"key":"Ancient Potion"},{"floor":18,"key":"AttackPotion"},{"floor":30,"key":"Guardian:BlockOnCardUsePotion"}],"is_trial":false,"path_per_floor":["M","M","?","?","M","R","?","E","T","R","?","M","?","$","R","B",null,"M","$","M","$","M","R","M","R","T","R","E","?","E","T","R","B"],"character_chosen":"MARISA","items_purchased":["War Paint","TreasureHunter","EscapeVelocity"],"campfire_rested":0,"item_purchase_floors":[14,14,19],"current_hp_per_floor":[75,75,72,65,65,65,47,39,39,39,39,37,42,42,42,20,80,62,62,62,62,47,47,45,45,45,45,1,1,1,1,1,0,0],"gold":157,"neow_bonus":"THREE_ENEMY_KILL","is_daily":false,"chose_seed":false,"campfire_upgraded":7,"win_rate":0.0,"timestamp":1613031079,"path_taken":["M","M","?","?","M","R","?","E","T","R","?","?","?","$","R","BOSS","M","$","M","$","M","R","M","R","T","R","E","?","E","?","R","BOSS"],"items_purchased_type":["Relic","Card","Card"],"build_version":"2020-12-22","purchased_purges":0,"victory":false,"max_hp_per_floor":[75,75,75,75,75,75,75,75,75,75,75,75,80,80,80,80,80,80,80,80,80,80,80,80,80,80,80,80,80,80,80,80,80,80],"card_choices":[{"not_picked":["DoubleSpark","SporeBomb","Singularity"],"picked":"SKIP","floor":1},{"not_picked":["DoubleSpark","Singularity"],"picked":"SporeBomb","floor":1},{"not_picked":["EventHorizon","DC"],"picked":"MilkyWay","floor":2},{"not_picked":["DragonMeteor","AsteroidBelt"],"picked":"MilkyWay","floor":5},{"not_picked":["PulseMagic","WitchOfGreed"],"picked":"SprinkleStarSeal","floor":8},{"not_picked":["Orbital","WitchOfGreed"],"picked":"PowerUp","floor":12},{"not_picked":["PowerUp","EventHorizon","IllusionStar"],"picked":"SKIP","floor":18},{"not_picked":["PowerUp","RefractionSpark","SuperPerseids+1"],"picked":"SKIP","floor":20},{"not_picked":["GravityBeat","GrandCross"],"picked":"MysteriousBeam+1","floor":22},{"not_picked":["GalacticHalo+1","LuminesStrike+1","MysteriousBeam"],"picked":"SKIP","floor":24},{"not_picked":["GalacticHalo","DarkSpark"],"picked":"6A","floor":28},{"not_picked":["DC","DarkSpark"],"picked":"6A","floor":30}],"player_experience":477481,"relics_obtained":[{"floor":1,"key":"Baka"},{"floor":2,"key":"Baka2"},{"floor":8,"key":"Art of War"},{"floor":9,"key":"SSSystem"},{"floor":26,"key":"Bottled Flame"},{"floor":28,"key":"Whetstone"},{"floor":30,"key":"The Courier"},{"floor":31,"key":"Omamori"}],"event_choices":[{"damage_healed":0,"gold_gain":0,"player_choice":"Success","damage_taken":3,"relics_obtained":["Bag of Preparation"],"max_hp_gain":0,"max_hp_loss":0,"event_name":"Scrap Ooze","floor":3,"gold_loss":0},{"cards_removed":["Strike_MRS"],"damage_healed":0,"gold_gain":0,"player_choice":"Card Removal","damage_taken":7,"max_hp_gain":0,"max_hp_loss":0,"event_name":"Golden Wing","floor":4,"gold_loss":0},{"damage_healed":0,"gold_gain":0,"player_choice":"Take Damage","damage_taken":18,"relics_obtained":["Golden Idol"],"max_hp_gain":0,"max_hp_loss":0,"event_name":"Golden Idol","floor":7,"gold_loss":0},{"cards_removed":["Strike_MRS"],"damage_healed":0,"gold_gain":0,"player_choice":"Card Removal","damage_taken":0,"max_hp_gain":0,"max_hp_loss":0,"event_name":"The Cleric","floor":11,"gold_loss":50},{"damage_healed":0,"gold_gain":0,"player_choice":"Inject Mutagens","damage_taken":0,"relics_obtained":["MutagenicStrength"],"max_hp_gain":0,"max_hp_loss":0,"event_name":"Drug Dealer","floor":29,"gold_loss":0}],"is_beta":false,"boss_relics":[{"not_picked":["AddBug","SlaversCollar"],"picked":"RedLine:ReiMu"}],"items_purged_floors":[],"is_endless":false,"potions_floor_spawned":[5,12,16,18,30],"killed_by":"Collector","ascension_level":3}}