{"host":"JIN","time":1613043616,"event":{"mods":["BaseMod","Custom Start","DeckTracker","Hermit","Minty Spire (QoL Compilation)","Shop Mod","StSLib","SuperFastMode"],"gold_per_floor":[118,343,367,388,513,547,547,114,114,114,147,197,247,288,288,419,419,435,450,599,612,628,667,717,760,839,108,108,283,317,336,336,462,462,481,505,888,938,957,995,995,1013,1086,1086,1126,1126,1145,742,742,742,742,742,6,42,42],"floor_reached":56,"language":"KOR","playtime":3245,"items_purged":["hermit:Strike_Hermit","hermit:Strike_Hermit","hermit:Strike_Hermit"],"score":1884,"play_id":"b8290b6a-7790-4e97-be22-3604061c9a24","local_time":"20210211204016","is_ascension_mode":true,"campfire_choices":[{"data":"hermit:EyeOfTheStorm","floor":7,"key":"SMITH"},{"floor":10,"key":"REST"},{"data":"hermit:Dive","floor":15,"key":"SMITH"},{"data":"hermit:Covet","floor":28,"key":"SMITH"},{"data":"hermit:Dive","floor":32,"key":"SMITH"},{"data":"Panacea","floor":41,"key":"SMITH"},{"data":"hermit:Headshot","floor":44,"key":"SMITH"},{"data":"hermit:Ricochet","floor":46,"key":"SMITH"},{"floor":49,"key":"RECALL"},{"data":"hermit:Misfire","floor":52,"key":"SMITH"}],"circlet_count":0,"master_deck":["hermit:Strike_Hermit","hermit:Defend_Hermit","hermit:Defend_Hermit","hermit:Defend_Hermit","hermit:Defend_Hermit","hermit:Snapshot","hermit:Covet+1","Panacea+1","hermit:Headshot+1","hermit:Misfire+1","hermit:EyeOfTheStorm+1","hermit:Ricochet+1","hermit:Dive+1","hermit:SprayPray+1","hermit:Roughhouse+1","hermit:CalledShot+1","hermit:Determination+1","hermit:Manifest+1","hermit:Dive+1","hermit:GhostlyPresence+1","hermit:Manifest+1","Trip+1","hermit:Dive+1","hermit:Dive+1","hermit:TakeAim+1","hermit:Grudge+1","hermit:Dive+1"],"relics":["hermit:Momento","Question Card","Prayer Wheel","The Courier","Membership Card","Smiling Mask","SsserpentHead","Omamori","Black Star","White Beast Statue","Akabeko","Juzu Bracelet","Bird Faced Urn","StrikeDummy","Eternal Feather","Molten Egg 2","hermit:Horseshoe","Shuriken","Meat on the Bone","Regal Pillow","Art of War","Boot","Busted Crown","hermit:RyeStalk","Strawberry","Question Card","Pear","Mummified Hand","OrangePellets","Toxic Egg 2","Ginger","PreservedInsect","HornCleat","Ice Cream","Matryoshka","Sundial","Turnip","SacredBark","Golden Idol","Anchor","StoneCalendar","hermit:Spyglass","InkBottle","Ornamental Fan","Pantograph","Happy Flower","Bronze Scales","Nunchaku","Gremlin Horn","Toolbox","Bag of Marbles","Calipers","Mercury Hourglass","hermit:CharredGlove","Blue Candle","HandDrill","Oddly Smooth Stone","Lantern","Unceasing Top","Blood Vial"],"acts_visited":["Exordium","TheCity","TheBeyond","TheEnding"],"potions_floor_usage":[14,23,54,55,55,55],"damage_taken":[{"damage":13.0,"enemies":"Jaw Worm","floor":1.0,"turns":4.0},{"damage":9.0,"enemies":"Small Slimes","floor":3.0,"turns":4.0},{"damage":0.0,"enemies":"Cultist","floor":4.0,"turns":2.0},{"damage":20,"enemies":"3 Sentries","floor":6,"turns":6},{"damage":9,"enemies":"Gremlin Nob","floor":11,"turns":3},{"damage":10,"enemies":"Lagavulin","floor":14,"turns":7},{"damage":43,"enemies":"The Guardian","floor":16,"turns":14},{"damage":0,"enemies":"Spheric Guardian","floor":18,"turns":3},{"damage":4,"enemies":"Shell Parasite","floor":19,"turns":4},{"damage":10,"enemies":"Sentry and Sphere","floor":21,"turns":7},{"damage":9,"enemies":"Snecko","floor":22,"turns":5},{"damage":14,"enemies":"Slavers","floor":23,"turns":5},{"damage":0,"enemies":"Gremlin Leader","floor":25,"turns":9},{"damage":0,"enemies":"Colosseum Slavers","floor":29,"turns":2},{"damage":12,"enemies":"Colosseum Nobs","floor":29,"turns":5},{"damage":0,"enemies":"Slavers","floor":30,"turns":3},{"damage":10,"enemies":"Shelled Parasite and Fungi","floor":31,"turns":4},{"damage":6,"enemies":"Collector","floor":33,"turns":11},{"damage":4,"enemies":"3 Shapes","floor":35,"turns":5},{"damage":1,"enemies":"3 Darklings","floor":36,"turns":8},{"damage":0,"enemies":"Sphere and 2 Shapes","floor":39,"turns":6},{"damage":12,"enemies":"Nemesis","floor":40,"turns":5},{"damage":0,"enemies":"4 Shapes","floor":42,"turns":6},{"damage":10,"enemies":"Reptomancer","floor":45,"turns":6},{"damage":2,"enemies":"Jaw Worm Horde","floor":47,"turns":5},{"damage":72,"enemies":"Donu and Deca","floor":50,"turns":12},{"damage":29,"enemies":"Shield and Spear","floor":54,"turns":6},{"damage":15,"enemies":"The Heart","floor":55,"turns":7}],"seed_played":"-8163545918880693167","potions_obtained":[{"floor":3.0,"key":"Energy Potion"},{"floor":4.0,"key":"LiquidMemories"},{"floor":11,"key":"Regen Potion"},{"floor":14,"key":"DistilledChaos"},{"floor":23,"key":"Energy Potion"},{"floor":25,"key":"Block Potion"},{"floor":30,"key":"CultistPotion"},{"floor":54,"key":"hermit:BlackBile"}],"is_trial":false,"path_per_floor":["M","?","M","M","?","E","R","$","T","R","E","?","?","E","R","B",null,"M","M","?","M","M","E","?","E","T","$","R","?","E","M","R","B",null,"M","M","?","?","M","E","R","M","T","R","E","R","M","$","R","B",null,"R","$","E","B",null],"character_chosen":"HERMIT","items_purchased":["Juzu Bracelet","Bird Faced Urn","StrikeDummy","Eternal Feather","Pear","Mummified Hand","OrangePellets","Toxic Egg 2","Ginger","PreservedInsect","HornCleat","hermit:GhostlyPresence+1","hermit:Manifest+1","Trip+1","Happy Flower","Bronze Scales","Nunchaku","Gremlin Horn","Toolbox","hermit:Grudge+1","Bag of Marbles","Calipers","Mercury Hourglass","hermit:CharredGlove","Blue Candle","HandDrill","Oddly Smooth Stone","Lantern"],"campfire_rested":1,"item_purchase_floors":[8,8,8,8,27,27,27,27,27,27,27,27,27,27,48,48,48,48,48,48,53,53,53,53,53,53,53,53],"current_hp_per_floor":[55,55,46,46,39,19,19,19,19,50,41,41,29,43,52,21,62,62,60,60,52,45,45,70,79,79,89,92,80,82,74,89,85,90,88,89,89,89,91,80,92,92,92,92,82,92,90,90,92,34,78,92,92,63,79],"gold":42,"neow_bonus":"RANDOM_COLORLESS","is_daily":false,"chose_seed":false,"campfire_upgraded":8,"win_rate":0.0,"timestamp":1613043616,"path_taken":["M","?","M","M","?","E","R","$","T","R","E","?","?","E","R","BOSS","M","M","?","M","M","E","?","E","T","$","R","?","E","M","R","BOSS","M","M","?","?","M","E","R","M","T","R","E","R","M","$","R","BOSS","R","$","E","BOSS"],"items_purchased_type":["Relic","Relic","Relic","Relic","Relic","Relic","Relic","Relic","Relic","Relic","Relic","Card","Card","Card","Relic","Relic","Relic","Relic","Relic","Card","Relic","Relic","Relic","Relic","Relic","Relic","Relic","Relic"],"build_version":"2020-12-18","purchased_purges":3,"victory":true,"max_hp_per_floor":[75,75,75,75,75,75,75,75,75,75,75,75,75,75,75,75,75,75,75,75,75,75,75,75,82,82,92,92,92,92,92,92,92,92,92,92,92,92,92,92,92,92,92,92,92,92,92,92,92,92,92,92,92,92,92],"card_choices":[{"not_picked":["Impatience","Finesse"],"picked":"Panacea","floor":0.0},{"not_picked":["hermit:NoHoldsBarred","hermit:Roulette","hermit:Manifest"],"picked":"hermit:Headshot","floor":1.0},{"not_picked":["hermit:BodyArmor","hermit:GoldenBullet","hermit:Desperado"],"picked":"hermit:Misfire","floor":1.0},{"not_picked":["hermit:BodyArmor","hermit:CalledShot","hermit:RoundhouseKick"],"picked":"hermit:EyeOfTheStorm","floor":3.0},{"not_picked":["hermit:Manifest","hermit:Quickdraw","hermit:HighCaliber"],"picked":"hermit:Ricochet","floor":3.0},{"not_picked":["hermit:LowProfile","hermit:Cheat","hermit:BodyArmor","hermit:Misfire"],"picked":"SKIP","floor":4.0},{"not_picked":["hermit:LoneWolf","hermit:Glare","hermit:ItchyTrigger","hermit:CalledShot"],"picked":"SKIP","floor":4.0},{"not_picked":["hermit:HeroicBravado","hermit:WideOpen","hermit:Snipe"],"picked":"hermit:Dive","floor":6},{"not_picked":["hermit:GoldenBullet+1","hermit:LuckOfTheDraw","hermit:HighCaliber+1","hermit:Manifest"],"picked":"SKIP","floor":11},{"not_picked":["hermit:Ricochet+1","hermit:Manifest","hermit:Malice+1"],"picked":"hermit:SprayPray+1","floor":14},{"not_picked":["hermit:FatalDesire","hermit:EternalForm","hermit:Dissolve"],"picked":"hermit:Roughhouse+1","floor":16},{"not_picked":["hermit:Ricochet+1"],"picked":"hermit:CalledShot+1","floor":18},{"not_picked":["hermit:BodyArmor"],"picked":"hermit:Determination+1","floor":18},{"not_picked":["hermit:Cheat"],"picked":"hermit:Manifest+1","floor":19},{"not_picked":["hermit:Maintenance"],"picked":"hermit:Dive","floor":19},{"not_picked":["hermit:Shortfuse+1","hermit:Coalescence"],"picked":"SKIP","floor":21},{"not_picked":["hermit:Dive","hermit:HighCaliber+1"],"picked":"SKIP","floor":21},{"not_picked":["hermit:Roulette+1","hermit:TakeCover"],"picked":"SKIP","floor":22},{"not_picked":["hermit:NoHoldsBarred+1","hermit:Desperado+1"],"picked":"SKIP","floor":22},{"not_picked":["hermit:Feint","hermit:Grudge+1"],"picked":"SKIP","floor":23},{"not_picked":["hermit:BodyArmor","hermit:Dive"],"picked":"SKIP","floor":25},{"not_picked":["hermit:CalledShot+1","hermit:Feint+1","hermit:Headshot+1"],"picked":"SKIP","floor":30},{"not_picked":["hermit:TrackingShot+1","hermit:Vantage+1"],"picked":"hermit:Dive+1","floor":31},{"not_picked":["hermit:SprayPray+1","hermit:Purgatory+1","hermit:Feint+1"],"picked":"SKIP","floor":31},{"not_picked":["hermit:HighCaliber+1","hermit:Misfire+1","hermit:Showdown+1"],"picked":"SKIP","floor":35},{"not_picked":["hermit:Virtue+1","hermit:Snipe+1","hermit:EyeOfTheStorm+1"],"picked":"SKIP","floor":35},{"not_picked":["hermit:HighCaliber+1","hermit:Misfire+1","hermit:Showdown+1"],"picked":"SKIP","floor":35},{"not_picked":["hermit:Virtue+1","hermit:Snipe+1","hermit:EyeOfTheStorm+1"],"picked":"SKIP","floor":35},{"not_picked":["hermit:Desperado+1","hermit:BodyArmor+1"],"picked":"hermit:Dive+1","floor":36},{"not_picked":["hermit:DeadMansHand+1","hermit:Roulette+1","hermit:Horror+1"],"picked":"SKIP","floor":36},{"not_picked":["hermit:Horror+1","hermit:Feint+1","hermit:Snipe+1"],"picked":"SKIP","floor":39},{"not_picked":["hermit:Horror+1","hermit:Glare+1","hermit:Dissolve+1"],"picked":"SKIP","floor":39},{"not_picked":["hermit:Headshot+1","hermit:Cheat+1","hermit:HoleUp+1"],"picked":"SKIP","floor":40},{"not_picked":["hermit:WideOpen+1","hermit:Headshot+1","hermit:Manifest+1"],"picked":"SKIP","floor":42},{"not_picked":["hermit:Roulette+1","hermit:TakeCover+1","hermit:Misfire+1"],"picked":"SKIP","floor":42},{"not_picked":["hermit:FullyLoaded+1","hermit:Snipe+1","hermit:Misfire+1"],"picked":"SKIP","floor":45},{"not_picked":["hermit:CalledShot+1","hermit:Horror+1"],"picked":"hermit:TakeAim+1","floor":47},{"not_picked":["hermit:Headshot+1","hermit:Midnight+1","hermit:TrackingShot+1"],"picked":"SKIP","floor":47},{"not_picked":["hermit:Headshot+1","hermit:Midnight+1","hermit:TrackingShot+1"],"picked":"SKIP","floor":47},{"not_picked":["hermit:Reprieve+1","hermit:Ricochet+1"],"picked":"hermit:Dive+1","floor":54}],"player_experience":1253083,"relics_obtained":[{"floor":6,"key":"White Beast Statue"},{"floor":6,"key":"Akabeko"},{"floor":9,"key":"Molten Egg 2"},{"floor":11,"key":"hermit:Horseshoe"},{"floor":11,"key":"Shuriken"},{"floor":14,"key":"Art of War"},{"floor":14,"key":"Boot"},{"floor":23,"key":"hermit:RyeStalk"},{"floor":25,"key":"Strawberry"},{"floor":25,"key":"Question Card"},{"floor":29,"key":"Ice Cream"},{"floor":29,"key":"Matryoshka"},{"floor":30,"key":"Sundial"},{"floor":30,"key":"Turnip"},{"floor":40,"key":"Anchor"},{"floor":40,"key":"StoneCalendar"},{"floor":43,"key":"hermit:Spyglass"},{"floor":43,"key":"InkBottle"},{"floor":45,"key":"Ornamental Fan"},{"floor":45,"key":"Pantograph"},{"floor":54,"key":"Unceasing Top"},{"floor":54,"key":"Blood Vial"}],"event_choices":[{"damage_healed":0.0,"max_hp_gain":0.0,"max_hp_loss":0.0,"gold_gain":175.0,"event_name":"Liars Game","player_choice":"AGREE","floor":2.0,"gold_loss":0.0,"damage_taken":0.0,"cards_obtained":["Doubt"]},{"damage_healed":0,"gold_gain":75,"player_choice":"Touch","damage_taken":7,"max_hp_gain":0,"max_hp_loss":0,"event_name":"FaceTrader","floor":5,"gold_loss":0},{"damage_healed":0,"gold_gain":0,"player_choice":"Box","damage_taken":0,"relics_obtained":["Meat on the Bone"],"max_hp_gain":0,"max_hp_loss":0,"event_name":"Big Fish","floor":12,"gold_loss":0,"cards_obtained":["Regret"]},{"damage_healed":0,"gold_gain":0,"player_choice":"Success","damage_taken":12,"relics_obtained":["Regal Pillow"],"max_hp_gain":0,"max_hp_loss":0,"event_name":"Scrap Ooze","floor":13,"gold_loss":0},{"damage_healed":0,"gold_gain":99,"player_choice":"Stole From Cult","damage_taken":0,"max_hp_gain":0,"max_hp_loss":0,"event_name":"Nest","floor":20,"gold_loss":0},{"damage_healed":25,"gold_gain":0,"player_choice":"Heal","damage_taken":0,"max_hp_gain":0,"max_hp_loss":0,"event_name":"The Library","floor":24,"gold_loss":0},{"damage_healed":0,"gold_gain":0,"player_choice":"Fight","damage_taken":0,"max_hp_gain":0,"max_hp_loss":0,"event_name":"Colosseum","floor":29,"gold_loss":0},{"damage_healed":0,"gold_gain":0,"player_choice":"Fought Nobs","damage_taken":0,"max_hp_gain":0,"max_hp_loss":0,"event_name":"Colosseum","floor":29,"gold_loss":0},{"damage_healed":0,"gold_gain":333,"player_choice":"Gave Idol","damage_taken":0,"max_hp_gain":0,"max_hp_loss":0,"event_name":"The Moai Head","floor":37,"relics_lost":["Golden Idol"],"gold_loss":0},{"damage_healed":0,"gold_gain":0,"player_choice":"Ignored","damage_taken":0,"max_hp_gain":0,"max_hp_loss":0,"event_name":"Tomb of Lord Red Mask","floor":38,"gold_loss":0}],"is_beta":true,"boss_relics":[{"not_picked":["Empty Cage","Calling Bell"],"picked":"Busted Crown"},{"not_picked":["SlaversCollar","Runic Pyramid"],"picked":"SacredBark"}],"items_purged_floors":[8,48,53],"is_endless":false,"potions_floor_spawned":[3,4,11,14,16,18,19,21,22,23,25,29,29,30,31,33,35,36,39,40,42,45,47,54],"ascension_level":9}}