{"host":"8zow35rkxv448q2r","time":1613083237,"event":{"mods":["AchievementEnabler","BaseMod","Colored Map","Colored Powertips","Minty Spire (QoL Compilation)","Relic Stats"],"gold_per_floor":[114,9051,9051,9068,8152,8152,8162,8176,8176,8187,8212,8263,8275,8321,8333,8445,8457,8382,7633,7633,7633,7633,7633,7633,7633,7633,7633,7633,6973,6973,6973,6973,6973,6973,6973,6973,6013,6013,6013,6013,6013,6013,6013,6013,6013,6013,5146,5146,5146,5146,5146,5146,4098,4098,4098],"floor_reached":56,"language":"ENG","playtime":3732,"items_purged":["Strike_G","Strike_G","Strike_G","Strike_G","Dagger Spray","Strike_G"],"score":1845,"play_id":"26d702a4-2901-4f6f-91ca-cfe3ebf33276","local_time":"20210211174037","is_ascension_mode":true,"campfire_choices":[{"floor":6,"key":"RECALL"},{"floor":15,"key":"REST"},{"floor":24,"key":"REST"},{"floor":32,"key":"REST"},{"data":"1","floor":41,"key":"LIFT"},{"data":"2","floor":45,"key":"LIFT"},{"data":"3","floor":49,"key":"LIFT"},{"floor":52,"key":"REST"}],"circlet_count":0,"master_deck":["AscendersBane","Defend_G","Defend_G","Defend_G","Defend_G","Defend_G+1","Survivor+1","Neutralize","Footwork","Sadistic Nature+1","Riddle With Holes","Blade Dance","Infinite Blades+1","Magnetism+1","Poisoned Stab","Blade Dance","PiercingWail+1","Noxious Fumes+1","A Thousand Cuts+1","Footwork+1","Noxious Fumes+1","Dagger Spray+1","Blade Dance+1","Noxious Fumes+1"],"relics":["Fusion Hammer","Eternal Feather","Meat on the Bone","TheAbacus","Frozen Egg 2","TwistedFunnel","Dream Catcher","Ornamental Fan","MawBank","StrikeDummy","Omamori","Ectoplasm","PreservedInsect","War Paint","HandDrill","MutagenicStrength","Bottled Flame","CeramicFish","ClockworkSouvenir","The Specimen","Tiny Chest","Calling Bell","Oddly Smooth Stone","Darkstone Periapt","Girya","Mercury Hourglass","Question Card","Sling","Lantern","Shuriken","Molten Egg 2","Bag of Marbles","Ancient Tea Set","Lee\u0027s Waffle","Paper Crane","Incense Burner","OrangePellets","StoneCalendar","Bag of Preparation","White Beast Statue"],"acts_visited":["Exordium","TheCity","TheBeyond","TheEnding"],"potions_floor_usage":[4,4,7,8,14,14,16,16,16,16,23,27,33,33,33,38,38,39,48,53,54,55],"damage_taken":[{"damage":7,"enemies":"Small Slimes","floor":1,"turns":3},{"damage":0,"enemies":"Cultist","floor":4,"turns":2},{"damage":0,"enemies":"2 Louse","floor":7,"turns":2},{"damage":3,"enemies":"Looter","floor":8,"turns":2},{"damage":0,"enemies":"Large Slime","floor":10,"turns":7},{"damage":15,"enemies":"3 Sentries","floor":11,"turns":8},{"damage":13,"enemies":"Lagavulin","floor":14,"turns":4},{"damage":28,"enemies":"The Guardian","floor":16,"turns":7},{"damage":26,"enemies":"2 Thieves","floor":18,"turns":4},{"damage":1,"enemies":"Spheric Guardian","floor":21,"turns":4},{"damage":17,"enemies":"Slavers","floor":23,"turns":3},{"damage":1,"enemies":"3 Cultists","floor":25,"turns":5},{"damage":0,"enemies":"Sentry and Sphere","floor":27,"turns":3},{"damage":43,"enemies":"Cultist and Chosen","floor":28,"turns":7},{"damage":11,"enemies":"Shelled Parasite and Fungi","floor":30,"turns":2},{"damage":5,"enemies":"Collector","floor":33,"turns":5},{"damage":15,"enemies":"3 Shapes","floor":35,"turns":3},{"damage":6,"enemies":"Orb Walker","floor":38,"turns":2},{"damage":0,"enemies":"Giant Head","floor":40,"turns":5},{"damage":24,"enemies":"Reptomancer","floor":44,"turns":4},{"damage":0,"enemies":"Giant Head","floor":46,"turns":5},{"damage":0,"enemies":"Writhing Mass","floor":48,"turns":1},{"damage":106,"enemies":"Time Eater","floor":50,"turns":10},{"damage":0,"enemies":"Shield and Spear","floor":54,"turns":2},{"damage":99,"enemies":"The Heart","floor":55,"turns":7}],"seed_played":"-8274914744711937902","potions_obtained":[{"floor":1,"key":"Poison Potion"},{"floor":4,"key":"Swift Potion"},{"floor":7,"key":"Poison Potion"},{"floor":11,"key":"Fire Potion"},{"floor":21,"key":"Block Potion"},{"floor":23,"key":"PowerPotion"},{"floor":28,"key":"DuplicationPotion"},{"floor":35,"key":"Weak Potion"},{"floor":39,"key":"FairyPotion"},{"floor":39,"key":"Fruit Juice"},{"floor":39,"key":"SmokeBomb"}],"is_trial":false,"path_per_floor":["M","$","?","M","$","R","M","M","T","M","E","T","?","E","R","B",null,"M","$","?","M","?","E","R","M","T","M","M","$","M","?","R","B",null,"M","?","$","M","?","E","R","T","T","E","R","E","$","M","R","B",null,"R","$","E","B",null],"character_chosen":"THE_SILENT","items_purchased":["CunningPotion","Sadistic Nature","Eternal Feather","Meat on the Bone","TheAbacus","Explosive Potion","Riddle With Holes","Frozen Egg 2","TwistedFunnel","Dream Catcher","EntropicBrew","Infinite Blades+1","Magnetism+1","PreservedInsect","Strength Potion","Swift Potion","Energy Potion","Poisoned Stab","War Paint","HandDrill","ClockworkSouvenir","The Specimen","DistilledChaos","Mercury Hourglass","Question Card","Sling","FairyPotion","Poison Potion","Lee\u0027s Waffle","Paper Crane","Incense Burner","OrangePellets","StoneCalendar","Bag of Preparation","Fruit Juice","SteroidPotion","AttackPotion","Noxious Fumes+1"],"campfire_rested":4,"item_purchase_floors":[2,2,2,2,2,2,2,5,5,5,5,5,5,19,19,19,19,19,19,19,29,29,29,37,37,37,37,37,47,47,47,53,53,53,53,53,53,53],"current_hp_per_floor":[56,56,56,56,56,65,65,62,62,62,47,47,47,46,70,42,63,37,37,37,36,36,31,61,60,60,60,29,29,30,30,63,58,67,52,52,52,46,51,51,63,63,63,39,51,51,82,82,82,19,66,82,87,87,26],"gold":4098,"neow_bonus":"BOSS_RELIC","is_daily":false,"chose_seed":false,"campfire_upgraded":0,"win_rate":0.0,"timestamp":1613083237,"path_taken":["M","$","?","M","$","R","M","M","T","?","E","?","?","E","R","BOSS","M","$","?","M","?","E","R","?","T","M","M","$","M","?","R","BOSS","M","?","$","?","?","E","R","?","T","E","R","E","$","M","R","BOSS","R","$","E","BOSS"],"items_purchased_type":["Potion","Card","Relic","Relic","Relic","Potion","Card","Relic","Relic","Relic","Potion","Card","Card","Relic","Potion","Potion","Potion","Card","Relic","Relic","Relic","Relic","Potion","Relic","Relic","Relic","Potion","Potion","Relic","Relic","Relic","Relic","Relic","Relic","Potion","Potion","Potion","Card"],"build_version":"2020-12-22","purchased_purges":6,"victory":true,"max_hp_per_floor":[70,70,70,70,70,70,70,70,70,70,70,70,70,70,70,70,70,70,70,70,70,70,70,70,70,70,70,70,70,70,70,70,70,70,70,70,70,70,75,75,75,75,75,75,75,75,82,82,82,82,82,82,87,87,87],"relic_stats":{"Darkstone Periapt":0,"Lee\u0027s Waffle":31,"counters":[25,107],"CeramicFish":0,"Eternal Feather":75,"StoneCalendar":[0],"PreservedInsect":452,"Bag of Preparation":[4],"War Paint":["Survivor","Defend_G"],"MawBank":60,"Question Card":6,"Mercury Hourglass":[124],"OrangePellets":[4],"Dream Catcher":4,"TheAbacus":[90],"Ornamental Fan":[240],"Shuriken":[19],"Tiny Chest":1,"Ectoplasm":640,"HandDrill":[8],"obtain_stats":[{"TwistedFunnel":5,"Darkstone Periapt":34,"Lantern":40,"CeramicFish":26,"StoneCalendar":53,"Incense Burner":47,"Bag of Preparation":53,"Sling":37,"Ancient Tea Set":46,"ClockworkSouvenir":29,"Dream Catcher":5,"TheAbacus":2,"Tiny Chest":31,"Fusion Hammer":0,"HandDrill":19,"Ring of the Snake":0,"Girya":34,"Lee\u0027s Waffle":47,"The Specimen":29,"Oddly Smooth Stone":34,"Eternal Feather":2,"PreservedInsect":19,"Omamori":14,"Frozen Egg 2":5,"War Paint":19,"Paper Crane":47,"MawBank":12,"Question Card":37,"White Beast Statue":54,"Mercury Hourglass":37,"Calling Bell":34,"OrangePellets":53,"Bottled Flame":23,"Ornamental Fan":11,"Shuriken":42,"MutagenicStrength":20,"Molten Egg 2":43,"Ectoplasm":17,"Bag of Marbles":44,"StrikeDummy":13,"Meat on the Bone":2},{"TwistedFunnel":2,"Darkstone Periapt":16,"Lantern":19,"CeramicFish":12,"StoneCalendar":23,"Incense Burner":21,"Bag of Preparation":23,"Sling":17,"Ancient Tea Set":21,"ClockworkSouvenir":14,"Dream Catcher":2,"TheAbacus":1,"Tiny Chest":15,"Fusion Hammer":0,"HandDrill":9,"Ring of the Snake":0,"Girya":16,"Lee\u0027s Waffle":21,"The Specimen":14,"Oddly Smooth Stone":16,"Eternal Feather":1,"PreservedInsect":9,"Omamori":7,"Frozen Egg 2":2,"War Paint":9,"Paper Crane":21,"MawBank":6,"Question Card":17,"White Beast Statue":24,"Mercury Hourglass":17,"Calling Bell":16,"OrangePellets":23,"Bottled Flame":11,"Ornamental Fan":6,"Shuriken":19,"MutagenicStrength":9,"Molten Egg 2":19,"Ectoplasm":8,"Bag of Marbles":20,"StrikeDummy":6,"Meat on the Bone":1},{"TwistedFunnel":5,"Darkstone Periapt":68,"Lantern":78,"CeramicFish":51,"StoneCalendar":98,"Incense Burner":87,"Bag of Preparation":98,"Sling":71,"Ancient Tea Set":87,"ClockworkSouvenir":61,"Dream Catcher":5,"TheAbacus":3,"Tiny Chest":63,"Fusion Hammer":0,"HandDrill":39,"Ring of the Snake":0,"Girya":68,"Lee\u0027s Waffle":87,"The Specimen":61,"Oddly Smooth Stone":68,"Eternal Feather":3,"PreservedInsect":39,"Omamori":28,"Frozen Egg 2":5,"War Paint":39,"Paper Crane":87,"MawBank":24,"Question Card":71,"White Beast Statue":100,"Mercury Hourglass":71,"Calling Bell":68,"OrangePellets":98,"Bottled Flame":46,"Ornamental Fan":24,"Shuriken":78,"MutagenicStrength":39,"Molten Egg 2":78,"Ectoplasm":35,"Bag of Marbles":82,"StrikeDummy":24,"Meat on the Bone":3}],"Meat on the Bone":72},"card_choices":[{"not_picked":["Quick Slash","Bouncing Flask"],"picked":"Footwork","floor":1},{"not_picked":["Backstab","All Out Attack"],"picked":"Blade Dance","floor":4},{"not_picked":["Distraction","Underhanded Strike","Sucker Punch"],"picked":"SKIP","floor":7},{"not_picked":["Choke","Flying Knee","Setup"],"picked":"SKIP","floor":8},{"not_picked":["Deadly Poison","Leg Sweep","Dagger Throw"],"picked":"SKIP","floor":10},{"not_picked":["Slice","Sucker Punch","Dodge and Roll"],"picked":"SKIP","floor":11},{"not_picked":["Underhanded Strike","Die Die Die","Blur"],"picked":"SKIP","floor":14},{"not_picked":["Backflip","Cloak And Dagger","Outmaneuver"],"picked":"SKIP","floor":18},{"not_picked":["Expertise+1","Quick Slash"],"picked":"Blade Dance","floor":21},{"not_picked":["Deflect","Sucker Punch","Footwork+1"],"picked":"SKIP","floor":23},{"not_picked":["Flying Knee","Cloak And Dagger"],"picked":"Dagger Spray","floor":24},{"not_picked":["Bouncing Flask","Slice"],"picked":"PiercingWail+1","floor":25},{"not_picked":["Underhanded Strike","Outmaneuver","Adrenaline"],"picked":"SKIP","floor":27},{"not_picked":["Caltrops+1","Escape Plan","Infinite Blades+1"],"picked":"SKIP","floor":28},{"not_picked":["Deflect","Infinite Blades+1","Setup+1"],"picked":"SKIP","floor":30},{"not_picked":["Bane","Escape Plan"],"picked":"Noxious Fumes+1","floor":32},{"not_picked":["Malaise","Phantasmal Killer"],"picked":"A Thousand Cuts+1","floor":33},{"not_picked":["Sucker Punch","Poisoned Stab+1","Flying Knee"],"picked":"SKIP","floor":35},{"not_picked":["Outmaneuver+1","PiercingWail+1","Quick Slash","Predator+1"],"picked":"SKIP","floor":38},{"not_picked":["Grand Finale","Doppelganger","Calculated Gamble"],"picked":"Footwork+1","floor":40},{"not_picked":["Dash+1","Flying Knee+1","Underhanded Strike+1"],"picked":"Noxious Fumes+1","floor":44},{"not_picked":["Leg Sweep+1","Backflip","Calculated Gamble+1"],"picked":"Dagger Spray+1","floor":46},{"not_picked":["Die Die Die+1","Dodge and Roll","Flying Knee+1"],"picked":"Blade Dance+1","floor":52},{"not_picked":["Blur+1","Leg Sweep+1","Backflip+1","Outmaneuver"],"picked":"SKIP","floor":54}],"player_experience":214716,"relics_obtained":[{"floor":11,"key":"Ornamental Fan"},{"floor":12,"key":"MawBank"},{"floor":14,"key":"Omamori"},{"floor":23,"key":"Bottled Flame"},{"floor":26,"key":"CeramicFish"},{"floor":34,"key":"Oddly Smooth Stone"},{"floor":34,"key":"Darkstone Periapt"},{"floor":34,"key":"Girya"},{"floor":40,"key":"Lantern"},{"floor":42,"key":"Shuriken"},{"floor":43,"key":"Molten Egg 2"},{"floor":44,"key":"Bag of Marbles"},{"floor":46,"key":"Ancient Tea Set"},{"floor":54,"key":"White Beast Statue"}],"event_choices":[{"damage_healed":0,"gold_gain":0,"player_choice":"Forge","damage_taken":0,"max_hp_gain":0,"max_hp_loss":0,"event_name":"Accursed Blacksmith","floor":3,"gold_loss":0,"cards_upgraded":["Sadistic Nature"]},{"damage_healed":0,"gold_gain":0,"player_choice":"Searched \u00272\u0027 times","damage_taken":0,"relics_obtained":["StrikeDummy"],"max_hp_gain":0,"max_hp_loss":0,"event_name":"Dead Adventurer","floor":13,"gold_loss":0},{"damage_healed":0,"gold_gain":0,"player_choice":"Inject Mutagens","damage_taken":0,"relics_obtained":["MutagenicStrength"],"max_hp_gain":0,"max_hp_loss":0,"event_name":"Drug Dealer","floor":20,"gold_loss":0},{"damage_healed":0,"gold_gain":100,"player_choice":"Pray","damage_taken":0,"max_hp_gain":0,"max_hp_loss":0,"event_name":"Golden Shrine","floor":22,"gold_loss":0},{"damage_healed":0,"gold_gain":0,"player_choice":"Opened","damage_taken":0,"relics_obtained":["Tiny Chest"],"max_hp_gain":0,"max_hp_loss":0,"event_name":"The Mausoleum","floor":31,"gold_loss":0,"cards_obtained":["Writhe"]},{"damage_healed":0,"gold_gain":0,"player_choice":"Ignored","damage_taken":0,"max_hp_gain":0,"max_hp_loss":0,"event_name":"SecretPortal","floor":36,"gold_loss":0},{"damage_healed":0,"gold_gain":0,"player_choice":"Got Potions","damage_taken":0,"max_hp_gain":0,"max_hp_loss":0,"event_name":"Lab","floor":39,"gold_loss":0}],"is_beta":false,"boss_relics":[{"not_picked":["Black Star","Tiny House"],"picked":"Ectoplasm"},{"not_picked":["Astrolabe","Runic Pyramid"],"picked":"Calling Bell"}],"items_purged_floors":[2,19,29,37,47,53],"is_endless":false,"potions_floor_spawned":[1,4,7,8,11,21,23,28,35,46,48],"ascension_level":10}}