{"host":"684z1xpuwaoqmmh1","time":1613063017,"event":{"mods":["A Magickal Journey","BaseMod","Downfall","Hermit","Jorbs\u0027s Wanderer Trilogy","Marisa????????","Minty Spire (QoL Compilation)","Robot Space Explorer","Shade Mod","StSLib","The Bug Knight","The Dragon Tamer","The Elementalist","The Hayseed","The Hierophant","The Marked","The Mystic","The Runesmith","The Saiyan","The Senshi","The Spell Scribe","The Vixen","TheBandit","TheFirefly"],"gold_per_floor":[118,138,148,159,174,199,199,227,250,285,285,300,27,40,40,135,135,152,162,162,178,192,218,133,133,133],"floor_reached":25,"language":"ENG","playtime":2430,"items_purged":[],"score":327,"play_id":"e1c04fab-223a-4805-8641-1961beef203e","local_time":"20210211190337","is_ascension_mode":true,"campfire_choices":[{"data":"elementalist:Solar_Form","floor":7,"key":"SMITH"},{"data":"elementalist:Lunar_Form","floor":11,"key":"SMITH"},{"data":"elementalist:Impact","floor":15,"key":"SMITH"}],"circlet_count":0,"master_deck":["elementalist:Earth_Emblem","elementalist:Strike+Elemblue","elementalist:Defend_Elemblue+1","elementalist:Defend_Elemblue","elementalist:Defend_Elemblue+1","elementalist:Defend_Elemblue","elementalist:Defend_Elemblue","elementalist:Firestrike","elementalist:Earthstrike","elementalist:Waterstrike","elementalist:Airstrike","elementalist:Crystal_Chalk","elementalist:Vaccuum","elementalist:Magma_Shot","elementalist:Fission_Lance","elementalist:Lunar_Form+1","elementalist:Prepared_Sand","elementalist:Solar_Form+1","elementalist:Geomancy","elementalist:Impact+1","elementalist:Mist","elementalist:Magma_Shot","elementalist:Aegis","elementalist:Low_Tides","elementalist:Kiln","elementalist:Stone_to_Mud+1"],"relics":["elementalistmod:MagusStaff","elementalistmod:YellowCirclet","War Paint","bronze:DecasWashers","Nunchaku","Mercury Hourglass","Busted Crown","Anchor","Molten Egg 2"],"acts_visited":["Exordium","TheCity"],"potions_floor_usage":[6,10,18,23,23],"damage_taken":[{"damage":1,"enemies":"Cultist","floor":1,"turns":5},{"damage":0,"enemies":"Small Slimes","floor":2,"turns":3},{"damage":2,"enemies":"Jaw Worm","floor":3,"turns":7},{"damage":14,"enemies":"3 Louse","floor":4,"turns":2},{"damage":0,"enemies":"Large Slime","floor":5,"turns":4},{"damage":13,"enemies":"Lagavulin","floor":6,"turns":9},{"damage":9,"enemies":"3 Sentries","floor":8,"turns":11},{"damage":8,"enemies":"Gremlin Nob","floor":10,"turns":5},{"damage":0,"enemies":"Blue Slaver","floor":12,"turns":3},{"damage":0,"enemies":"Red Slaver","floor":14,"turns":5},{"damage":0,"enemies":"Slime Boss","floor":16,"turns":12},{"damage":7,"enemies":"Spheric Guardian","floor":18,"turns":4},{"damage":3,"enemies":"Shell Parasite","floor":19,"turns":7},{"damage":5,"enemies":"Shelled Parasite and Fungi","floor":21,"turns":7},{"damage":2,"enemies":"Centurion and Healer","floor":22,"turns":6},{"damage":12,"enemies":"Book of Stabbing","floor":23,"turns":5},{"damage":62,"enemies":"Gremlin Leader","floor":25,"turns":14}],"seed_played":"4149347931498979859","potions_obtained":[{"floor":2,"key":"AttackPotion"},{"floor":4,"key":"Ancient Potion"},{"floor":8,"key":"Block Potion"},{"floor":12,"key":"AttackPotion"},{"floor":16,"key":"Slimebound:ThreeZeroPotion"},{"floor":18,"key":"Strength Potion"},{"floor":23,"key":"Strength Potion"}],"is_trial":false,"path_per_floor":["M","M","M","M","M","E","R","E","T","E","R","M","$","M","R","B",null,"M","M","?","M","M","E","?","E"],"character_chosen":"THE_ELEMENTALIST","items_purchased":["Mercury Hourglass","elementalist:Magma_Shot"],"campfire_rested":0,"item_purchase_floors":[13,13],"current_hp_per_floor":[76,76,74,60,60,47,47,38,38,30,30,30,30,30,30,30,77,70,67,67,62,60,48,48,0,0],"gold":133,"neow_bonus":"TEN_PERCENT_HP_BONUS","is_daily":false,"chose_seed":false,"campfire_upgraded":3,"win_rate":0.0,"timestamp":1613063017,"path_taken":["M","M","M","M","M","E","R","E","T","E","R","M","$","M","R","BOSS","M","M","?","M","M","E","?","E"],"items_purchased_type":["Relic","Card"],"build_version":"2020-12-22","purchased_purges":0,"victory":false,"max_hp_per_floor":[77,77,77,77,77,77,77,77,77,77,77,77,77,77,77,77,77,77,77,77,77,77,77,77,77,77],"card_choices":[{"not_picked":["elementalist:Monument","elementalist:Confluence"],"picked":"elementalist:Vaccuum","floor":1},{"not_picked":["elementalist:Caution","elementalist:Low_Tides"],"picked":"elementalist:Magma_Shot","floor":2},{"not_picked":["elementalist:Aero","elementalist:Stone_to_Mud"],"picked":"elementalist:Fission_Lance","floor":3},{"not_picked":["elementalist:Blaze","elementalist:Mage_Hand"],"picked":"elementalist:Lunar_Form","floor":4},{"not_picked":["elementalist:Overheat","elementalist:Widdershins_Conversion"],"picked":"elementalist:Prepared_Sand","floor":5},{"not_picked":["elementalist:Flame","elementalist:Cyclone"],"picked":"elementalist:Solar_Form","floor":6},{"not_picked":["elementalist:Wards","elementalist:Prepared_Sand"],"picked":"elementalist:Impact","floor":8},{"not_picked":["elementalist:Confluence","elementalist:Momentum"],"picked":"elementalist:Mist","floor":10},{"not_picked":["elementalist:Prepared_Sand","elementalist:Monument","elementalist:Cyclone"],"picked":"SKIP","floor":12},{"not_picked":["elementalist:Stone_to_Mud","elementalist:Monument"],"picked":"elementalist:Aegis","floor":14},{"not_picked":["elementalist:Quake","elementalist:Inferno"],"picked":"elementalist:Kiln","floor":16},{"not_picked":["elementalist:Overheat"],"picked":"SKIP","floor":18},{"not_picked":["elementalist:Aegis"],"picked":"SKIP","floor":19},{"not_picked":["elementalist:Monument+1"],"picked":"SKIP","floor":21},{"not_picked":["elementalist:Vaccuum"],"picked":"SKIP","floor":22},{"not_picked":[],"picked":"elementalist:Stone_to_Mud+1","floor":23}],"player_experience":3255626,"relics_obtained":[{"floor":6,"key":"War Paint"},{"floor":8,"key":"bronze:DecasWashers"},{"floor":10,"key":"Nunchaku"},{"floor":23,"key":"Anchor"}],"event_choices":[{"damage_healed":0,"gold_gain":0,"player_choice":"Obtained Relic","damage_taken":0,"relics_obtained":["Molten Egg 2"],"max_hp_gain":0,"max_hp_loss":0,"event_name":"Addict","floor":24,"gold_loss":85}],"is_beta":false,"boss_relics":[{"not_picked":["Runic Dome","Cursed Key"],"picked":"Busted Crown"}],"items_purged_floors":[],"is_endless":false,"potions_floor_spawned":[2,4,8,10,12,16,18,19,23],"killed_by":"Gremlin Leader","ascension_level":2}}