{"host":"9czo1ewqehy3yunx","time":1613052805,"event":{"mods":["Act Like it!","BaseMod","CapriCore","Colored Powertips","DeckTracker","GifTheSpireLib","GungeonMod","Hermit","Keyboard Shortcuts","Koishi","Lobotomy","Marisa£¨Ùöéë¡¡Øª×âÞÞ£©","Minty Spire (QoL Compilation)","Permanent Neow","Quick Restart","StSLib","SuperFastMode","The Bug Knight","The Cursed","The Hierophant","The Immortal","The Jungle","The Poker Player","The Runesmith"],"gold_per_floor":[10,10,21,41,52,52,69,34,60,60,80,96,111,125,125,186,186],"floor_reached":16,"language":"KOR","playtime":896,"items_purged":[],"score":148,"play_id":"68b87740-36e7-470a-81d6-0ce9ccb3cbb5","local_time":"20210211231325","is_ascension_mode":false,"campfire_choices":[{"data":"hierophant:Punish","floor":6,"key":"SMITH"},{"data":"hierophant:PristineSoul","floor":10,"key":"SMITH"},{"data":"hierophant:Glossolalia","floor":15,"key":"SMITH"}],"circlet_count":0,"master_deck":["hierophant:Strike_Hierophant","hierophant:Strike_Hierophant+1","hierophant:Strike_Hierophant","hierophant:Strike_Hierophant","hierophant:Punish+1","hierophant:Defend_Hierophant","hierophant:Defend_Hierophant","hierophant:Defend_Hierophant","hierophant:Defend_Hierophant","hierophant:ChurchCoffers","hierophant:Kindle+1","hierophant:MorningPrayer","hierophant:HammerAndAnvil","hierophant:HammerAndAnvil","hierophant:Zeal+1","hierophant:PristineSoul+1","hierophant:Glossolalia+1","hierophant:MorningPrayer","hierophant:Shelter"],"relics":["hierophant:PropheticMaskRelic","Whetstone"],"acts_visited":["Exordium"],"potions_floor_usage":[16],"damage_taken":[{"damage":18,"enemies":"Jaw Worm","floor":1,"turns":3},{"damage":5,"enemies":"Cultist","floor":3,"turns":3},{"damage":0,"enemies":"2 Louse","floor":4,"turns":1},{"damage":11,"enemies":"2 Fungi Beasts","floor":5,"turns":3},{"damage":7,"enemies":"Blue Slaver","floor":7,"turns":4},{"damage":0,"enemies":"Large Slime","floor":11,"turns":5},{"damage":0,"enemies":"3 Louse","floor":12,"turns":2},{"damage":0,"enemies":"Blue Slaver","floor":13,"turns":4},{"damage":6,"enemies":"Large Slime","floor":14,"turns":4},{"damage":57,"enemies":"The Guardian","floor":16,"turns":14}],"seed_played":"-1215815276688949174","potions_obtained":[{"floor":1,"key":"Regen Potion"},{"floor":12,"key":"DemoMod:LeadSkinPotion"},{"floor":13,"key":"SteroidPotion"},{"floor":16,"key":"Swift Potion"}],"is_trial":false,"path_per_floor":["M","?","M","M","M","R","M","?","T","R","M","M","M","M","R","B"],"character_chosen":"HIEROPHANT","items_purchased":[],"campfire_rested":0,"item_purchase_floors":[],"current_hp_per_floor":[57,57,52,52,41,41,34,52,52,52,52,52,52,46,46,4,4],"gold":186,"neow_bonus":"THREE_RARE_CARDS","is_daily":false,"chose_seed":false,"campfire_upgraded":3,"win_rate":0.0,"timestamp":1613052805,"path_taken":["M","?","M","M","M","R","M","?","T","R","M","M","M","M","R","BOSS"],"items_purchased_type":[],"build_version":"2020-12-22","purchased_purges":0,"victory":false,"max_hp_per_floor":[75,75,75,75,75,75,75,75,75,75,75,75,75,75,75,75,75],"card_choices":[{"not_picked":["hierophant:LocustPlague","hierophant:Invocation"],"picked":"hierophant:Kindle","floor":0},{"not_picked":["hierophant:SealAway","hierophant:OrnateBuckler"],"picked":"hierophant:MorningPrayer","floor":1},{"not_picked":["hierophant:RustyCrate","hierophant:ConvertCurrency"],"picked":"hierophant:HammerAndAnvil","floor":3},{"not_picked":["hierophant:CursedGold","hierophant:Embezzle"],"picked":"hierophant:HammerAndAnvil","floor":4},{"not_picked":["hierophant:ThreeLashes","hierophant:Doubloon"],"picked":"hierophant:Zeal","floor":5},{"not_picked":["hierophant:Chorus","hierophant:Martyrdom"],"picked":"hierophant:PristineSoul","floor":7},{"not_picked":["hierophant:FlamingChariot","hierophant:HammerAndAnvil"],"picked":"hierophant:Glossolalia","floor":11},{"not_picked":["hierophant:SealAway","hierophant:SecretStash"],"picked":"hierophant:MorningPrayer","floor":12},{"not_picked":["hierophant:Alms","hierophant:Embezzle"],"picked":"hierophant:Shelter","floor":13},{"not_picked":["hierophant:AuricBeam","hierophant:RecallFunds","hierophant:Cornucopia"],"picked":"SKIP","floor":14}],"player_experience":274453,"relics_obtained":[{"floor":9,"key":"Whetstone"}],"event_choices":[{"damage_healed":0,"gold_gain":0,"player_choice":"Grow","damage_taken":0,"max_hp_gain":0,"max_hp_loss":0,"event_name":"Living Wall","floor":2,"gold_loss":0,"cards_upgraded":["hierophant:Kindle"]},{"damage_healed":18,"gold_gain":0,"player_choice":"Healed","damage_taken":0,"max_hp_gain":0,"max_hp_loss":0,"event_name":"The Cleric","floor":8,"gold_loss":35}],"is_beta":false,"boss_relics":[],"items_purged_floors":[],"is_endless":false,"potions_floor_spawned":[1,12,13,16],"killed_by":"The Guardian","ascension_level":0}}