{"host":"3a1ypf1irl30q4k8","time":1613036661,"event":{"mods":["AchievementEnabler","BaseMod","Bestiary","Colored Map","Minty Spire (QoL Compilation)","Relic Stats","ojb\u0027s Info Mod"],"gold_per_floor":[116,136,155,155,155,155,169,199,199,210,210,210,227,60,60,157,157,177,177,188,188,198,198,228,228,228,243,253,48,61,78,78,174,174,185,201,201,201,213,244,254,280,303,303,68,68,68,86,86,86,86,86,49,82,82,82],"floor_reached":55,"language":"ENG","playtime":3784,"items_purged":["Strike_G","Normality"],"score":956,"play_id":"086ea463-85db-42e8-9bf4-7f4fc30ef054","local_time":"20210211094421","is_ascension_mode":true,"campfire_choices":[{"data":"Predator","floor":6.0,"key":"SMITH"},{"data":"Backstab","floor":11.0,"key":"SMITH"},{"data":"Blade Dance","floor":15.0,"key":"SMITH"},{"data":"Backflip","floor":23.0,"key":"SMITH"},{"data":"A Thousand Cuts","floor":25.0,"key":"SMITH"},{"floor":32,"key":"REST"},{"floor":47,"key":"REST"},{"floor":49,"key":"RECALL"},{"data":"Blur","floor":52,"key":"SMITH"}],"circlet_count":0,"master_deck":["Strike_G","Strike_G","Strike_G","Strike_G","Defend_G","Defend_G","Defend_G","Defend_G","Defend_G","Survivor","Neutralize","Predator+1","Backstab+1","Backflip+1","Sucker Punch","Deflect","Dagger Throw","Blade Dance+1","Discovery","Leg Sweep+1","A Thousand Cuts+1","Flechettes+1","Backstab","Heel Hook+1","Escape Plan","Dagger Spray+1","Crippling Poison+1","Blade Dance","Blur+1","Deflect","Outmaneuver+1","Adrenaline","PiercingWail+1","Choke+1","Dark Shackles","PanicButton","Bandage Up","Endless Agony+1","Backstab+1","Storm of Steel","Terror+1","Well Laid Plans+1","Catalyst"],"relics":["Ring of the Snake","Dead Branch","Ornamental Fan","Cursed Key","Frozen Egg 2","CaptainsWheel","Molten Egg 2","Sozu","TungstenRod","Ninja Scroll","Eternal Feather"],"acts_visited":["Exordium","TheCity","TheBeyond","TheEnding"],"potions_floor_usage":[33,33],"damage_taken":[{"damage":4.0,"enemies":"Small Slimes","floor":1.0,"turns":4.0},{"damage":0.0,"enemies":"2 Louse","floor":2.0,"turns":2.0},{"damage":0.0,"enemies":"Cultist","floor":3.0,"turns":2.0},{"damage":4.0,"enemies":"Blue Slaver","floor":7.0,"turns":4.0},{"damage":22.0,"enemies":"Gremlin Nob","floor":8.0,"turns":5.0},{"damage":5.0,"enemies":"Large Slime","floor":10.0,"turns":8.0},{"damage":2.0,"enemies":"Red Slaver","floor":13.0,"turns":2.0},{"damage":1.0,"enemies":"Hexaghost","floor":16.0,"turns":8.0},{"damage":12.0,"enemies":"Spheric Guardian","floor":18.0,"turns":4.0},{"damage":0.0,"enemies":"3 Byrds","floor":20.0,"turns":4.0},{"damage":2.0,"enemies":"Centurion and Healer","floor":22.0,"turns":4.0},{"damage":6.0,"enemies":"Slavers","floor":24.0,"turns":6.0},{"damage":3.0,"enemies":"Shelled Parasite and Fungi","floor":27.0,"turns":4.0},{"damage":0.0,"enemies":"Snake Plant","floor":28.0,"turns":2.0},{"damage":0,"enemies":"Chosen and Byrds","floor":30,"turns":3},{"damage":0,"enemies":"Snecko","floor":31,"turns":4},{"damage":75,"enemies":"Automaton","floor":33,"turns":12},{"damage":0,"enemies":"Orb Walker","floor":35,"turns":3},{"damage":0,"enemies":"3 Shapes","floor":36,"turns":3},{"damage":1,"enemies":"Jaw Worm Horde","floor":39,"turns":4},{"damage":45,"enemies":"Nemesis","floor":40,"turns":7},{"damage":7,"enemies":"3 Darklings","floor":41,"turns":3},{"damage":0,"enemies":"Reptomancer","floor":42,"turns":4},{"damage":0,"enemies":"Maw","floor":48,"turns":5},{"damage":51,"enemies":"Awakened One","floor":50,"turns":14},{"damage":0,"enemies":"Shield and Spear","floor":54,"turns":1},{"damage":82,"enemies":"The Heart","floor":55,"turns":6}],"seed_played":"-3595575653529703114","potions_obtained":[{"floor":1.0,"key":"Energy Potion"},{"floor":10.0,"key":"EssenceOfSteel"},{"floor":13.0,"key":"DuplicationPotion"},{"floor":16.0,"key":"Poison Potion"},{"floor":22.0,"key":"DuplicationPotion"},{"floor":27.0,"key":"FairyPotion"},{"floor":31,"key":"FearPotion"}],"is_trial":false,"path_per_floor":["M","M","M","?","?","R","M","E","T","M","R","?","M","$","R","B",null,"M","?","M","?","M","R","E","R","T","M","M","$","M","M","R","B",null,"M","M","?","?","M","E","M","E","T","?","$","?","R","M","R","B",null,"R","$","E","B"],"character_chosen":"THE_SILENT","items_purchased":["Discovery","Leg Sweep","Blade Dance","Blur","Storm of Steel","Well Laid Plans+1"],"campfire_rested":2,"item_purchase_floors":[14,14,29,29,45,53],"current_hp_per_floor":[73,73,73,73,73,73,69,47,47,42,42,42,40,40,40,39,77,65,51,51,51,49,49,43,43,43,40,40,40,40,40,64,24,82,82,82,72,72,71,30,23,27,27,27,27,27,50,54,54,7,78,78,78,78,0,0],"gold":82,"neow_bonus":"TEN_PERCENT_HP_BONUS","is_daily":false,"chose_seed":false,"campfire_upgraded":6,"win_rate":0.0,"timestamp":1613036661,"path_taken":["M","M","M","?","?","R","M","E","T","M","R","?","M","$","R","BOSS","M","?","M","?","M","R","E","R","T","M","M","$","M","M","R","BOSS","M","M","?","?","?","E","M","E","T","?","$","?","R","M","R","BOSS","R","$","E","BOSS"],"items_purchased_type":["Card","Card","Card","Card","Card","Card"],"build_version":"2020-12-22","purchased_purges":2,"victory":false,"max_hp_per_floor":[77,77,77,77,77,77,77,77,77,77,77,77,77,77,77,77,77,77,82,82,82,82,82,82,82,82,82,82,82,82,82,82,82,82,82,82,82,82,82,82,82,82,82,78,78,78,78,78,78,78,78,78,78,78,78,78],"relic_stats":{"Sozu":3,"counters":[27,128],"Ornamental Fan":[444],"Dead Branch":[304],"Eternal Feather":0,"Cursed Key":2,"obtain_stats":[{"Sozu":34,"CaptainsWheel":24,"Ornamental Fan":9,"Ninja Scroll":42,"Dead Branch":8,"Molten Egg 2":26,"Eternal Feather":54,"Frozen Egg 2":21,"Cursed Key":17,"TungstenRod":40,"Ring of the Snake":0},{"Sozu":17,"CaptainsWheel":12,"Ornamental Fan":5,"Ninja Scroll":23,"Dead Branch":5,"Molten Egg 2":12,"Eternal Feather":26,"Frozen Egg 2":10,"Cursed Key":8,"TungstenRod":21,"Ring of the Snake":0},{"Sozu":78,"CaptainsWheel":53,"Ornamental Fan":17,"Ninja Scroll":102,"Dead Branch":17,"Molten Egg 2":53,"Eternal Feather":122,"Frozen Egg 2":43,"Cursed Key":35,"TungstenRod":95,"Ring of the Snake":0}],"TungstenRod":23,"Ring of the Snake":[53]},"card_choices":[{"not_picked":["Dodge and Roll","Slice"],"picked":"Predator","floor":1.0},{"not_picked":["Poisoned Stab","Terror"],"picked":"Backstab","floor":2.0},{"not_picked":["Slice","Bouncing Flask"],"picked":"Backflip","floor":3.0},{"not_picked":["Noxious Fumes","Prepared"],"picked":"Sucker Punch","floor":7.0},{"not_picked":["Acrobatics","Underhanded Strike"],"picked":"Deflect","floor":8.0},{"not_picked":["Quick Slash","Slice"],"picked":"Dagger Throw","floor":10.0},{"not_picked":["Skewer","Dagger Spray"],"picked":"Blade Dance","floor":13.0},{"not_picked":["Glass Knife","Envenom"],"picked":"A Thousand Cuts","floor":16.0},{"not_picked":["Caltrops","Sucker Punch"],"picked":"Flechettes+1","floor":18.0},{"not_picked":["Setup+1","Outmaneuver"],"picked":"Backstab","floor":20.0},{"not_picked":["Cloak And Dagger","Endless Agony"],"picked":"Heel Hook+1","floor":22.0},{"not_picked":["Backflip","Bane+1"],"picked":"Escape Plan","floor":24.0},{"not_picked":["PiercingWail","Expertise"],"picked":"Dagger Spray+1","floor":27.0},{"not_picked":["Choke+1","Acrobatics+1"],"picked":"Crippling Poison+1","floor":28.0},{"not_picked":["Dagger Spray+1","Dodge and Roll"],"picked":"Deflect","floor":30},{"not_picked":["Tools of the Trade+1","Dagger Throw+1"],"picked":"Outmaneuver+1","floor":31},{"not_picked":["Malaise","Tools of the Trade+1"],"picked":"Adrenaline","floor":33},{"not_picked":["Dodge and Roll+1","Dagger Throw+1"],"picked":"PiercingWail+1","floor":35},{"not_picked":["Sucker Punch+1","Flying Knee+1"],"picked":"Choke+1","floor":36},{"not_picked":["Impatience","Flash of Steel+1"],"picked":"Dark Shackles","floor":37},{"not_picked":["Discovery","HandOfGreed+1"],"picked":"PanicButton","floor":37},{"not_picked":["Thinking Ahead","Deep Breath"],"picked":"Bandage Up","floor":37},{"not_picked":["Backflip","Dodge and Roll+1"],"picked":"Endless Agony+1","floor":39},{"not_picked":["Masterful Stab+1","Predator+1","Prepared"],"picked":"SKIP","floor":40},{"not_picked":["Sucker Punch+1","Underhanded Strike+1","Backflip"],"picked":"SKIP","floor":41},{"not_picked":["Dodge and Roll","Backflip"],"picked":"Backstab+1","floor":42},{"not_picked":["Underhanded Strike+1","Quick Slash+1"],"picked":"Terror+1","floor":48},{"not_picked":["Noxious Fumes+1","All Out Attack+1"],"picked":"Catalyst","floor":54}],"player_experience":1385278,"relics_obtained":[{"floor":8.0,"key":"Dead Branch"},{"floor":9.0,"key":"Ornamental Fan"},{"floor":24.0,"key":"CaptainsWheel"},{"floor":26.0,"key":"Molten Egg 2"},{"floor":40,"key":"TungstenRod"},{"floor":42,"key":"Ninja Scroll"},{"floor":54,"key":"Eternal Feather"}],"event_choices":[{"damage_healed":0.0,"max_hp_gain":0.0,"max_hp_loss":0.0,"gold_gain":0.0,"event_name":"Liars Game","player_choice":"Ignored","floor":4.0,"gold_loss":0.0,"damage_taken":0.0},{"damage_healed":0.0,"max_hp_gain":0.0,"max_hp_loss":0.0,"gold_gain":0.0,"event_name":"The Cleric","player_choice":"Leave","floor":5.0,"gold_loss":0.0,"damage_taken":0.0},{"damage_healed":0.0,"max_hp_gain":0.0,"max_hp_loss":0.0,"gold_gain":0.0,"event_name":"Shining Light","player_choice":"Ignored","floor":12.0,"gold_loss":0.0,"damage_taken":0.0},{"damage_healed":0.0,"max_hp_gain":5.0,"max_hp_loss":0.0,"gold_gain":0.0,"event_name":"Forgotten Altar","player_choice":"Shed Blood","floor":19.0,"gold_loss":0.0,"damage_taken":19.0},{"damage_healed":0.0,"max_hp_gain":0.0,"max_hp_loss":0.0,"gold_gain":0.0,"event_name":"The Mausoleum","player_choice":"Opened","floor":21.0,"gold_loss":0.0,"damage_taken":0.0,"relics_obtained":["Frozen Egg 2"]},{"damage_healed":0,"gold_gain":0,"player_choice":"Memory 3","damage_taken":10,"max_hp_gain":0,"max_hp_loss":0,"event_name":"SensoryStone","floor":37,"gold_loss":0},{"damage_healed":0,"gold_gain":0,"player_choice":"Upgraded","damage_taken":0,"max_hp_gain":0,"max_hp_loss":0,"event_name":"Upgrade Shrine","floor":38,"gold_loss":0,"cards_upgraded":["Leg Sweep"]},{"damage_healed":0,"gold_gain":0,"player_choice":"Max HP","damage_taken":0,"max_hp_gain":0,"max_hp_loss":4,"event_name":"Winding Halls","floor":44,"gold_loss":0},{"cards_removed":["Decay"],"damage_healed":0,"gold_gain":0,"player_choice":"Purged","damage_taken":0,"max_hp_gain":0,"max_hp_loss":0,"event_name":"Purifier","floor":46,"gold_loss":0}],"is_beta":false,"boss_relics":[{"not_picked":["Velvet Choker","HoveringKite"],"picked":"Cursed Key"},{"not_picked":["SacredBark","Philosopher\u0027s Stone"],"picked":"Sozu"}],"items_purged_floors":[29,45],"is_endless":false,"potions_floor_spawned":[1,10,13,16,22,27,31,39,40,48],"killed_by":"The Heart","ascension_level":4}}