{"host":"0uumfqrc8aynrssa","time":1613085418,"event":{"mods":["AchievementEnabler","Act Like it!","Aspiration","Astrologer","BaseMod","Better Altar","Better Match","Better Note","Better Sensory Stone","Better Skull","Better Third Choice","Better Vampires","CapriCore","Colored Map","Colored Powertips","Conspire","Downfall","Energized Spire","Friendly Minions","Gensokyo","GifTheSpireLib","Hallownest","Hermit","Highlight Path","Hubris","Infinite Spire","Koishi","Marisa????????","Marked Mod","Minty Spire (QoL Compilation)","Pale of the Ancients","Permanent Neow","Potionbrewer","Random Character Button","Rare Cards Sparkle","Reimu??????","Relic Sorter","Reliquary","Remilia??????","Robot Space Explorer","Shop Mod","Somnambulant","Spicy Shops","Spikes Relics","Spire Arcade","StSLib","Stuff the Spire","The Animator","The Awakened One except there are too many feathers","The Bug Knight","The Cursed","The Hierophant","The Immortal","The Marked","The Problem Sleuth","The Runesmith","The Servant 0.9.4","TheBandit","TheFirefly","Trackpad","Wandering Minibosses","everything is the same but u backflip on backflip","slay the spire mod where everything is the same but ironclad has a cowboy hat"],"gold_per_floor":[119,135,148,5,5,32,32,32,32,32,42,55,66,66,66,168,168,178,178,57,57,77,77,89,89,89,107,32,52,52,52,52,147,147,163,63,63,81,100,100,100,100,100,100,111,111,111,144,144,144,163,180,180,55,55,73,73,73,73,73],"floor_reached":61,"language":"ENG","playtime":3502,"items_purged":["Pain","Strike_B","Dualcast","Loop"],"score":1426,"play_id":"9fe559e7-fb92-4af1-bae7-b7545a83c89d","local_time":"20210211181658","is_ascension_mode":false,"campfire_choices":[{"floor":8,"key":"REST"},{"data":"Zap","floor":10,"key":"SMITH"},{"floor":15,"key":"REST"},{"data":"StuffTheSpire:Rend","floor":23,"key":"SMITH"},{"floor":25,"key":"REST"},{"floor":30,"key":"REST"},{"floor":32,"key":"REST"},{"data":"Gensokyo:ManorOfTheDishes","floor":40,"key":"SMITH"},{"data":"Coolheaded","floor":44,"key":"SMITH"},{"data":"Defend_B","floor":46,"key":"SMITH"},{"data":"Defend_B","floor":49,"key":"SMITH"},{"data":"Seek","floor":55,"key":"SMITH"},{"data":"Coolheaded","floor":57,"key":"SMITH"}],"circlet_count":0,"master_deck":["Defend_B+1","Defend_B+1","Defend_B","Defend_B","Zap+1","Gash","Rebound","Gash","Gensokyo:SummonPsychicCat","Machine Learning","Coolheaded+1","Machine Learning","StuffTheSpire:Rend+1","Machine Learning","Gensokyo:ManorOfTheDishes+1","Gash","Gash","Gash","Conserve Battery+1","infinitespire:Starlight","Seek+1","Rebound+1","Reprogram+1","Coolheaded+1"],"relics":["energizedSpire:OldTV","Gensokyo:LunaticRedEyes","infinitespire:Joker Card","StuffTheSpire:ColdMirror","Gensokyo:Companionship","Gensokyo:CelestialsFlawlessClothing","conspire:RunicOctahedron","infinitespire:PuzzleCube","wanderingMiniBosses:OtherGremlinHorn","aspiration:MobileForge","reliquary:TatteredRug","trackpad:StolenKidneys","hubris:Towel","Torii","potionbrewer:ToyAutogyro","Pantograph","paleoftheancients:Timepiece","Bronze Scales","CultistMask","paleoftheancients:SoulOfTheWatcher"],"acts_visited":["Gensokyo:Gensokyo","Gensokyo:Gensokyoer","Hallownest:KingdomsEdge","paleoftheancients:PaleOfTheAncients"],"potions_floor_usage":[13,51,60,60],"damage_taken":[{"damage":0,"enemies":"Gensokyo:3_Fairies","floor":1,"turns":4},{"damage":6,"enemies":"Gensokyo:2_Kodama","floor":2,"turns":4},{"damage":1,"enemies":"Gensokyo:Python","floor":3,"turns":3},{"damage":41,"enemies":"Gensokyo:Cirno","floor":6,"turns":7},{"damage":3,"enemies":"Gensokyo:3_Kodama","floor":11,"turns":4},{"damage":8,"enemies":"Gensokyo:2_Rabbits","floor":12,"turns":4},{"damage":6,"enemies":"Gensokyo:Python_and_Kodama","floor":13,"turns":4},{"damage":30,"enemies":"Gensokyo:Kokoro","floor":16,"turns":9},{"damage":50,"enemies":"Gensokyo:AngelMirror","floor":18,"turns":4},{"damage":0,"enemies":"Gensokyo:2_Gloops","floor":22,"turns":4},{"damage":26,"enemies":"Gensokyo:Slime_Group","floor":24,"turns":4},{"damage":6,"enemies":"Gensokyo:Wraith","floor":27,"turns":5},{"damage":2,"enemies":"Gensokyo:Chomper_and_Gloop","floor":29,"turns":4},{"damage":22,"enemies":"Gensokyo:Eternal_Rivals","floor":33,"turns":5},{"damage":0,"enemies":"Hallownest:2_Littles","floor":35,"turns":3},{"damage":0,"enemies":"Hallownest:3_Siblings","floor":38,"turns":3},{"damage":0,"enemies":"Hallownest:monsterPrimalAspid","floor":39,"turns":2},{"damage":0,"enemies":"Hallownest:2_Great","floor":45,"turns":3},{"damage":0,"enemies":"Hallownest:StalkingDevout","floor":48,"turns":2},{"damage":0,"enemies":"Hallownest:BossHollowKnight","floor":50,"turns":3},{"damage":0,"enemies":"Hallownest:BossHollowKnight","floor":51,"turns":3},{"damage":0,"enemies":"Hallownest:BossHollowKnight","floor":52,"turns":3},{"damage":0,"enemies":"Hallownest:BossHollowKnight","floor":56,"turns":2},{"damage":0,"enemies":"paleoftheancients:N","floor":60,"turns":4}],"seed_played":"9070364010292711586","potions_obtained":[{"floor":1,"key":"Dexterity Potion"},{"floor":2,"key":"EssenceOfSteel"},{"floor":6,"key":"SkillPotion"},{"floor":27,"key":"potionbrewer:CleansingPotion"},{"floor":45,"key":"MagicPotion:ReiMu"},{"floor":51,"key":"Swift Potion"}],"is_trial":false,"path_per_floor":["M","M","M","COS","?","E","?","R","T","R","M","M","M","?","R","B",null,"M","?","$","?","M","R","M","R","T","M","?","M","R","AVR","R","B",null,"M","$","$","M","M","R","?","$","T","R","M","R","T","E","R","B","M","M","?","$","R","M","R","$","?","B",null],"character_chosen":"DEFECT","items_purchased":["Gash"],"campfire_rested":5,"item_purchase_floors":[20],"current_hp_per_floor":[75,69,68,68,68,27,27,49,49,49,46,38,32,14,36,6,75,25,25,25,32,32,32,6,26,26,20,20,18,38,38,58,46,68,68,68,68,68,68,68,68,68,68,68,68,68,68,68,68,68,68,68,68,68,68,68,68,68,68,68],"gold":73,"neow_bonus":"BOSS_RELIC","is_daily":false,"chose_seed":false,"campfire_upgraded":8,"win_rate":0.0,"timestamp":1613085418,"path_taken":["M","M","M","COS","?","E","?","R","T","R","M","M","M","?","R","BOSS","M","?","$","?","M","R","?","R","T","M","?","M","R","AVR","R","BOSS","M","?","$","M","M","R","?","$","T","R","M","R","?","E","R","BOSS","M","M","?","$","R","M","R","$","?","BOSS"],"items_purchased_type":["Card"],"build_version":"2020-12-22","purchased_purges":4,"victory":true,"max_hp_per_floor":[75,75,75,75,75,75,75,75,75,75,75,75,75,75,75,75,75,75,68,68,68,68,68,68,68,68,68,68,68,68,68,68,68,68,68,68,68,68,68,68,68,68,68,68,68,68,68,68,68,68,68,68,68,68,68,68,68,68,68,68],"card_choices":[{"not_picked":["conspire:Rain","StuffTheSpire:LoadUp"],"picked":"Loop","floor":1},{"not_picked":["StuffTheSpire:Plugnplay","Rebound"],"picked":"Gash","floor":2},{"not_picked":["Ball Lightning","Chaos"],"picked":"Rebound","floor":3},{"not_picked":["Coolheaded","Recycle"],"picked":"Gash","floor":6},{"not_picked":["Hyperbeam","Biased Cognition"],"picked":"Machine Learning","floor":11},{"not_picked":["Compile Driver","Sweeping Beam"],"picked":"Coolheaded","floor":11},{"not_picked":["Coolheaded","Leap"],"picked":"Machine Learning","floor":12},{"not_picked":["Loop","Stack"],"picked":"StuffTheSpire:Rend","floor":13},{"not_picked":["Reboot","hubris:SpecializedCircuitry"],"picked":"Machine Learning","floor":16},{"not_picked":["Barrage","Ball Lightning","Consume"],"picked":"SKIP","floor":18},{"not_picked":["Gensokyo:MonkeysPaw","Gensokyo:HAARP"],"picked":"Gensokyo:ManorOfTheDishes","floor":19},{"not_picked":["Coolheaded","Redo"],"picked":"Gash","floor":22},{"not_picked":["Streamline","Rebound+1"],"picked":"Gash","floor":24},{"not_picked":["Steam","hubris:PowerSurge+1","Stack"],"picked":"SKIP","floor":27},{"not_picked":["Storm","Barrage+1"],"picked":"Conserve Battery+1","floor":29},{"not_picked":["hubris:DoWhile","Electrodynamics"],"picked":"Seek","floor":33},{"not_picked":["Rip and Tear+1","Beam Cell"],"picked":"Rebound+1","floor":35},{"not_picked":["Double Energy","Reinforced Body","Beam Cell+1"],"picked":"SKIP","floor":38},{"not_picked":["FTL","Consume","hubris:Ukulele"],"picked":"SKIP","floor":39},{"not_picked":["Chaos","Self Repair+1","StuffTheSpire:LoadUp+1"],"picked":"SKIP","floor":45},{"not_picked":["DiskWipe","Heatsinks"],"picked":"Reprogram+1","floor":48},{"not_picked":["Streamline+1","Barrage","StuffTheSpire:Plugnplay+1"],"picked":"SKIP","floor":51},{"not_picked":["Double Energy+1","Ball Lightning","Cold Snap+1"],"picked":"SKIP","floor":52},{"not_picked":["Electrodynamics","StuffTheSpire:Plugnplay+1"],"picked":"Coolheaded","floor":56}],"player_experience":987230,"relics_obtained":[{"floor":6,"key":"infinitespire:Joker Card"},{"floor":9,"key":"StuffTheSpire:ColdMirror"},{"floor":26,"key":"infinitespire:PuzzleCube"},{"floor":27,"key":"wanderingMiniBosses:OtherGremlinHorn"},{"floor":43,"key":"Torii"},{"floor":47,"key":"potionbrewer:ToyAutogyro"},{"floor":48,"key":"Pantograph"},{"floor":51,"key":"paleoftheancients:SoulOfTheWatcher"}],"event_choices":[{"damage_healed":0,"gold_gain":0,"player_choice":"2","damage_taken":0,"max_hp_gain":0,"max_hp_loss":0,"event_name":"betterMatch:BetterMatch","floor":28,"gold_loss":0,"cards_obtained":[]}],"is_beta":false,"boss_relics":[{"not_picked":["aspiration:RunesmithSkillbook","energizedSpire:SpiderWeb"],"picked":"conspire:RunicOctahedron"},{"not_picked":["energizedSpire:HugeHouse","Sandwich"],"picked":"trackpad:StolenKidneys"}],"items_purged_floors":[20,31,36,54],"is_endless":false,"potions_floor_spawned":[1,2,6,27,33,39,45,51,56],"ascension_level":0}}