{"host":"8eqe2o2g03nh9rfw","time":1613078483,"event":{"mods":["AchievementEnabler","AlwaysNeverKeys","BaseMod","Better Third Choice","Block Reminder","Colored Map","Colored Powertips","GifTheSpireLib","Minty Spire (QoL Compilation)","Permanent Neow","Quick Restart","StSLib","Weighted Paths"],"gold_per_floor":[118,135,10,0,0,0,31,45,72,88,88,117,117,136,136,260,260,276,201,201,36,36,79,79,100,100,112,138,171,3,43,43,171,171,189,252,252,252,252,287,312,312,312,312,348,348,348,366,366,366,366],"floor_reached":50,"language":"ENG","playtime":1975,"items_purged":[],"score":619,"play_id":"4f770d48-bad1-4cd4-a14a-929e4762807f","local_time":"20210211162123","is_ascension_mode":false,"campfire_choices":[{"data":"Glass Knife","floor":6,"key":"SMITH"},{"floor":15,"key":"REST"},{"floor":24,"key":"REST"},{"floor":27,"key":"REST"},{"floor":32,"key":"REST"},{"floor":42,"key":"REST"},{"floor":44,"key":"REST"},{"floor":47,"key":"REST"},{"floor":49,"key":"REST"}],"circlet_count":0,"master_deck":["Strike_G","Strike_G","Strike_G","Strike_G","Strike_G","Defend_G","Defend_G","Defend_G","Defend_G","Survivor","Neutralize","Glass Knife+1","All Out Attack","Slice","Dramatic Entrance","Enlightenment","Blade Dance","Backstab","Flying Knee","Dagger Spray+1","Choke+1","Corpse Explosion","Accuracy","Predator+1","Mind Blast+1","Caltrops","Noxious Fumes","Ghostly","Ghostly","Ghostly","Ghostly","Ghostly","Prepared","Deflect","Eviscerate+1","Cloak And Dagger+1","Flash of Steel+1","Heel Hook+1","Tactician","Burst","Dodge and Roll+1","Accuracy","Backflip","Dagger Spray+1","Infinite Blades+1","Choke+1"],"relics":["Ring of the Snake","Happy Flower","Bronze Scales","Molten Egg 2","The Courier","Golden Idol","Fusion Hammer","Tiny Chest","MawBank","Shuriken","Black Star","Gambling Chip","Darkstone Periapt","Frozen Egg 2","Pen Nib","Sundial","Gremlin Horn","Calipers"],"acts_visited":["Exordium","TheCity","TheBeyond"],"potions_floor_usage":[23,23,33,35,40,45,45],"damage_taken":[{"damage":0,"enemies":"Cultist","floor":1,"turns":3},{"damage":0,"enemies":"2 Louse","floor":2,"turns":2},{"damage":28,"enemies":"Lagavulin","floor":7,"turns":6},{"damage":0,"enemies":"Jaw Worm","floor":8,"turns":1},{"damage":0,"enemies":"Blue Slaver","floor":10,"turns":2},{"damage":17,"enemies":"3 Sentries","floor":12,"turns":4},{"damage":0,"enemies":"2 Fungi Beasts","floor":14,"turns":1},{"damage":7,"enemies":"Slime Boss","floor":16,"turns":7},{"damage":0,"enemies":"3 Byrds","floor":18,"turns":2},{"damage":2,"enemies":"Book of Stabbing","floor":23,"turns":4},{"damage":20,"enemies":"2 Thieves","floor":25,"turns":2},{"damage":3,"enemies":"Centurion and Healer","floor":28,"turns":3},{"damage":0,"enemies":"Snecko","floor":29,"turns":3},{"damage":3,"enemies":"Gremlin Leader","floor":31,"turns":3},{"damage":15,"enemies":"Champ","floor":33,"turns":9},{"damage":13,"enemies":"3 Shapes","floor":35,"turns":2},{"damage":9,"enemies":"Mind Bloom Boss Battle","floor":36,"turns":4},{"damage":11,"enemies":"Nemesis","floor":40,"turns":5},{"damage":0,"enemies":"Orb Walker","floor":41,"turns":2},{"damage":59,"enemies":"Giant Head","floor":45,"turns":9},{"damage":2,"enemies":"Transient","floor":48,"turns":5},{"damage":43,"enemies":"Time Eater","floor":50,"turns":4}],"seed_played":"6598702982334681650","potions_obtained":[{"floor":1,"key":"SpeedPotion"},{"floor":8,"key":"Dexterity Potion"},{"floor":14,"key":"Swift Potion"},{"floor":25,"key":"Dexterity Potion"},{"floor":31,"key":"FairyPotion"},{"floor":33,"key":"Explosive Potion"},{"floor":35,"key":"Block Potion"},{"floor":41,"key":"Energy Potion"}],"is_trial":false,"path_per_floor":["M","M","$","?","?","R","E","M","T","M","T","E","?","M","R","B",null,"M","?","?","$","?","E","R","M","T","R","M","M","$","E","R","B",null,"M","?","?","T","?","E","M","R","T","R","E","?","R","M","R","B"],"character_chosen":"THE_SILENT","items_purchased":["Dramatic Entrance","Well Laid Plans","Mind Blast+1","Caltrops","Noxious Fumes","Flash of Steel+1","Heel Hook+1","Panacea"],"campfire_rested":8,"item_purchase_floors":[3,3,21,21,21,30,30,30],"current_hp_per_floor":[70,70,70,76,76,76,48,48,48,48,48,31,31,31,53,46,76,76,76,76,76,38,36,38,18,18,29,26,26,26,23,34,19,38,25,16,38,38,38,27,27,38,38,38,11,11,22,20,31,0,0],"gold":366,"neow_bonus":"TRANSFORM_CARD","is_daily":false,"chose_seed":false,"campfire_upgraded":1,"win_rate":0.0,"timestamp":1613078483,"path_taken":["M","M","$","?","?","R","E","M","T","?","?","E","?","M","R","BOSS","M","?","?","$","?","E","R","?","T","R","M","M","$","E","R","BOSS","M","?","?","?","?","E","M","R","T","R","E","?","R","?","R","BOSS"],"items_purchased_type":["Card","Card","Card","Card","Card","Card","Card","Card"],"build_version":"2020-12-22","purchased_purges":0,"victory":false,"max_hp_per_floor":[70,70,70,76,76,76,76,76,76,76,76,76,76,76,76,76,76,76,76,76,76,38,38,38,38,38,38,38,38,38,38,38,38,38,38,38,38,38,38,38,38,38,38,38,38,38,38,38,38,38,38],"card_choices":[{"not_picked":["Accuracy","PiercingWail"],"picked":"All Out Attack","floor":1},{"not_picked":["Flying Knee","Reflex"],"picked":"Slice","floor":2},{"not_picked":["Expertise","Dodge and Roll"],"picked":"Blade Dance","floor":7},{"not_picked":["Escape Plan","Backflip"],"picked":"Backstab","floor":8},{"not_picked":["Storm of Steel","Deflect"],"picked":"Flying Knee","floor":10},{"not_picked":["Unload+1","Cloak And Dagger"],"picked":"Dagger Spray+1","floor":12},{"not_picked":["Masterful Stab+1","Tactician"],"picked":"Choke+1","floor":14},{"not_picked":["Wraith Form v2","Unload+1"],"picked":"Corpse Explosion","floor":16},{"not_picked":["PiercingWail","Slice+1"],"picked":"Accuracy","floor":18},{"not_picked":["Accuracy","Finisher+1"],"picked":"Prepared","floor":23},{"not_picked":["Bane+1","Acrobatics"],"picked":"Deflect","floor":25},{"not_picked":["PiercingWail","Deadly Poison"],"picked":"Eviscerate+1","floor":28},{"not_picked":["Malaise","Underhanded Strike+1"],"picked":"Cloak And Dagger+1","floor":29},{"not_picked":["Backflip","Caltrops"],"picked":"Tactician","floor":31},{"not_picked":["Venomology","Glass Knife+1"],"picked":"Burst","floor":33},{"not_picked":["Slice+1","Noxious Fumes"],"picked":"Dodge and Roll+1","floor":35},{"not_picked":["Cloak And Dagger+1","Acrobatics"],"picked":"Accuracy","floor":36},{"not_picked":["Poisoned Stab+1","Calculated Gamble"],"picked":"Backflip","floor":40},{"not_picked":["Footwork+1","Backflip"],"picked":"Dagger Spray+1","floor":41},{"not_picked":["Blade Dance","Dagger Throw+1"],"picked":"Infinite Blades+1","floor":45},{"not_picked":["Sucker Punch+1","Blur"],"picked":"Choke+1","floor":48}],"player_experience":108633,"relics_obtained":[{"floor":7,"key":"Happy Flower"},{"floor":9,"key":"Bronze Scales"},{"floor":11,"key":"Molten Egg 2"},{"floor":12,"key":"The Courier"},{"floor":23,"key":"Tiny Chest"},{"floor":26,"key":"MawBank"},{"floor":31,"key":"Shuriken"},{"floor":36,"key":"Gambling Chip"},{"floor":38,"key":"Darkstone Periapt"},{"floor":40,"key":"Frozen Egg 2"},{"floor":40,"key":"Pen Nib"},{"floor":43,"key":"Sundial"},{"floor":45,"key":"Gremlin Horn"},{"floor":45,"key":"Calipers"}],"event_choices":[{"damage_healed":0,"gold_gain":0,"player_choice":"RENOUNCE","damage_taken":10,"max_hp_gain":0,"max_hp_loss":0,"event_name":"betterThird:BetterSerpent","floor":4,"gold_loss":10,"cards_obtained":["Enlightenment"]},{"damage_healed":0,"gold_gain":0,"player_choice":"Full Heal","damage_taken":0,"max_hp_gain":0,"max_hp_loss":0,"event_name":"Wheel of Change","floor":5,"gold_loss":0},{"damage_healed":0,"gold_gain":0,"player_choice":"Take Wound","damage_taken":0,"relics_obtained":["Golden Idol"],"max_hp_gain":0,"max_hp_loss":0,"event_name":"Golden Idol","floor":13,"gold_loss":0,"cards_obtained":["Injury"]},{"cards_removed":["Injury"],"damage_healed":0,"gold_gain":0,"player_choice":"Gave Gold","damage_taken":0,"max_hp_gain":0,"max_hp_loss":0,"event_name":"Beggar","floor":19,"gold_loss":75},{"damage_healed":0,"gold_gain":0,"player_choice":"Read","damage_taken":0,"max_hp_gain":0,"max_hp_loss":0,"event_name":"The Library","floor":20,"gold_loss":0,"cards_obtained":["Predator"]},{"damage_healed":0,"gold_gain":0,"player_choice":"Became a Ghost","damage_taken":0,"max_hp_gain":0,"max_hp_loss":38,"event_name":"Ghosts","floor":22,"gold_loss":0,"cards_obtained":["Ghostly","Ghostly","Ghostly","Ghostly","Ghostly"]},{"damage_healed":0,"gold_gain":0,"player_choice":"Fight","damage_taken":0,"max_hp_gain":0,"max_hp_loss":0,"event_name":"MindBloom","floor":36,"gold_loss":0},{"cards_removed":["Panacea"],"damage_healed":22,"gold_gain":0,"player_choice":"Offered Uncommon","damage_taken":0,"max_hp_gain":0,"max_hp_loss":0,"event_name":"Bonfire Elementals","floor":37,"gold_loss":0},{"cards_removed":["Well Laid Plans"],"damage_healed":0,"gold_gain":0,"player_choice":"Removed Power","damage_taken":0,"max_hp_gain":0,"max_hp_loss":0,"event_name":"Falling","floor":39,"gold_loss":0},{"damage_healed":0,"gold_gain":0,"player_choice":"Ignored","damage_taken":0,"max_hp_gain":0,"max_hp_loss":0,"event_name":"Mysterious Sphere","floor":46,"gold_loss":0}],"is_beta":false,"boss_relics":[{"not_picked":["Busted Crown","Sozu"],"picked":"Fusion Hammer"},{"not_picked":["Velvet Choker","Empty Cage"],"picked":"Black Star"}],"items_purged_floors":[],"is_endless":false,"potions_floor_spawned":[1,8,14,25,31,33,35,41],"killed_by":"Time Eater","ascension_level":0}}