{"host":"jbmvtpvel2a8rbg6","time":1613064576,"event":{"mods":["Aspiration","BaseMod","Better Match","Better Sensory Stone","Better Skull","Conspire","Downfall","Energized Spire","GungeonMod","Hubris","Infinite Spire","Minty Spire (QoL Compilation)","RRrroohrrRGHHhhh!!","Reliquary","Replay The Spire","StSLib","Wandering Minibosses"],"gold_per_floor":[116,116,67,67,67,92,17,28,79,79,106,124,156,156,156,252,252,265,365,384,398,398,398,428,443,443,455,455,455,455,468,468,568,568,591,219,219,230,250,364,364,382,437,452,452,576,637,682,682,587,587,587,312,421,426],"floor_reached":56,"language":"ENG","playtime":3752,"items_purged":["DemoMod:AC15","DemoMod:RustySidearm","DemoMod:Defend_Huntress","ReplayTheSpireMod:Splinters"],"score":1293,"play_id":"c5c36b7d-8276-49c7-a62b-46aaaad8b8bd","local_time":"20210211092936","is_ascension_mode":false,"campfire_choices":[{"data":"DemoMod:BoxingGlove","floor":10,"key":"SMITH"},{"data":"DemoMod:AWP","floor":15,"key":"SMITH"},{"floor":23,"key":"REST"},{"data":"Replay:Fractal Strike","floor":30,"key":"SMITH"},{"data":"DemoMod:MegaHand","floor":32,"key":"SMITH"},{"data":"Mind Blast","floor":41,"key":"SMITH"},{"data":"Mind Blast","floor":45,"key":"SMITH"},{"floor":49,"key":"RECALL"},{"data":"DemoMod:TableSutra","floor":52,"key":"SMITH"}],"circlet_count":0,"master_deck":["DemoMod:Strike_Huntress","DemoMod:Strike_Huntress+1","DemoMod:Defend_Huntress+1","DemoMod:Defend_Huntress","DemoMod:Defend_Huntress","DemoMod:Roll","DemoMod:ManualReload","DemoMod:CrossBow","DemoMod:BoxingGlove+1","DemoMod:AWP+1","DemoMod:Behold!","DemoMod:MegaHand+1","infinitespire:Execution","hubris:Fate","Replay:Fractal Strike+1","DemoMod:TableSutra+1","Venomology","Mind Blast+1","Mind Blast+1","DemoMod:CursedBullets"],"relics":["m_BurningSludge","NeowsBlessing","infinitespire:Cubic Diamond","Ice Cream","reliquary:RosewoodLute","Replay:Rubber Ducky","Toy Ornithopter","Ring of Misfortune","Ring of Searing","SlaversCollar","rorgmod:Ceramic Fish","Replay:Bottled Steam","aspiration:KaomsHeart"],"acts_visited":["Exordium","TheCity","TheBeyond","TheEnding"],"potions_floor_usage":[13,21,24,25,27,33,35,38,42,44,44,46,50,50,50,54,54,54,55],"damage_taken":[{"damage":0,"enemies":"Jaw Worm","floor":1,"turns":1},{"damage":0,"enemies":"Gremlin Nob","floor":6,"turns":1},{"damage":0,"enemies":"Small Slimes","floor":8,"turns":1},{"damage":1,"enemies":"Replay:BlueRogue","floor":11,"turns":5},{"damage":0,"enemies":"2 Louse","floor":12,"turns":2},{"damage":3,"enemies":"3 Sentries","floor":13,"turns":7},{"damage":17,"enemies":"The Guardian","floor":16,"turns":8},{"damage":14,"enemies":"Shell Parasite","floor":18,"turns":2},{"damage":5,"enemies":"Spheric Guardian","floor":20,"turns":2},{"damage":5,"enemies":"conspire:HollyBat","floor":21,"turns":5},{"damage":9,"enemies":"conspire:Head Lice","floor":24,"turns":3},{"damage":5,"enemies":"Snecko","floor":25,"turns":3},{"damage":21,"enemies":"Snake Plant","floor":27,"turns":2},{"damage":10,"enemies":"Cultist and Chosen","floor":31,"turns":4},{"damage":23,"enemies":"Champ","floor":33,"turns":3},{"damage":28,"enemies":"3 Darklings","floor":35,"turns":5},{"damage":15,"enemies":"Orb Walker","floor":38,"turns":2},{"damage":14,"enemies":"3 Darklings","floor":39,"turns":2},{"damage":13,"enemies":"Giant Head","floor":40,"turns":7},{"damage":16,"enemies":"Spire Growth","floor":42,"turns":3},{"damage":0,"enemies":"4 Shapes","floor":44,"turns":4},{"damage":20,"enemies":"R_Hoarder","floor":46,"turns":3},{"damage":108,"enemies":"Awakened One","floor":50,"turns":11},{"damage":94,"enemies":"Shield and Spear","floor":54,"turns":7},{"damage":147,"enemies":"The Heart","floor":55,"turns":9}],"seed_played":"7524984246678199811","potions_obtained":[{"floor":11,"key":"GamblersBrew"},{"floor":12,"key":"Flashbang"},{"floor":13,"key":"FearPotion"},{"floor":20,"key":"SkillPotion"},{"floor":21,"key":"DuplicationPotion"},{"floor":25,"key":"Strength Potion"},{"floor":31,"key":"Swift Potion"},{"floor":40,"key":"Explosive Potion"},{"floor":44,"key":"SteroidPotion"},{"floor":46,"key":"FairyPotion"}],"is_trial":false,"path_per_floor":["M","?","$","?","?","E","$","M","T","R","E","M","E","?","R","B",null,"M","?","M","M","?","R","E","M","T","M","AVR","?","R","M","R","B",null,"M","$","?","M","M","E","R","M","T","M","R","E","?","T","R","B",null,"R","$","E","B",null],"character_chosen":"HUNTRESS","items_purchased":["DemoMod:BoxingGlove","Venomology","Mind Blast","Toxic Potion","Guardian:BlockOnCardUsePotion"],"campfire_rested":1,"item_purchase_floors":[3,36,36,53,53],"current_hp_per_floor":[70,70,70,70,56,56,56,56,56,56,55,55,52,52,52,35,70,56,56,51,51,34,55,51,51,51,35,135,135,135,125,125,107,170,147,147,147,137,123,110,110,99,99,109,109,94,94,94,94,16,170,170,170,105,15],"gold":426,"neow_bonus":"THREE_ENEMY_KILL","is_daily":false,"chose_seed":false,"campfire_upgraded":7,"win_rate":0.0,"timestamp":1613064576,"path_taken":["M","?","$","?","?","E","?","M","T","R","E","M","E","?","R","BOSS","M","?","?","M","?","R","E","M","T","M","AVR","?","R","M","R","BOSS","M","$","?","M","?","E","R","?","T","M","R","E","?","?","R","BOSS","R","$","E","BOSS"],"items_purchased_type":["Card","Card","Card","Potion","Potion"],"build_version":"2020-12-22","purchased_purges":4,"victory":true,"max_hp_per_floor":[70,70,70,70,70,70,70,70,70,70,70,70,70,70,70,70,70,70,70,70,70,70,70,70,70,70,70,170,170,170,170,170,170,170,170,170,170,170,170,170,170,170,170,170,170,170,170,170,170,170,170,170,170,170,170],"card_choices":[{"not_picked":["DemoMod:SpreadAmmo","DemoMod:HighKaliber"],"picked":"DemoMod:AC15","floor":1},{"not_picked":["DemoMod:ConditionalReflex","DemoMod:TeaPot"],"picked":"DemoMod:AWP","floor":6},{"not_picked":["DemoMod:AC15","DemoMod:HuntsMan","DemoMod:FastSwitch"],"picked":"SKIP","floor":8},{"not_picked":["DemoMod:HardPowerCard","DemoMod:MachoBrace"],"picked":"DemoMod:Purify","floor":11},{"not_picked":["Slimebound:ViciousTackle","DemoMod:BoxingGlove","DemoMod:Unmoved"],"picked":"SKIP","floor":12},{"not_picked":["DemoMod:DirectionalPad","DemoMod:DoubleSwitch","DemoMod:ZorGun"],"picked":"SKIP","floor":13},{"not_picked":["DemoMod:BlackHoleGun","DemoMod:Eureka"],"picked":"DemoMod:Behold!","floor":16},{"not_picked":["DemoMod:SpreadAmmo","DemoMod:TeaPot","DemoMod:HardPowerCard"],"picked":"SKIP","floor":18},{"not_picked":["DemoMod:SAA","DemoMod:HardPowerCard"],"picked":"DemoMod:MegaHand","floor":20},{"not_picked":["DemoMod:Ejector","DemoMod:BlackHoleGun","DemoMod:BoxingGlove"],"picked":"SKIP","floor":21},{"not_picked":["ReplayTheSpireMod:Echoes of Time","infinitespire:Menacing"],"picked":"infinitespire:Execution","floor":22},{"not_picked":["DemoMod:AWP","DemoMod:JK47","DemoMod:LifeOrb"],"picked":"SKIP","floor":24},{"not_picked":["DemoMod:PracticeMakesPerfect+1","DemoMod:DirectionalPad","DemoMod:JK47"],"picked":"SKIP","floor":25},{"not_picked":["DemoMod:GunShield","DemoMod:Unity","DemoMod:StickyCrossBow+1"],"picked":"SKIP","floor":27},{"not_picked":["DemoMod:MegaHand","DemoMod:HighKaliber"],"picked":"DemoMod:TableSutra","floor":31},{"not_picked":["DemoMod:TableSutra","DemoMod:AbyssalTentacle+1","DemoMod:JK47+1"],"picked":"SKIP","floor":35},{"not_picked":["DemoMod:Ejector","DemoMod:FeignSurrender+1","DemoMod:DirectionalPad"],"picked":"SKIP","floor":38},{"not_picked":["DemoMod:ConditionalReflex","DemoMod:ChanceBullets","DemoMod:AC15"],"picked":"SKIP","floor":39},{"not_picked":["DemoMod:DirectionalPad+1","DemoMod:Evolver","DemoMod:StickyCrossBow+1"],"picked":"SKIP","floor":40},{"not_picked":["DemoMod:BattleInHaste","DemoMod:SkilledReload+1","DemoMod:JK47+1"],"picked":"SKIP","floor":42},{"not_picked":["DemoMod:DoubleSwitch+1","DemoMod:Camera+1","DemoMod:ChanceBullets+1"],"picked":"SKIP","floor":44},{"not_picked":["DemoMod:DoubleSwitch+1","DemoMod:TableSutra+1","DemoMod:JK47+1"],"picked":"SKIP","floor":46},{"not_picked":["DemoMod:BattleInHaste","DemoMod:AC15"],"picked":"DemoMod:CursedBullets","floor":47},{"not_picked":["DemoMod:LifeOrb","DemoMod:SAA+1","DemoMod:AbyssalTentacle"],"picked":"SKIP","floor":54}],"player_experience":865807,"relics_obtained":[{"floor":6,"key":"Ice Cream"},{"floor":9,"key":"reliquary:RosewoodLute"},{"floor":11,"key":"Replay:Rubber Ducky"},{"floor":13,"key":"Toy Ornithopter"},{"floor":14,"key":"Ring of Misfortune"},{"floor":14,"key":"Ring of Searing"},{"floor":24,"key":"rorgmod:Ceramic Fish"},{"floor":26,"key":"Replay:Bottled Steam"},{"floor":40,"key":"aspiration:KMNothing"},{"floor":46,"key":"aspiration:KMNothing"}],"event_choices":[{"damage_healed":0,"gold_gain":0,"player_choice":"Disagree","damage_taken":0,"max_hp_gain":0,"max_hp_loss":0,"event_name":"conspire:LoneGhost","floor":4,"gold_loss":0},{"damage_healed":0,"gold_gain":0,"player_choice":"Entered Light","damage_taken":14,"max_hp_gain":0,"max_hp_loss":0,"event_name":"Shining Light","floor":5,"gold_loss":0,"cards_upgraded":["DemoMod:Defend_Huntress","DemoMod:Strike_Huntress"]},{"damage_healed":0,"gold_gain":100,"player_choice":"Pray","damage_taken":0,"max_hp_gain":0,"max_hp_loss":0,"event_name":"Golden Shrine","floor":19,"gold_loss":0},{"damage_healed":0,"gold_gain":0,"player_choice":"Copied","damage_taken":0,"max_hp_gain":0,"max_hp_loss":0,"event_name":"Duplicator","floor":37,"gold_loss":0,"cards_obtained":["Mind Blast"]}],"is_beta":false,"boss_relics":[{"not_picked":["aspiration:PoetsPen_weak","ChewingGum"],"picked":"SlaversCollar"},{"not_picked":["aspiration:KMNothing","aspiration:KMNothing"],"picked":"aspiration:KMNothing"}],"items_purged_floors":[7,28,36,53],"is_endless":false,"potions_floor_spawned":[11,12,13,20,21,25,31,40,44,46],"ascension_level":0}}