{"host":"8is2j71l4wmybkoi","time":1613051095,"event":{"mods":["AchievementEnabler","BaseMod","Colored Map","Minty Spire (QoL Compilation)","Rare Cards Sparkle","StSLib","SuperFastMode"],"gold_per_floor":[112,37,37,56,56,56,66,66,93,126,126,139,167,167,167,239,239,250,300,300,310,51,77,77,77,77,112,127,127,144,144,144,218,218,236,248,148,202,221,247,261,273,273,302,302,302,182,192,192,192,192,192,36,65,65,65],"floor_reached":55,"language":"KOR","playtime":1925,"items_purged":["Writhe","Strike_R","Strike_R","Strike_R"],"score":1309,"play_id":"00d1146f-8646-45d0-b4dc-1634c365ff4a","local_time":"20210211224455","is_ascension_mode":true,"campfire_choices":[{"data":"1","floor":6.0,"key":"LIFT"},{"data":"2","floor":8.0,"key":"LIFT"},{"data":"3","floor":11.0,"key":"LIFT"},{"data":"Shockwave","floor":15.0,"key":"SMITH"},{"data":"Rage","floor":24.0,"key":"SMITH"},{"data":"Pommel Strike","floor":29.0,"key":"SMITH"},{"data":"Entrench","floor":32.0,"key":"SMITH"},{"floor":49,"key":"RECALL"},{"floor":52,"key":"REST"}],"circlet_count":0,"master_deck":["AscendersBane","Defend_R","Defend_R+1","Defend_R","Defend_R","Bash","Carnage+1","Evolve+1","Rage+1","Shockwave+1","Metallicize","Limit Break+1","Pummel","Second Wind","Pommel Strike+1","Necronomicurse","Sword Boomerang","Armaments+1","Entrench+1","Reaper","Heavy Blade+1","Warcry+1","Shockwave+1","Power Through","Limit Break+1"],"relics":["Burning Blood","Girya","Blood Vial","Eternal Feather","The Courier","Cursed Key","Bag of Preparation","War Paint","Necronomicon","Toy Ornithopter","Fusion Hammer","Mango","Ancient Tea Set","DollysMirror","InkBottle"],"acts_visited":["Exordium","TheCity","TheBeyond","TheEnding"],"potions_floor_usage":[54,55],"damage_taken":[{"damage":8.0,"enemies":"2 Louse","floor":1.0,"turns":4.0},{"damage":9.0,"enemies":"Jaw Worm","floor":4.0,"turns":3.0},{"damage":3.0,"enemies":"Small Slimes","floor":7.0,"turns":3.0},{"damage":26.0,"enemies":"Lagavulin","floor":10.0,"turns":4.0},{"damage":1.0,"enemies":"Looter","floor":12.0,"turns":2.0},{"damage":32.0,"enemies":"3 Sentries","floor":13.0,"turns":5.0},{"damage":22.0,"enemies":"Hexaghost","floor":16.0,"turns":9.0},{"damage":19.0,"enemies":"2 Thieves","floor":18.0,"turns":3.0},{"damage":16.0,"enemies":"Spheric Guardian","floor":21.0,"turns":4.0},{"damage":22.0,"enemies":"Slavers","floor":23.0,"turns":4.0},{"damage":24.0,"enemies":"Book of Stabbing","floor":27.0,"turns":4.0},{"damage":3.0,"enemies":"Cultist and Chosen","floor":28.0,"turns":4.0},{"damage":3.0,"enemies":"Shelled Parasite and Fungi","floor":30.0,"turns":4.0},{"damage":24.0,"enemies":"Champ","floor":33.0,"turns":5.0},{"damage":8.0,"enemies":"3 Shapes","floor":35.0,"turns":4.0},{"damage":4.0,"enemies":"Orb Walker","floor":36.0,"turns":2.0},{"damage":12.0,"enemies":"2 Orb Walkers","floor":38.0,"turns":3.0},{"damage":23.0,"enemies":"Jaw Worm Horde","floor":39.0,"turns":3.0},{"damage":32.0,"enemies":"Nemesis","floor":40.0,"turns":5.0},{"damage":3.0,"enemies":"Sphere and 2 Shapes","floor":41.0,"turns":3.0},{"damage":13.0,"enemies":"Writhing Mass","floor":42.0,"turns":4.0},{"damage":12,"enemies":"Giant Head","floor":44,"turns":5},{"damage":13,"enemies":"Spire Growth","floor":48,"turns":3},{"damage":72,"enemies":"Donu and Deca","floor":50,"turns":7},{"damage":73,"enemies":"Shield and Spear","floor":54,"turns":5},{"damage":112,"enemies":"The Heart","floor":55,"turns":5}],"seed_played":"-7140197728600020652","potions_obtained":[{"floor":1.0,"key":"BloodPotion"},{"floor":7.0,"key":"Strength Potion"},{"floor":10.0,"key":"EssenceOfSteel"},{"floor":13.0,"key":"GamblersBrew"},{"floor":23.0,"key":"Swift Potion"},{"floor":27.0,"key":"ColorlessPotion"},{"floor":28.0,"key":"SteroidPotion"},{"floor":35.0,"key":"DistilledChaos"},{"floor":38.0,"key":"Fire Potion"},{"floor":42.0,"key":"Weak Potion"},{"floor":48,"key":"ColorlessPotion"}],"is_trial":false,"path_per_floor":["M","$","?","M","?","R","M","R","T","E","R","M","E","T","R","B",null,"M","?","?","M","$","E","R","?","T","E","M","R","M","T","R","B",null,"M","M","$","?","M","E","M","M","T","E","?","?","$","M","R","B",null,"R","$","E","B"],"character_chosen":"IRONCLAD","items_purchased":["Bag of Preparation","DuplicationPotion","Power Through","DollysMirror"],"campfire_rested":1,"item_purchase_floors":[22,22,53,53],"current_hp_per_floor":[66,66,59,56,56,56,59,59,59,41,47,54,30,30,39,25,63,52,52,52,44,44,30,39,18,18,17,22,34,39,39,51,40,66,73,75,75,83,72,78,83,85,85,89,89,89,89,82,89,50,79,89,89,69,0,0],"gold":65,"neow_bonus":"ONE_RARE_RELIC","is_daily":false,"chose_seed":false,"campfire_upgraded":4,"win_rate":0.0,"timestamp":1613051095,"path_taken":["M","$","?","M","?","R","M","R","T","E","R","M","E","?","R","BOSS","M","?","?","M","$","E","R","?","T","E","M","R","M","?","R","BOSS","M","M","$","?","M","E","M","M","T","E","?","?","$","?","R","BOSS","R","$","E","BOSS"],"items_purchased_type":["Relic","Potion","Card","Relic"],"build_version":"2020-12-22","purchased_purges":4,"victory":false,"max_hp_per_floor":[75,75,75,75,75,75,75,75,75,75,75,75,75,75,75,75,75,75,75,75,75,75,75,75,75,75,75,75,75,75,75,75,75,75,75,75,75,89,89,89,89,89,89,89,89,89,89,89,89,89,89,89,89,89,89,89],"card_choices":[{"not_picked":["Fire Breathing","Perfected Strike"],"picked":"Carnage","floor":1.0},{"not_picked":["Seeing Red","Searing Blow"],"picked":"Evolve","floor":4.0},{"not_picked":["Perfected Strike","Body Slam"],"picked":"Rage","floor":7.0},{"not_picked":["Rampage","Metallicize","Sentinel"],"picked":"SKIP","floor":10.0},{"not_picked":["Sever Soul","Blood for Blood"],"picked":"Shockwave","floor":12.0},{"not_picked":["Rampage","Spot Weakness"],"picked":"Metallicize","floor":13.0},{"not_picked":["Fiend Fire","Brutality"],"picked":"Limit Break","floor":16.0},{"not_picked":["Iron Wave","Body Slam"],"picked":"Pummel","floor":18.0},{"not_picked":["True Grit","Rupture","Metallicize"],"picked":"SKIP","floor":21.0},{"not_picked":["True Grit","Rupture","Metallicize"],"picked":"SKIP","floor":21.0},{"not_picked":["Twin Strike","True Grit"],"picked":"Pommel Strike","floor":23.0},{"not_picked":["Iron Wave","Combust"],"picked":"Sword Boomerang","floor":27.0},{"not_picked":["Disarm","Dual Wield+1"],"picked":"Armaments+1","floor":28.0},{"not_picked":["Clothesline","Iron Wave"],"picked":"Entrench","floor":30.0},{"not_picked":["Fiend Fire","Brutality"],"picked":"Reaper","floor":33.0},{"not_picked":["Feel No Pain","Metallicize+1"],"picked":"Heavy Blade+1","floor":35.0},{"not_picked":["Battle Trance","Pummel","Clothesline"],"picked":"SKIP","floor":36.0},{"not_picked":["Body Slam","Sword Boomerang"],"picked":"Warcry+1","floor":39.0},{"not_picked":["Perfected Strike","Entrench","Infernal Blade"],"picked":"SKIP","floor":40.0},{"not_picked":["Clothesline+1","Dual Wield+1","Armaments"],"picked":"SKIP","floor":41.0},{"not_picked":["Juggernaut","Second Wind","Ghostly Armor"],"picked":"SKIP","floor":42.0},{"not_picked":["Perfected Strike+1","Hemokinesis"],"picked":"Shockwave+1","floor":44},{"not_picked":["Flex","Iron Wave","Armaments+1"],"picked":"SKIP","floor":48},{"not_picked":["Clash","Bludgeon","Armaments"],"picked":"SKIP","floor":54}],"player_experience":1145265,"relics_obtained":[{"floor":9.0,"key":"Blood Vial"},{"floor":10.0,"key":"Eternal Feather"},{"floor":13.0,"key":"The Courier"},{"floor":23.0,"key":"War Paint"},{"floor":25.0,"key":"Necronomicon"},{"floor":27.0,"key":"Toy Ornithopter"},{"floor":38.0,"key":"Mango"},{"floor":40.0,"key":"Ancient Tea Set"},{"floor":54,"key":"InkBottle"}],"event_choices":[{"cards_removed":["Strike_R"],"damage_healed":0.0,"max_hp_gain":0.0,"max_hp_loss":0.0,"gold_gain":0.0,"event_name":"Golden Wing","player_choice":"Card Removal","floor":3.0,"gold_loss":0.0,"damage_taken":7.0},{"damage_healed":0.0,"max_hp_gain":0.0,"max_hp_loss":0.0,"gold_gain":0.0,"event_name":"Living Wall","player_choice":"Grow","floor":5.0,"gold_loss":0.0,"damage_taken":0.0,"cards_upgraded":["Carnage"]},{"damage_healed":0.0,"max_hp_gain":0.0,"max_hp_loss":0.0,"gold_gain":50.0,"event_name":"Nest","player_choice":"Stole From Cult","floor":19.0,"gold_loss":0.0,"damage_taken":0.0},{"damage_healed":0.0,"max_hp_gain":0.0,"max_hp_loss":0.0,"gold_gain":0.0,"event_name":"The Library","player_choice":"Read","floor":20.0,"gold_loss":0.0,"damage_taken":0.0,"cards_obtained":["Second Wind"]},{"damage_healed":0.0,"max_hp_gain":0.0,"max_hp_loss":0.0,"gold_gain":0.0,"event_name":"Cursed Tome","player_choice":"Obtained Book","floor":25.0,"gold_loss":0.0,"damage_taken":21.0},{"damage_healed":0.0,"max_hp_gain":0.0,"max_hp_loss":0.0,"gold_gain":0.0,"event_name":"Mysterious Sphere","player_choice":"Fight","floor":38.0,"gold_loss":0.0,"damage_taken":0.0},{"cards_removed":["Strike_R"],"damage_healed":0,"gold_gain":0,"player_choice":"Removed Attack","damage_taken":0,"max_hp_gain":0,"max_hp_loss":0,"event_name":"Falling","floor":45,"gold_loss":0},{"damage_healed":0,"gold_gain":0,"player_choice":"Forge","damage_taken":0,"max_hp_gain":0,"max_hp_loss":0,"event_name":"Accursed Blacksmith","floor":46,"gold_loss":0,"cards_upgraded":["Evolve"]}],"is_beta":false,"boss_relics":[{"not_picked":["Busted Crown","SacredBark"],"picked":"Cursed Key"},{"not_picked":["Pandora\u0027s Box","Velvet Choker"],"picked":"Fusion Hammer"}],"items_purged_floors":[2,22,37,47],"is_endless":false,"potions_floor_spawned":[1,7,10,13,23,27,28,35,38,41,42,48],"killed_by":"The Heart","ascension_level":15}}