{"host":"xo0glkmxta74xh34","time":1613085272,"event":{"mods":["BaseMod","Downfall","Minty Spire (QoL Compilation)","Reliquary","Replay The Spire","StSLib"],"gold_per_floor":[99,118,102,112,183,183,232,232,245,245,245,43,55,83,95,190,190,190,210,120,136,236,248,273,293,293,293,293,325,325,325,336,437,437,437,447,290,310,1309,717,717,245,245,271,108,108,108,128,143,143],"floor_reached":51,"language":"ENG","playtime":5168,"items_purged":["Doubt","champ:Strike","Normality","Normality","Clumsy"],"score":803,"play_id":"77ea94be-aae0-478a-b891-d5150bab4ff3","local_time":"20210211171432","is_ascension_mode":true,"campfire_choices":[{"data":"Crow Ritual","floor":1.0,"key":"SMITH"},{"floor":6.0,"key":"REST"},{"floor":8.0,"key":"REST"},{"data":"champ:EnchantShield","floor":11.0,"key":"SMITH"},{"data":"Master of Strategy","floor":18,"key":"SMITH"},{"floor":28,"key":"REST"},{"floor":30,"key":"REST"},{"data":"champ:LastStand","floor":35,"key":"SMITH"},{"floor":47,"key":"REST"}],"circlet_count":0,"master_deck":["champ:Strike","champ:Strike","champ:Strike","champ:Defend","champ:Defend","champ:Defend","champ:Defend","champ:Execute+1","champ:Taunt","Crow Ritual+1","Crow Ritual+1","champ:EnchantShield+1","Master of Strategy+1","champ:LastStand+1","Thinking Ahead","Guardian:Strike_Guardian"],"relics":["champ:ChampionCrown","ReplayTheSpireMod:CursedCoin","Gremlin Food","reliquary:HotPoker","hexamod:BolsterEngine","StrikeDummy","Runic Pyramid","ReplayFunnel","Nunchaku","Ring of Fury","ReplayTheSpireMod:Ring of Collecting","Philosopher\u0027s Stone","Guardian:BottledAnomaly","Darkstone Periapt","ClockworkSouvenir","Toy Ornithopter","HornCleat","Ring of Peace","Membership Card","Divine Protection","reliquary:TridentHead","Singing Bowl","Simple Rune"],"acts_visited":["Exordium","TheCity","TheBeyond"],"potions_floor_usage":[16,16,32,32,33,50,50],"damage_taken":[{"damage":20.0,"enemies":"Cultist","floor":2.0,"turns":3.0},{"damage":20.0,"enemies":"downfall:FleeingMerchant","floor":3.0,"turns":4.0},{"damage":20.0,"enemies":"Small Slimes","floor":4.0,"turns":4.0},{"damage":10.0,"enemies":"Jaw Worm","floor":9.0,"turns":4.0},{"damage":19.0,"enemies":"downfall:FleeingMerchant","floor":12.0,"turns":4.0},{"damage":20,"enemies":"Large Slime","floor":13,"turns":5},{"damage":45,"enemies":"Lagavulin","floor":14,"turns":9},{"damage":0,"enemies":"3 Louse","floor":15,"turns":3},{"damage":10,"enemies":"SI_SHIV_ARCHETYPE","floor":16,"turns":5},{"damage":0,"enemies":"Shell Parasite","floor":19,"turns":4},{"damage":10,"enemies":"downfall:FleeingMerchant","floor":20,"turns":4},{"damage":19,"enemies":"3 Byrds","floor":21,"turns":5},{"damage":20,"enemies":"Sentry and Sphere","floor":23,"turns":4},{"damage":20,"enemies":"Chosen and Byrds","floor":25,"turns":5},{"damage":12,"enemies":"Slavers","floor":29,"turns":3},{"damage":57,"enemies":"Snecko","floor":32,"turns":9},{"damage":26,"enemies":"WA_ARCHETYPE_CALM","floor":33,"turns":7},{"damage":12,"enemies":"Orb Walker","floor":36,"turns":3},{"damage":10,"enemies":"downfall:FleeingMerchant","floor":37,"turns":4},{"damage":24,"enemies":"3 Darklings","floor":38,"turns":4},{"damage":17,"enemies":"R_Hoarder","floor":44,"turns":8},{"damage":2,"enemies":"Writhing Mass","floor":48,"turns":3},{"damage":0,"enemies":"4 Shapes","floor":49,"turns":4},{"damage":36,"enemies":"IC_BLOCK_ARCHETYPE","floor":50,"turns":8}],"seed_played":"-2986002159897949749","potions_obtained":[{"floor":4.0,"key":"EssenceOfSteel"},{"floor":9.0,"key":"Milkshake"},{"floor":14,"key":"Dexterity Potion"},{"floor":15,"key":"Flashbang"},{"floor":16,"key":"Strength Potion"},{"floor":21,"key":"Energy Potion"},{"floor":32,"key":"Guardian:BlockOnCardUsePotion"},{"floor":36,"key":"Toxic Potion"},{"floor":38,"key":"Milkshake"},{"floor":49,"key":"EssenceOfSteel"}],"is_trial":false,"path_per_floor":["R","M","$","M","T","R","T","R","M","?","R","$","M","E","M","B",null,"R","M","$","M","?","M","T","M","?","?","R","E","R","?","M","B",null,"R","M","$","M","?","$","T","?","?","E","$","?","R","M","M","B",null],"character_chosen":"THE_CHAMP","items_purchased":["ReplayTheSpireMod:CursedCoin","Gremlin Food","Master of Strategy","Guardian:BottledAnomaly","Darkstone Periapt","ClockworkSouvenir","Toy Ornithopter","Thinking Ahead","Membership Card","Divine Protection","reliquary:TridentHead","Simple Rune"],"campfire_rested":5,"item_purchase_floors":[3,3,12,37,37,40,40,40,42,42,42,45],"current_hp_per_floor":[63,63,63,53,53,80,80,90,90,90,90,81,81,46,46,46,90,90,90,90,71,71,61,61,51,51,51,78,66,90,90,53,32,90,90,88,88,84,96,96,96,96,96,87,87,87,104,106,108,82],"gold":143,"neow_bonus":"RANDOM_COLORLESS_2","is_daily":false,"chose_seed":false,"campfire_upgraded":4,"win_rate":0.0,"timestamp":1613085272,"path_taken":["R","M","?","?","?","R","T","R","M","?","R","$","M","E","M","BOSS","R","M","$","M","?","M","T","?","?","?","R","E","R","?","M","BOSS","R","M","$","M","?","$","T","?","?","E","$","?","R","?","M","BOSS"],"items_purchased_type":["Relic","Relic","Card","Relic","Relic","Relic","Relic","Card","Relic","Relic","Relic","Relic"],"build_version":"2020-12-22","purchased_purges":5,"victory":true,"max_hp_per_floor":[90,90,90,90,90,90,90,90,90,90,90,90,90,90,90,90,90,90,90,90,90,90,90,90,90,90,90,90,90,90,90,90,90,90,90,90,90,90,102,102,102,102,102,104,104,104,104,106,108,108],"card_choices":[{"not_picked":["Master of Strategy","Thinking Ahead"],"picked":"Crow Ritual","floor":0.0},{"not_picked":["champ:GutPunch","champ:EnGarde","champ:PreciseThrust"],"picked":"SKIP","floor":2.0},{"not_picked":["champ:DefensiveStyle","champ:HeartStrike","champ:FanOfKnives"],"picked":"SKIP","floor":3.0},{"not_picked":["champ:FanOfKnives","champ:EndlessRage","champ:GutPunch"],"picked":"SKIP","floor":4.0},{"not_picked":["champ:GladiatorStyle","champ:Backstep"],"picked":"champ:EnchantShield","floor":9.0},{"not_picked":["champ:Haymaker","champ:EnGarde","champ:CrownThrow"],"picked":"SKIP","floor":12},{"not_picked":["champ:CrownThrow","champ:RecklessLeap","champ:SwordSigil"],"picked":"SKIP","floor":13},{"not_picked":["champ:AdrenalArmor","champ:FocusedDefense","champ:Shatter"],"picked":"SKIP","floor":14},{"not_picked":["champ:BerserkersShout","champ:Encircle","champ:BringItOn"],"picked":"SKIP","floor":15},{"not_picked":["champ:EnchantShield","champ:DancingMaster"],"picked":"champ:LastStand","floor":16},{"not_picked":["champ:FaceSlap+1","champ:Endure+1","champ:PerfectedStrike"],"picked":"SKIP","floor":19},{"not_picked":["champ:AdrenalArmor","champ:Haymaker","champ:BladeFlurry+1"],"picked":"SKIP","floor":20},{"not_picked":["champ:AdrenalArmor","champ:BerserkersShout","champ:FalseCounter"],"picked":"SKIP","floor":21},{"not_picked":["champ:EnGarde+1","champ:CalledShot","champ:GutPunch"],"picked":"SKIP","floor":23},{"not_picked":["champ:DefensiveShout","champ:DeathBlow","champ:Lariat+1"],"picked":"SKIP","floor":25},{"not_picked":["champ:ViciousMockery","champ:Endure","champ:Lariat"],"picked":"SKIP","floor":29},{"not_picked":["champ:RageSigil","champ:DeathBlow+1","champ:EnchantCrown"],"picked":"SKIP","floor":32},{"not_picked":["champ:EndlessRage+1","champ:AdrenalArmor","champ:BerserkersShout+1"],"picked":"SKIP","floor":36},{"not_picked":["champ:Shatter","champ:FlashCut+1","champ:BringItOn+1"],"picked":"SKIP","floor":37},{"not_picked":["champ:GutPunch","champ:PerfectedStrike","champ:SkillfulDodge+1"],"picked":"SKIP","floor":38},{"not_picked":["champ:FalseCounter+1","champ:StanceDance","champ:FanOfKnives"],"picked":"Singing Bowl","floor":44},{"not_picked":["champ:HeartStrike+1","champ:DefensiveStyle+1","champ:AdrenalArmor+1"],"picked":"Singing Bowl","floor":48},{"not_picked":["champ:ShieldSlam","champ:Shatter","champ:AdrenalArmor"],"picked":"Singing Bowl","floor":49}],"player_experience":461335,"relics_obtained":[{"floor":5.0,"key":"reliquary:HotPoker"},{"floor":7.0,"key":"hexamod:BolsterEngine"},{"floor":14,"key":"StrikeDummy"},{"floor":24,"key":"ReplayFunnel"},{"floor":29,"key":"Nunchaku"},{"floor":31,"key":"Ring of Fury"},{"floor":31,"key":"ReplayTheSpireMod:Ring of Collecting"},{"floor":41,"key":"HornCleat"},{"floor":41,"key":"Ring of Peace"},{"floor":44,"key":"Singing Bowl"}],"event_choices":[{"cards_removed":["champ:EnchantShield"],"damage_healed":0,"gold_gain":0,"player_choice":"Took Card","damage_taken":0,"max_hp_gain":0,"max_hp_loss":0,"event_name":"NoteForYourself","floor":46,"gold_loss":0,"cards_obtained":["Guardian:Strike_Guardian"]}],"is_beta":false,"boss_relics":[{"not_picked":["Astrolabe","Painkiller Herb"],"picked":"Runic Pyramid"},{"not_picked":["Snecko Eye","champ:ChampionCrownUpgraded"],"picked":"Philosopher\u0027s Stone"}],"items_purged_floors":[20,37,40,42,45],"is_endless":false,"potions_floor_spawned":[4,9,14,15,16,21,25,32,36,38,49],"ascension_level":1}}