{"host":"fmb9x04chdot191d","time":1613019549,"event":{"mods":["2.2 Compatiblity","AchievementEnabler","BaseMod","BetterRewards","Colored Map","Downfall","Hermit","Highlight Path","Marisa（霧雨　魔理沙）","Minty Spire (QoL Compilation)","Permanent Neow","Quick Restart","Replay The Spire","StSLib","The Servant 0.9.4","[IsaacMod]以撒尖塔"],"gold_per_floor":[115,65,65,84,84,112,2,16,16,35,35,35,53,82,82,82,82],"floor_reached":16,"language":"ENG","playtime":607,"items_purged":["Defend_R"],"score":132,"play_id":"5a324025-2400-4460-a853-d52b68621252","local_time":"20210211175909","is_ascension_mode":true,"campfire_choices":[{"floor":12,"key":"REST"},{"data":"Heavy Blade","floor":15,"key":"SMITH"}],"circlet_count":0,"master_deck":["Strike_R","Strike_R","Strike_R","Defend_R","Defend_R","Defend_R","Bash+1","Heavy Blade+1","Seeing Red+1","Rage","Whirlwind","Bludgeon","Heavy Blade"],"relics":["Burning Blood","HushsDoor","DeadEye","MoneyPower","Ginger","UnicornStump"],"acts_visited":["Exordium"],"potions_floor_usage":[],"damage_taken":[{"damage":7.0,"enemies":"Small Slimes","floor":1.0,"turns":4.0},{"damage":0,"enemies":"Jaw Worm","floor":4,"turns":1},{"damage":60,"enemies":"3 Sentries","floor":6,"turns":14},{"damage":0,"enemies":"2 Louse","floor":8,"turns":1},{"damage":9,"enemies":"Looter","floor":10,"turns":4},{"damage":3,"enemies":"Lots of Slimes","floor":13,"turns":2},{"damage":8,"enemies":"Gremlin Nob","floor":14,"turns":3},{"damage":12,"enemies":"Hexaghost","floor":16,"turns":2}],"seed_played":"-5624200569283150011","potions_obtained":[{"floor":1.0,"key":"Reflective Coating"},{"floor":13,"key":"SmokeBomb"},{"floor":14,"key":"PowerPotion"}],"is_trial":false,"path_per_floor":["M","?","?","M","?","E","$","M","T","M","$","R","M","E","R","B"],"character_chosen":"IRONCLAD","items_purchased":["Whirlwind"],"campfire_rested":1,"item_purchase_floors":[7],"current_hp_per_floor":[79,79,63,69,69,15,15,21,21,18,18,42,45,43,43,31,31],"gold":82,"neow_bonus":"THREE_CARDS","is_daily":false,"chose_seed":false,"campfire_upgraded":1,"win_rate":0.0,"timestamp":1613019549,"path_taken":["M","?","?","M","?","E","$","M","T","M","?","R","M","E","R","BOSS"],"items_purchased_type":["Card"],"build_version":"2020-12-22","purchased_purges":1,"victory":false,"max_hp_per_floor":[80,80,80,80,80,80,80,80,80,80,80,80,80,80,80,80,80],"card_choices":[{"not_picked":["Shrug It Off","Second Wind"],"picked":"Heavy Blade","floor":0.0},{"not_picked":["Massacre","Sever Soul"],"picked":"Seeing Red","floor":1.0},{"not_picked":["Infernal Blade","ReplayReversal","Berserk"],"picked":"SKIP","floor":4},{"not_picked":["Anger","Rupture"],"picked":"Rage","floor":6},{"not_picked":["Perfected Strike","Fire Breathing","Cleave"],"picked":"SKIP","floor":8},{"not_picked":["Havoc","Carnage","Perfected Strike"],"picked":"SKIP","floor":10},{"not_picked":["Uppercut","Thunderclap"],"picked":"Bludgeon","floor":13},{"not_picked":["Run Through","Searing Blow"],"picked":"Heavy Blade","floor":14}],"player_experience":94013,"relics_obtained":[{"floor":6,"key":"MoneyPower"},{"floor":9,"key":"Ginger"},{"floor":14,"key":"UnicornStump"}],"event_choices":[{"cards_removed":["Strike_R"],"damage_healed":0.0,"max_hp_gain":0.0,"max_hp_loss":0.0,"gold_gain":0.0,"event_name":"The Cleric","player_choice":"Card Removal","floor":2.0,"gold_loss":50.0,"damage_taken":0.0},{"damage_healed":0.0,"max_hp_gain":0.0,"max_hp_loss":0.0,"gold_gain":0.0,"event_name":"Shining Light","player_choice":"Entered Light","floor":3.0,"gold_loss":0.0,"damage_taken":16.0,"cards_upgraded":["Seeing Red","Bash"]}],"is_beta":false,"boss_relics":[],"items_purged_floors":[7],"is_endless":false,"potions_floor_spawned":[1,13,14],"killed_by":"Hexaghost","ascension_level":4}}