{"host":"gc0hqzwg2gd3zszy","time":1613005458,"event":{"mods":["BaseMod","DeckTracker","Minty Spire (QoL Compilation)","Relic Stats","SuperFastMode"],"gold_per_floor":[109,109,124,124,124,151,151,151,225,236,270,290,319,333,333,333,333],"floor_reached":16,"language":"KOR","playtime":589,"items_purged":[],"score":240,"play_id":"829f51a7-d4ba-4126-bed9-cf5adca37a76","local_time":"20210211100418","is_ascension_mode":true,"campfire_choices":[{"floor":8,"key":"REST"},{"data":"Evolve","floor":15,"key":"SMITH"}],"circlet_count":0,"master_deck":["AscendersBane","Strike_R","Strike_R","Strike_R","Strike_R","Defend_R","Defend_R","Defend_R","Defend_R","Bash","Pommel Strike","Wild Strike","Battle Trance","Intimidate","Warcry","Seeing Red","Clothesline","Evolve+1","Pummel"],"relics":["Burning Blood","Thread and Needle","Letter Opener","Anchor","Paper Frog","Question Card","Orichalcum"],"acts_visited":["Exordium"],"potions_floor_usage":[11,16,16],"damage_taken":[{"damage":7,"enemies":"Small Slimes","floor":1,"turns":4},{"damage":0,"enemies":"2 Louse","floor":3,"turns":2},{"damage":47,"enemies":"3 Sentries","floor":6,"turns":10},{"damage":0,"enemies":"Jaw Worm","floor":10,"turns":2},{"damage":12,"enemies":"Gremlin Nob","floor":11,"turns":4},{"damage":9,"enemies":"Large Slime","floor":12,"turns":4},{"damage":22,"enemies":"3 Sentries","floor":13,"turns":8},{"damage":0,"enemies":"Gremlin Gang","floor":14,"turns":5},{"damage":32,"enemies":"Hexaghost","floor":16,"turns":9}],"seed_played":"-4859695149307348050","potions_obtained":[{"floor":10,"key":"Ancient Potion"},{"floor":11,"key":"ElixirPotion"},{"floor":14,"key":"ColorlessPotion"}],"is_trial":false,"path_per_floor":["M","?","M","?","T","E","?","R","T","M","E","M","E","M","R","B"],"character_chosen":"IRONCLAD","items_purchased":[],"campfire_rested":1,"item_purchase_floors":[],"current_hp_per_floor":[67,32,38,63,63,22,22,44,44,50,44,41,25,31,31,0,0],"gold":333,"neow_bonus":"THREE_CARDS","is_daily":false,"chose_seed":false,"campfire_upgraded":1,"win_rate":0.0,"timestamp":1613005458,"path_taken":["M","?","M","?","?","E","?","R","T","M","E","?","E","M","R","BOSS"],"items_purchased_type":[],"build_version":"2020-12-22","purchased_purges":0,"victory":false,"max_hp_per_floor":[75,75,75,75,75,75,75,75,75,75,75,75,75,75,75,75,75],"relic_stats":{"counters":[9,48],"Letter Opener":[70],"Orichalcum":[30],"Question Card":3,"obtain_stats":[{"Anchor":6,"Thread and Needle":2,"Letter Opener":5,"Orichalcum":13,"Question Card":11,"Burning Blood":0,"Paper Frog":9},{"Anchor":3,"Thread and Needle":1,"Letter Opener":2,"Orichalcum":7,"Question Card":5,"Burning Blood":0,"Paper Frog":3},{"Anchor":16,"Thread and Needle":4,"Letter Opener":6,"Orichalcum":34,"Question Card":22,"Burning Blood":0,"Paper Frog":16}],"Burning Blood":48},"card_choices":[{"not_picked":["Twin Strike","Clash"],"picked":"Pommel Strike","floor":0},{"not_picked":["Armaments","True Grit"],"picked":"Wild Strike","floor":1},{"not_picked":["Clash","Cleave"],"picked":"Battle Trance","floor":3},{"not_picked":["Pummel","Metallicize"],"picked":"Intimidate","floor":6},{"not_picked":["Havoc","Infernal Blade"],"picked":"Seeing Red","floor":10},{"not_picked":["Intimidate","Rampage"],"picked":"Clothesline","floor":11},{"not_picked":["Shrug It Off","Iron Wave","Perfected Strike"],"picked":"Evolve","floor":12},{"not_picked":["Dark Embrace","Dropkick","True Grit","Perfected Strike"],"picked":"SKIP","floor":13},{"not_picked":["True Grit","Evolve","Sever Soul"],"picked":"Pummel","floor":14}],"player_experience":1390765,"relics_obtained":[{"floor":5,"key":"Letter Opener"},{"floor":6,"key":"Anchor"},{"floor":9,"key":"Paper Frog"},{"floor":11,"key":"Question Card"},{"floor":13,"key":"Orichalcum"}],"event_choices":[{"damage_healed":0,"gold_gain":0,"player_choice":"Success","damage_taken":35,"relics_obtained":["Thread and Needle"],"max_hp_gain":0,"max_hp_loss":0,"event_name":"Scrap Ooze","floor":2,"gold_loss":0},{"damage_healed":25,"gold_gain":0,"player_choice":"Banana","damage_taken":0,"max_hp_gain":0,"max_hp_loss":0,"event_name":"Big Fish","floor":4,"gold_loss":0},{"damage_healed":0,"gold_gain":0,"cards_transformed":["Strike_R"],"player_choice":"Transformed","damage_taken":0,"max_hp_gain":0,"max_hp_loss":0,"event_name":"Transmorgrifier","floor":7,"gold_loss":0,"cards_obtained":["Warcry"]}],"is_beta":false,"boss_relics":[],"items_purged_floors":[],"is_endless":false,"potions_floor_spawned":[10,11,14],"killed_by":"Hexaghost","ascension_level":20}}