{"host":"xwgrz7y3g1a3iikb","time":1613023936,"event":{"mods":["BaseMod","Bestiary","Minty Spire (QoL Compilation)","Permanent Neow","Quick Restart","Relic Stats","StSLib","ojb\u0027s Info Mod"],"gold_per_floor":[130,164,221,221,296,296,296],"floor_reached":6,"language":"ENG","playtime":211,"items_purged":[],"score":75,"play_id":"7dd3c304-339e-44df-9e23-c11e703c3559","local_time":"20210210221216","is_ascension_mode":true,"campfire_choices":[],"circlet_count":0,"master_deck":["AscendersBane","Strike_R","Strike_R","Strike_R","Strike_R","Strike_R","Defend_R","Defend_R","Defend_R","Defend_R","Bash","HandOfGreed","Shrug It Off","Pommel Strike"],"relics":["Burning Blood","Spirit Poop"],"acts_visited":["Exordium"],"potions_floor_usage":[5],"damage_taken":[{"damage":7,"enemies":"Jaw Worm","floor":1,"turns":2},{"damage":1,"enemies":"Cultist","floor":2,"turns":4},{"damage":4,"enemies":"2 Louse","floor":3,"turns":3},{"damage":46,"enemies":"Gremlin Gang","floor":5,"turns":6},{"damage":48,"enemies":"Lagavulin","floor":6,"turns":6}],"seed_played":"5045625226072213723","potions_obtained":[{"floor":1,"key":"Regen Potion"},{"floor":5,"key":"Explosive Potion"}],"is_trial":false,"path_per_floor":["M","M","M","?","M","E"],"character_chosen":"IRONCLAD","items_purchased":[],"campfire_rested":0,"item_purchase_floors":[],"current_hp_per_floor":[67,72,74,74,48,0,0],"gold":296,"neow_bonus":"RANDOM_COLORLESS_2","is_daily":false,"chose_seed":false,"campfire_upgraded":0,"win_rate":0.0,"timestamp":1613023936,"path_taken":["M","M","M","?","M","E"],"items_purchased_type":[],"build_version":"2020-12-22","purchased_purges":0,"victory":false,"max_hp_per_floor":[75,75,75,75,75,75,75],"relic_stats":{"counters":[5,21],"obtain_stats":[{"Spirit Poop":4,"Burning Blood":0},{"Spirit Poop":3,"Burning Blood":0},{"Spirit Poop":9,"Burning Blood":0}],"Burning Blood":24},"card_choices":[{"not_picked":["Transmutation","Metamorphosis"],"picked":"HandOfGreed","floor":0},{"not_picked":["Perfected Strike","Metallicize"],"picked":"Shrug It Off","floor":1},{"not_picked":["Thunderclap","Iron Wave","Sentinel"],"picked":"SKIP","floor":2},{"not_picked":["Havoc","Limit Break"],"picked":"Pommel Strike","floor":3}],"player_experience":331401,"relics_obtained":[],"event_choices":[{"cards_removed":["Decay"],"damage_healed":0,"gold_gain":0,"player_choice":"Offered Curse","damage_taken":0,"relics_obtained":["Spirit Poop"],"max_hp_gain":0,"max_hp_loss":0,"event_name":"Bonfire Elementals","floor":4,"gold_loss":0}],"is_beta":false,"boss_relics":[],"items_purged_floors":[],"is_endless":false,"potions_floor_spawned":[1,5],"killed_by":"Lagavulin","ascension_level":20}}