{"host":"phniwng9zo19jwdb","time":1613072428,"event":{"mods":["AchievementEnabler","BaseMod","Colored Powertips","Dark Map","Faster Ascension Climbing","GifTheSpireLib","Minty Spire (QoL Compilation)","Permanent Neow","Rare Cards Sparkle","Relic Filter Mod","StSLib","Weighted Paths"],"gold_per_floor":[15,25,41,52,52,52,77,94,94,94,94],"floor_reached":10,"language":"ENG","playtime":369,"items_purged":[],"score":140,"play_id":"94a7578f-7a32-45ec-b151-32b831a17a31","local_time":"20210211204028","is_ascension_mode":true,"campfire_choices":[{"data":"After Image","floor":6,"key":"SMITH"}],"circlet_count":0,"master_deck":["AscendersBane","Strike_G","Strike_G","Strike_G","Strike_G","Defend_G","Defend_G","Defend_G","Defend_G","Defend_G","Survivor","Neutralize","After Image+1","Noxious Fumes","Accuracy","Flying Knee","Prepared","Caltrops"],"relics":["Ring of the Snake","Mercury Hourglass","Gremlin Horn"],"acts_visited":["Exordium"],"potions_floor_usage":[4,8,10],"damage_taken":[{"damage":3,"enemies":"Cultist","floor":1,"turns":5},{"damage":7,"enemies":"Small Slimes","floor":2,"turns":4},{"damage":8,"enemies":"Jaw Worm","floor":3,"turns":7},{"damage":7,"enemies":"2 Fungi Beasts","floor":4,"turns":5},{"damage":23,"enemies":"Lagavulin","floor":7,"turns":11},{"damage":5,"enemies":"Large Slime","floor":8,"turns":7},{"damage":0,"enemies":"Gremlin Nob","floor":10,"turns":3}],"seed_played":"-1605039537426684712","potions_obtained":[{"floor":2,"key":"DistilledChaos"},{"floor":3,"key":"PowerPotion"},{"floor":7,"key":"ColorlessPotion"}],"is_trial":false,"path_per_floor":["M","M","M","M","?","R","E","M","T","E"],"character_chosen":"THE_SILENT","items_purchased":[],"campfire_rested":0,"item_purchase_floors":[],"current_hp_per_floor":[56,49,41,34,34,34,11,6,6,6,6],"gold":94,"neow_bonus":"THREE_RARE_CARDS","is_daily":false,"chose_seed":false,"campfire_upgraded":1,"win_rate":0.0,"timestamp":1613072428,"path_taken":["M","M","M","?","?","R","E","?","T","E"],"items_purchased_type":[],"build_version":"2020-12-22","purchased_purges":0,"victory":false,"max_hp_per_floor":[66,66,66,66,66,66,66,66,66,66,66],"card_choices":[{"not_picked":["Grand Finale","Bullet Time"],"picked":"After Image","floor":0},{"not_picked":["Deadly Poison","Bane"],"picked":"Noxious Fumes","floor":1},{"not_picked":["Concentrate","Finisher"],"picked":"Accuracy","floor":2},{"not_picked":["Bouncing Flask","Dagger Spray","Masterful Stab"],"picked":"SKIP","floor":3},{"not_picked":["Dagger Throw","Distraction"],"picked":"Flying Knee","floor":4},{"not_picked":["Flying Knee","Storm of Steel"],"picked":"Prepared","floor":7},{"not_picked":["Eviscerate","Acrobatics"],"picked":"Caltrops","floor":8}],"player_experience":118496,"relics_obtained":[{"floor":7,"key":"Mercury Hourglass"},{"floor":9,"key":"Gremlin Horn"}],"event_choices":[{"cards_removed":["Strike_G"],"damage_healed":0,"gold_gain":0,"player_choice":"Purged","damage_taken":0,"max_hp_gain":0,"max_hp_loss":0,"event_name":"Purifier","floor":5,"gold_loss":0}],"is_beta":false,"boss_relics":[],"items_purged_floors":[],"is_endless":false,"potions_floor_spawned":[2,3,7],"killed_by":"Gremlin Nob","ascension_level":20}}