{"host":"kx62hxkutszy5nb0","time":1613058084,"event":{"mods":["2.2 Compatiblity","AchievementEnabler","Aspiration","BaseMod","Better Altar","Better Match","Better Note","Better Sensory Stone","Better Skull","Better Third Choice","Better Vampires","CCEM2","Colored Map","Colored Powertips","Conspire","Custom Start","Dark Map","Defuse TimeMaze Blight","Displayed Cursed Tome","Downfall","Fiend Mod","Hermit","Hubris","Infinite Spire","Jorbs\u0027s Wanderer Trilogy","Koishi","Marked Mod","Minty Spire (QoL Compilation)","Prisma Mod","Relic Sorter","Relic Stats","Replay The Spire","Shade Mod","Shop Mod","Spikes Relics","StSLib","Td1madao Mod","The Alterego","The Construct","The Cursed","The Exalted","The Forsaken","The Judge","The Jungle","The Marked","TheSwordswoman","TheVacant","Uncapped","Virulent Crown","Yuri Mod","everything is the same but u backflip on backflip"],"gold_per_floor":[117,117,132,146,158,185,185,202,202,215,215,234,78,78,78,183,183,194,194,4,4,4,4,24,40,40,60,60,60,60,60],"floor_reached":30,"language":"ENG","playtime":2036,"items_purged":[],"score":282,"play_id":"6d74d0db-d3c4-404a-929d-ac2e2497a8d1","local_time":"20210212014124","is_ascension_mode":false,"campfire_choices":[{"data":"Shade:CoffinDance","floor":7,"key":"SMITH"},{"data":"Shade:Coordination","floor":15,"key":"SMITH"},{"floor":23,"key":"REST"},{"data":"Shade:OpenGraves","floor":29,"key":"SMITH"}],"circlet_count":0,"master_deck":["Shade:Strike_Shade","Shade:Strike_Shade","Shade:Strike_Shade","Shade:Strike_Shade","Shade:Defend_Shade","Shade:Defend_Shade","Shade:Defend_Shade","Shade:Defend_Shade","Shade:AnimateDead+1","Shade:CarefulCut","Shade:PotionOfRestlessness","Shade:CoffinDance","Shade:Brains","Shade:WallOfFlesh","Shade:CoffinDance+1","Shade:Premonition","Shade:Bonestorm","Shade:Coordination+1","Shade:Consume","Shade:FeralStrike","Shade:SkeletonHug","Shade:OpenGraves+1","Shade:CommandSoldier","Shade:FleshToFlesh"],"relics":["Shade:YorickSkull","NeowsBlessing","CCEMRelics:MissingSock","infinitespire:Bottled Soul","Blood Vial","Bromod:ArcaneBarrier","Strange Spoon","Gremlin Food","Dead Branch"],"acts_visited":["Exordium","TheCity"],"potions_floor_usage":[6,16,16,16,25,27],"damage_taken":[{"damage":0,"enemies":"Jaw Worm","floor":1,"turns":1},{"damage":0,"enemies":"Cultist","floor":3,"turns":1},{"damage":0,"enemies":"2 Louse","floor":4,"turns":1},{"damage":0,"enemies":"Exordium Thugs","floor":5,"turns":5},{"damage":16,"enemies":"Gremlin Nob","floor":6,"turns":4},{"damage":6,"enemies":"3 Louse","floor":8,"turns":5},{"damage":0,"enemies":"2 Fungi Beasts","floor":10,"turns":4},{"damage":0,"enemies":"Looter","floor":12,"turns":4},{"damage":12,"enemies":"Fading Forest","floor":16,"turns":11},{"damage":12,"enemies":"3 Byrds","floor":18,"turns":7},{"damage":13,"enemies":"Chosen","floor":24,"turns":7},{"damage":15,"enemies":"Snake Plant","floor":25,"turns":5},{"damage":0,"enemies":"Centurion and Healer","floor":27,"turns":9},{"damage":60,"enemies":"Nightmare","floor":30,"turns":10}],"seed_played":"3165328459976844985","potions_obtained":[{"floor":5,"key":"champ:CounterPotion"},{"floor":8,"key":"EssenceOfSteel"},{"floor":10,"key":"Death Potion"},{"floor":12,"key":"Block Potion"},{"floor":18,"key":"FearPotion"},{"floor":25,"key":"EssenceOfSteel"}],"is_trial":false,"path_per_floor":["M","?","M","M","M","E","R","M","T","M","?","M","$","?","R","B",null,"M","?","$","?","?","R","M","M","T","M","AVR","R","NM"],"character_chosen":"SHADE","items_purchased":["Blood Vial","Strange Spoon","Shade:SkeletonHug"],"campfire_rested":1,"item_purchase_floors":[13,20,20],"current_hp_per_floor":[65,65,65,65,65,49,49,43,43,43,50,50,50,65,65,63,65,53,47,47,47,47,65,52,39,39,41,41,41,0,0],"gold":60,"neow_bonus":"THREE_ENEMY_KILL","is_daily":false,"chose_seed":false,"campfire_upgraded":3,"win_rate":0.0,"timestamp":1613058084,"path_taken":["M","?","M","?","M","E","R","M","T","M","?","?","?","?","R","BOSS","M","?","$","?","?","R","M","M","T","M","AVR","R","NM"],"items_purchased_type":["Relic","Relic","Card"],"build_version":"2020-12-22","purchased_purges":0,"victory":false,"max_hp_per_floor":[65,65,65,65,65,65,65,65,65,65,65,65,65,65,65,65,65,65,65,65,65,65,65,65,65,65,65,65,65,65,65],"relic_stats":{"Blood Vial":6,"Strange Spoon":[0],"counters":[14,74],"Dead Branch":[9],"obtain_stats":[{"Blood Vial":13,"Gremlin Food":26,"Strange Spoon":20,"NeowsBlessing":0,"Shade:YorickSkull":0,"infinitespire:Bottled Soul":9,"Dead Branch":28,"Bromod:ArcaneBarrier":17,"CCEMRelics:MissingSock":6},{"Blood Vial":8,"Gremlin Food":12,"Strange Spoon":10,"NeowsBlessing":0,"Shade:YorickSkull":0,"infinitespire:Bottled Soul":6,"Dead Branch":13,"Bromod:ArcaneBarrier":9,"CCEMRelics:MissingSock":5},{"Blood Vial":25,"Gremlin Food":55,"Strange Spoon":43,"NeowsBlessing":0,"Shade:YorickSkull":0,"infinitespire:Bottled Soul":17,"Dead Branch":64,"Bromod:ArcaneBarrier":36,"CCEMRelics:MissingSock":12}]},"card_choices":[{"not_picked":["Shade:SpontaneousRitual","Shade:Awaken"],"picked":"Shade:PotionOfRestlessness","floor":1},{"not_picked":["Shade:AncientSpear","Shade:GraveStillness"],"picked":"Shade:CoffinDance","floor":3},{"not_picked":["Shade:Premonition","Shade:AncientSpear"],"picked":"Shade:Brains","floor":4},{"not_picked":["Shade:BoneShards","Shade:ClawBack"],"picked":"Shade:WallOfFlesh","floor":5},{"not_picked":["Shade:AncientSpear","Shade:Tombstone"],"picked":"Shade:CoffinDance","floor":6},{"not_picked":["Shade:FuneraryArmor","Shade:FleshToFlesh"],"picked":"Shade:Premonition","floor":8},{"not_picked":["Shade:Brains","Shade:ScuttlingHand"],"picked":"Shade:Bonestorm","floor":10},{"not_picked":["Shade:BoneShards","Shade:CommandSoldier"],"picked":"Shade:Coordination","floor":12},{"not_picked":["Shade:LoseControl","Shade:SelfBurial"],"picked":"Shade:Consume","floor":16},{"not_picked":["Shade:GreyBargain","Shade:CoffinDance"],"picked":"Shade:FeralStrike","floor":18},{"not_picked":["Shade:PoundOfFlesh+1","Shade:Frenzy"],"picked":"Shade:OpenGraves","floor":24},{"not_picked":["Shade:Frenzy","Shade:FuneraryArmor+1"],"picked":"Shade:CommandSoldier","floor":25},{"not_picked":["Shade:CoffinDance","Shade:SkeletonHug+1"],"picked":"Shade:FleshToFlesh","floor":27}],"player_experience":775137,"relics_obtained":[{"floor":6,"key":"CCEMRelics:MissingSock"},{"floor":9,"key":"infinitespire:Bottled Soul"},{"floor":26,"key":"Gremlin Food"}],"event_choices":[{"damage_healed":0,"gold_gain":0,"player_choice":"Upgraded","damage_taken":0,"max_hp_gain":0,"max_hp_loss":0,"event_name":"Upgrade Shrine","floor":2,"gold_loss":0,"cards_upgraded":["Shade:AnimateDead"]},{"damage_healed":21,"gold_gain":0,"player_choice":"Banana","damage_taken":0,"max_hp_gain":0,"max_hp_loss":0,"event_name":"Big Fish","floor":14,"gold_loss":0},{"damage_healed":0,"gold_gain":0,"player_choice":"Damaged","damage_taken":6,"max_hp_gain":0,"max_hp_loss":0,"event_name":"Wheel of Change","floor":19,"gold_loss":0},{"damage_healed":0,"gold_gain":0,"player_choice":"Ignored","damage_taken":0,"max_hp_gain":0,"max_hp_loss":0,"event_name":"betterNote:BetterNote","floor":21,"gold_loss":0,"cards_obtained":["alterego_mod:TrickOrTreatment"]},{"damage_healed":0,"gold_gain":0,"player_choice":"Leave","damage_taken":0,"max_hp_gain":0,"max_hp_loss":0,"event_name":"conspire:Investor","floor":22,"gold_loss":0}],"is_beta":false,"boss_relics":[{"not_picked":["Tiny House","aspiration:DefectSkillbook"],"picked":"Bromod:ArcaneBarrier"}],"items_purged_floors":[],"is_endless":false,"potions_floor_spawned":[5,8,10,12,18,25],"killed_by":"Nightmare","ascension_level":0}}