{"host":"6to8m083wj0ro91z","time":1613076051,"event":{"mods":["BaseMod","Better Third Choice","BetterRewards","CatGirl Mod","ChefMod","Friendly Minions","Hubris","Mad Scientist","Marisa????????","Minty Spire (QoL Compilation)","Robot Space Explorer","Shade Mod","Spicy Shops","StSLib","The Blackbeard","The Death Knight","The Forsaken","The Gatherer","The Marked","The Mystic","The Necromancer","The Runesmith","The Servant 0.9.4","The Showman","The Vixen","Yohane!"],"gold_per_floor":[111,130,130,144,144,144,172,172,172,182,202,202,214,230,230,335,335,351,363,57,70,70,70,95,111,185,185,197,225,225,244,244,343,343,361,361,373,423,423,423,448,448,448,467,467,478,510,510,510,510,510,510,38,66,66],"floor_reached":56,"language":"ENG","playtime":1923,"items_purged":["Runesmith:Strike_RS+1"],"score":1400,"play_id":"34803001-d479-40b6-99ff-9b1e71813794","local_time":"20210211214051","is_ascension_mode":true,"campfire_choices":[{"data":"Runesmith:FieryHammer+1","floor":6.0,"key":"SMITH"},{"data":"Runesmith:FieryHammer+2","floor":8.0,"key":"SMITH"},{"data":"Runesmith:FieryHammer+3","floor":12.0,"key":"SMITH"},{"data":"Runesmith:FieryHammer+4","floor":15.0,"key":"SMITH"},{"data":"Runesmith:HeatedChisel","floor":23,"key":"SMITH"},{"data":"Runesmith:FieryHammer+5","floor":27,"key":"SMITH"},{"data":"Runesmith:HammerTime","floor":32,"key":"SMITH"},{"data":"Runesmith:FieryHammer+7","floor":40,"key":"SMITH"},{"data":"Runesmith:FieryHammer+9","floor":42,"key":"SMITH"},{"data":"Runesmith:FieryHammer+10","floor":45,"key":"SMITH"},{"floor":49,"key":"RECALL"},{"data":"Runesmith:ReplicatingBarrier","floor":52,"key":"SMITH"}],"circlet_count":0,"master_deck":["Runesmith:Defend_RS","Runesmith:Defend_RS","Runesmith:CraftFirestone","Runesmith:Fortify+1","Runesmith:HeatedChisel+1","Runesmith:FieryHammer+5","Runesmith:HammerTime+1","Runesmith:HammerThrow","Runesmith:FieryHammer+11","Runesmith:Augment+1","hubris:DuctTapeCard","Runesmith:EarthShield","Runesmith:MetallurgicalResearch","Runesmith:CraftProtectio+1","Runesmith:ReplicatingBarrier+1","Blind","Good Instincts","Runesmith:ReplicatingBarrier"],"relics":["Runesmith:BrokenRuby","Mango","SlaversCollar","DollysMirror","ClockworkSouvenir","Question Card","hubris:DuctTape","Pen Nib","hubris:Towel","Black Star","Pocketwatch","Ornamental Fan","DeathKnight:PutricidesVial","Whetstone","FossilizedHelix","Potion Belt","hubris:64BitClover","War Paint","Strawberry","Bag of Preparation","Gambling Chip"],"acts_visited":["Exordium","TheCity","TheBeyond","TheEnding"],"potions_floor_usage":[37,47,55,55,55],"damage_taken":[{"damage":0.0,"enemies":"Small Slimes","floor":1.0,"turns":3.0},{"damage":0.0,"enemies":"Cultist","floor":2.0,"turns":3.0},{"damage":0.0,"enemies":"2 Louse","floor":4.0,"turns":3.0},{"damage":3.0,"enemies":"3 Sentries","floor":7.0,"turns":4.0},{"damage":1.0,"enemies":"Exordium Wildlife","floor":10.0,"turns":5.0},{"damage":1.0,"enemies":"Blue Slaver","floor":11.0,"turns":4.0},{"damage":0.0,"enemies":"Large Slime","floor":13.0,"turns":4.0},{"damage":0.0,"enemies":"Exordium Wildlife","floor":14.0,"turns":1.0},{"damage":11.0,"enemies":"Slime Boss","floor":16.0,"turns":6.0},{"damage":0.0,"enemies":"Chosen","floor":18.0,"turns":4.0},{"damage":10.0,"enemies":"2 Thieves","floor":19.0,"turns":3.0},{"damage":8.0,"enemies":"Cultist and Chosen","floor":21.0,"turns":4.0},{"damage":21,"enemies":"Slavers","floor":24,"turns":2},{"damage":0,"enemies":"Sentry and Sphere","floor":25,"turns":3},{"damage":2,"enemies":"Centurion and Healer","floor":28,"turns":4},{"damage":7,"enemies":"Book of Stabbing","floor":29,"turns":3},{"damage":0,"enemies":"Snecko","floor":31,"turns":2},{"damage":0,"enemies":"Collector","floor":33,"turns":3},{"damage":8,"enemies":"Orb Walker","floor":35,"turns":3},{"damage":0,"enemies":"3 Darklings","floor":37,"turns":2},{"damage":2,"enemies":"Mind Bloom Boss Battle","floor":38,"turns":4},{"damage":8,"enemies":"Nemesis","floor":41,"turns":3},{"damage":0,"enemies":"4 Shapes","floor":44,"turns":2},{"damage":0,"enemies":"Sphere and 2 Shapes","floor":46,"turns":2},{"damage":0,"enemies":"Reptomancer","floor":47,"turns":2},{"damage":20,"enemies":"Donu and Deca","floor":50,"turns":3},{"damage":21,"enemies":"Shield and Spear","floor":54,"turns":3},{"damage":11,"enemies":"The Heart","floor":55,"turns":5}],"seed_played":"9072790443832453812","potions_obtained":[{"floor":1.0,"key":"GamblersBrew"},{"floor":10.0,"key":"SmokeBomb"},{"floor":11.0,"key":"LiquidMemories"},{"floor":16.0,"key":"Ancient Potion"},{"floor":18.0,"key":"Explosive Potion"},{"floor":21.0,"key":"DistilledChaos"},{"floor":28,"key":"DistilledChaos"},{"floor":41,"key":"SteroidPotion"},{"floor":47,"key":"PowerPotion"}],"is_trial":false,"path_per_floor":["M","M","?","M","?","R","E","R","T","M","M","R","M","M","R","B",null,"M","M","$","M","?","R","E","M","T","R","M","E","?","M","R","B",null,"M","?","M","?","T","R","E","R","T","M","R","M","E","?","R","B",null,"R","$","E","B",null],"character_chosen":"RUNESMITH_CLASS","items_purchased":["DollysMirror","ClockworkSouvenir","Good Instincts","War Paint","Strawberry"],"campfire_rested":0,"item_purchase_floors":[20,20,53,53,53],"current_hp_per_floor":[49,49,49,49,49,49,60,60,60,59,58,58,58,58,58,47,84,84,74,74,66,66,66,45,45,45,45,43,36,36,36,36,36,84,76,76,76,74,74,74,66,66,66,66,66,66,66,66,66,46,84,84,91,70,59],"gold":66,"neow_bonus":"TRANSFORM_TWO_CARDS","is_daily":false,"chose_seed":false,"campfire_upgraded":11,"win_rate":0.0,"timestamp":1613076051,"path_taken":["M","M","?","?","?","R","E","R","T","M","M","R","M","M","R","BOSS","M","M","$","M","?","R","E","M","T","R","M","E","?","M","R","BOSS","M","?","M","?","?","R","E","R","T","M","R","M","E","?","R","BOSS","R","$","E","BOSS"],"items_purchased_type":["Relic","Relic","Card","Relic","Relic"],"build_version":"2020-12-22","purchased_purges":1,"victory":true,"max_hp_per_floor":[70,70,70,70,70,70,84,84,84,84,84,84,84,84,84,84,84,84,84,84,84,84,84,84,84,84,84,84,84,84,84,84,84,84,84,84,84,84,84,84,84,84,84,84,84,84,84,84,84,84,84,84,91,91,91],"card_choices":[{"not_picked":["Runesmith:NanitesCloud","Runesmith:MakeshiftArmor","Runesmith:Overpower"],"picked":"SKIP","floor":1.0},{"not_picked":["Runesmith:MakeshiftArmor","Runesmith:BackupBattery","Runesmith:ShiftingStrike"],"picked":"SKIP","floor":2.0},{"not_picked":["Runesmith:PerfectChisel","Runesmith:Firestorm","Runesmith:Permafrost"],"picked":"SKIP","floor":4.0},{"not_picked":["Runesmith:HeatExchange","Runesmith:CraftPrismatica","Runesmith:ChiselStab"],"picked":"SKIP","floor":7.0},{"not_picked":["Runesmith:Discharge","Runesmith:MakeshiftArmor","Runesmith:NanitesCloud"],"picked":"SKIP","floor":10.0},{"not_picked":["Runesmith:HeatedChisel","Runesmith:UnstableHammer","Runesmith:CraftMagma"],"picked":"SKIP","floor":11.0},{"not_picked":["Runesmith:BackupBattery","Runesmith:Repurpose"],"picked":"Runesmith:HammerTime","floor":13.0},{"not_picked":["Runesmith:EnergizedChisel","Runesmith:CraftProtectio","Runesmith:RuneHurl"],"picked":"SKIP","floor":14.0},{"not_picked":["Runesmith:ChiselStab","Runesmith:CraftProtectio","Runesmith:Repurpose+1"],"picked":"SKIP","floor":18.0},{"not_picked":["Runesmith:Grindstone","Runesmith:StaticCage+1"],"picked":"Runesmith:HammerThrow","floor":19.0},{"not_picked":["Runesmith:ChiselStab","Runesmith:BackupBattery","Runesmith:ChargedHammer"],"picked":"SKIP","floor":21.0},{"not_picked":["Runesmith:EnergizedChisel+1","Runesmith:CreatorForm"],"picked":"Runesmith:Augment","floor":24},{"not_picked":["Runesmith:Malloc","Runesmith:ElementalConversion+1","Runesmith:FieryHammer","Runesmith:Overpower+1"],"picked":"SKIP","floor":25},{"not_picked":["Runesmith:HammerThrow","Runesmith:BackupBattery","Runesmith:ChaoticBlast+1","Runesmith:LithiumIon"],"picked":"SKIP","floor":28},{"not_picked":["Runesmith:CreatorForm","Runesmith:Overpower+1","Runesmith:BackupBattery","Runesmith:Superposition"],"picked":"SKIP","floor":29},{"not_picked":["Runesmith:ChiselStab","Runesmith:RuneHurl","Runesmith:Refine"],"picked":"Runesmith:EarthShield","floor":31},{"not_picked":["Runesmith:UnlimitedPower","Runesmith:Supernova","Runesmith:Duplicate"],"picked":"Runesmith:MetallurgicalResearch","floor":33},{"not_picked":["Runesmith:FrozenChisel","Runesmith:EnergizedChisel+1","Runesmith:ShiftingStrike","Runesmith:HammerThrow+1"],"picked":"SKIP","floor":35},{"not_picked":["Runesmith:Repurpose+1","Runesmith:HeatedChisel","Runesmith:DoubleUp","Runesmith:Discharge+1"],"picked":"SKIP","floor":37},{"not_picked":["Runesmith:CraftMagma+1","Runesmith:CraftSpiculum","Runesmith:RuneHurl+1","Runesmith:ChargedHammer"],"picked":"SKIP","floor":41},{"not_picked":["Runesmith:BackupBattery","Runesmith:UnstableHammer+1","Runesmith:Attraction+1"],"picked":"Runesmith:CraftProtectio+1","floor":44},{"not_picked":["Runesmith:ShiftingStrike","Runesmith:Attraction","Runesmith:HeatExchange+1","Runesmith:MakeshiftArmor+1"],"picked":"SKIP","floor":46},{"not_picked":["Runesmith:PerfectChisel","Runesmith:Reinforce","Runesmith:CraftReservo+1"],"picked":"Runesmith:ReplicatingBarrier","floor":47},{"not_picked":["Trip","Forethought","Dramatic Entrance"],"picked":"Blind","floor":48},{"not_picked":["Runesmith:BackupBattery+1","Runesmith:RunicBlueprint+1","Runesmith:UnstableHammer+1"],"picked":"Runesmith:ReplicatingBarrier","floor":54}],"player_experience":1117274,"relics_obtained":[{"floor":7.0,"key":"Mango"},{"floor":24,"key":"Question Card"},{"floor":26,"key":"hubris:DuctTape"},{"floor":29,"key":"Pen Nib"},{"floor":38,"key":"Pocketwatch"},{"floor":39,"key":"Ornamental Fan"},{"floor":41,"key":"DeathKnight:PutricidesVial"},{"floor":41,"key":"Whetstone"},{"floor":43,"key":"FossilizedHelix"},{"floor":47,"key":"Potion Belt"},{"floor":47,"key":"hubris:64BitClover"},{"floor":54,"key":"Bag of Preparation"},{"floor":54,"key":"Gambling Chip"}],"event_choices":[{"cards_removed":["Runesmith:Strike_RS"],"damage_healed":0.0,"max_hp_gain":0.0,"max_hp_loss":0.0,"gold_gain":0.0,"event_name":"Bonfire Elementals","player_choice":"Offered Basic","floor":3.0,"gold_loss":0.0,"damage_taken":0.0},{"damage_healed":0.0,"max_hp_gain":0.0,"max_hp_loss":0.0,"gold_gain":0.0,"event_name":"Living Wall","player_choice":"Grow","floor":5.0,"gold_loss":0.0,"damage_taken":0.0,"cards_upgraded":["Runesmith:FieryHammer"]},{"damage_healed":0,"gold_gain":0,"player_choice":"Fight","damage_taken":0,"max_hp_gain":0,"max_hp_loss":0,"event_name":"MindBloom","floor":38,"gold_loss":0},{"damage_healed":0,"gold_gain":0,"player_choice":"Memory 1","damage_taken":0,"max_hp_gain":0,"max_hp_loss":0,"event_name":"SensoryStone","floor":48,"gold_loss":0}],"is_beta":false,"boss_relics":[{"not_picked":["hubris:TerracottaHorce","Fusion Hammer"],"picked":"SlaversCollar"},{"not_picked":["Astrolabe","Snecko Eye"],"picked":"Black Star"}],"items_purged_floors":[53],"is_endless":false,"potions_floor_spawned":[1,10,11,16,18,21,28,29,33,35,41,47],"ascension_level":1}}