{"host":"rtw1tnr74gozsrw1","time":1613016714,"event":{"mods":["BaseMod","Colored Map","Colored Powertips","Highlight Path","Infinite Spire","Minty Spire (QoL Compilation)","StSLib","The Jungle"],"gold_per_floor":[113,113,2,16,16,16,16,16,68,68,80,111,111],"floor_reached":12,"language":"ENG","playtime":188,"items_purged":["Strike_B"],"score":91,"play_id":"5ceed858-ae43-490a-a245-4e5da9651ba5","local_time":"20210211051154","is_ascension_mode":true,"campfire_choices":[{"data":"Loop","floor":6,"key":"SMITH"},{"data":"Zap","floor":8,"key":"SMITH"},{"data":"Force Field","floor":10,"key":"SMITH"}],"circlet_count":0,"master_deck":["Strike_B","Strike_B","Strike_B","Defend_B","Defend_B","Defend_B","Defend_B","Zap+1","Dualcast","Force Field+1","Tempest","Loop+1","Static Discharge"],"relics":["Cracked Core","NeowsBlessing","infinitespire:Lucky Rock","Pocketwatch"],"acts_visited":["Exordium"],"potions_floor_usage":[],"damage_taken":[{"damage":0,"enemies":"Small Slimes","floor":1,"turns":1},{"damage":0,"enemies":"Jaw Worm","floor":4,"turns":1},{"damage":0,"enemies":"2 Louse","floor":11,"turns":2},{"damage":30,"enemies":"3 Sentries","floor":12,"turns":5}],"seed_played":"-1546008795265400007","potions_obtained":[],"is_trial":false,"path_per_floor":["M","?","$","M","$","R","?","R","T","R","M","E"],"character_chosen":"DEFECT","items_purchased":["Tempest"],"campfire_rested":0,"item_purchase_floors":[3],"current_hp_per_floor":[75,75,75,75,75,75,80,80,80,80,80,50,50],"gold":111,"neow_bonus":"THREE_ENEMY_KILL","is_daily":false,"chose_seed":false,"campfire_upgraded":3,"win_rate":0.0,"timestamp":1613016714,"path_taken":["M","?","?","M","?","R","?","R","T","R","M","E"],"items_purchased_type":["Card"],"build_version":"2020-12-22","purchased_purges":1,"victory":false,"max_hp_per_floor":[75,75,75,75,75,75,80,80,80,80,80,80,80],"card_choices":[{"not_picked":["Compile Driver","Barrage"],"picked":"Force Field","floor":1},{"not_picked":["Ball Lightning","Biased Cognition"],"picked":"Loop","floor":4},{"not_picked":["Leap","Sweeping Beam"],"picked":"Static Discharge","floor":11}],"player_experience":129717,"relics_obtained":[{"floor":9,"key":"infinitespire:Lucky Rock"},{"floor":12,"key":"Pocketwatch"}],"event_choices":[{"damage_healed":0,"gold_gain":0,"player_choice":"Donut","damage_taken":0,"max_hp_gain":5,"max_hp_loss":0,"event_name":"Big Fish","floor":7,"gold_loss":0}],"is_beta":false,"boss_relics":[],"items_purged_floors":[3],"is_endless":false,"potions_floor_spawned":[],"killed_by":"3 Sentries","ascension_level":4}}