{"host":"Reve","time":1613014196,"event":{"mods":["BaseMod","Minty Spire (QoL Compilation)"],"gold_per_floor":[164,181,191,121,134,134,148,148,171,171,121,121,165,92,92,215,215,230,230,248,268,115,148,148,247,295,375,375,87,87,112,112,235,235,258,271,123,142,142,142,142,180,180,180,180,180],"floor_reached":45,"language":"ENG","playtime":1452,"items_purged":[],"score":484,"play_id":"132fd30a-454a-4de6-8a94-3c5fbc0dcb35","local_time":"20210210222956","is_ascension_mode":false,"campfire_choices":[{"data":"Barricade","floor":6,"key":"SMITH"},{"data":"Body Slam","floor":10,"key":"SMITH"},{"data":"Rupture","floor":15,"key":"SMITH"},{"data":"Metallicize","floor":30,"key":"SMITH"},{"floor":32,"key":"REST"},{"data":"Uppercut","floor":40,"key":"SMITH"}],"circlet_count":0,"master_deck":["Strike_R","Strike_R","Strike_R+1","Strike_R","Defend_R","Defend_R","Defend_R","Defend_R","Bash","Metallicize+1","Hemokinesis","Body Slam+1","Barricade+1","Cleave","Rupture+1","Iron Wave+1","Iron Wave+1","Clothesline+1","Reaper","Uppercut+1"],"relics":["Tiny House","Regal Pillow","Golden Idol","Bag of Preparation","Sozu","Lee\u0027s Waffle","Toy Ornithopter","Juzu Bracelet","Frozen Egg 2","Incense Burner","Busted Crown","ClockworkSouvenir","PreservedInsect","Gremlin Horn"],"acts_visited":["Exordium","TheCity","TheBeyond"],"potions_floor_usage":[3,20,23,23],"damage_taken":[{"damage":4,"enemies":"Small Slimes","floor":1,"turns":6},{"damage":3,"enemies":"2 Louse","floor":2,"turns":2},{"damage":2,"enemies":"Jaw Worm","floor":3,"turns":2},{"damage":8,"enemies":"Exordium Thugs","floor":5,"turns":5},{"damage":3,"enemies":"2 Fungi Beasts","floor":7,"turns":5},{"damage":0,"enemies":"Lagavulin","floor":13,"turns":7},{"damage":26,"enemies":"Slime Boss","floor":16,"turns":10},{"damage":2,"enemies":"Chosen","floor":18,"turns":4},{"damage":12,"enemies":"2 Thieves","floor":20,"turns":4},{"damage":18,"enemies":"Snecko","floor":21,"turns":10},{"damage":52,"enemies":"Slavers","floor":23,"turns":10},{"damage":10,"enemies":"Centurion and Healer","floor":31,"turns":7},{"damage":43,"enemies":"Collector","floor":33,"turns":13},{"damage":0,"enemies":"Orb Walker","floor":35,"turns":5},{"damage":21,"enemies":"3 Darklings","floor":36,"turns":6},{"damage":9,"enemies":"Spire Growth","floor":38,"turns":6},{"damage":70,"enemies":"Reptomancer","floor":42,"turns":13},{"damage":40,"enemies":"Transient","floor":45,"turns":5}],"seed_played":"826972168288508265","potions_obtained":[{"floor":0,"key":"FearPotion"},{"floor":2,"key":"Block Potion"},{"floor":3,"key":"Energy Potion"},{"floor":13,"key":"Regen Potion"}],"is_trial":false,"path_per_floor":["M","M","M","$","M","R","M","?","T","R","?","?","E","$","R","B",null,"M","?","M","M","$","E","$","?","T","T","?","$","R","M","R","B",null,"M","M","$","M","?","R","$","E","T","?","M"],"character_chosen":"IRONCLAD","items_purchased":["Barricade","Rupture","Lee\u0027s Waffle","Incense Burner","ClockworkSouvenir"],"campfire_rested":1,"item_purchase_floors":[4,14,22,29,37],"current_hp_per_floor":[81,78,76,76,68,68,65,85,85,85,85,79,79,79,79,53,79,77,74,62,44,86,49,49,49,49,49,49,49,49,39,79,36,86,86,78,78,78,78,78,78,16,16,16,0,0],"gold":180,"neow_bonus":"BOSS_RELIC","is_daily":false,"chose_seed":false,"campfire_upgraded":5,"win_rate":0.0,"timestamp":1613014196,"path_taken":["M","M","M","$","M","R","M","?","T","R","?","?","E","$","R","BOSS","M","?","M","M","$","E","?","?","T","?","?","$","R","M","R","BOSS","M","M","$","M","?","R","?","E","T","?","M"],"items_purchased_type":["Card","Card","Relic","Relic","Relic"],"build_version":"2020-12-18","purchased_purges":0,"victory":false,"max_hp_per_floor":[85,85,85,85,85,85,85,85,85,85,85,79,79,79,79,79,79,79,79,79,79,86,86,86,86,86,86,86,86,86,86,86,86,86,86,86,86,86,86,86,86,86,86,86,86,86],"card_choices":[{"not_picked":["Twin Strike","Searing Blow"],"picked":"Metallicize","floor":0},{"not_picked":["Clothesline","True Grit"],"picked":"Hemokinesis","floor":1},{"not_picked":["Anger","Second Wind"],"picked":"Body Slam","floor":2},{"not_picked":["Heavy Blade","Searing Blow"],"picked":"Ghostly Armor","floor":3},{"not_picked":["Armaments","Heavy Blade","Warcry"],"picked":"SKIP","floor":5},{"not_picked":["True Grit","Evolve"],"picked":"Cleave","floor":7},{"not_picked":["Clothesline","Headbutt","Clash"],"picked":"SKIP","floor":13},{"not_picked":["Rupture","Anger","Dual Wield"],"picked":"SKIP","floor":18},{"not_picked":["Armaments","True Grit"],"picked":"Iron Wave+1","floor":20},{"not_picked":["Twin Strike","Disarm","Clash"],"picked":"SKIP","floor":21},{"not_picked":["Evolve+1","Dark Embrace+1"],"picked":"Iron Wave+1","floor":23},{"not_picked":["Iron Wave","Berserk+1"],"picked":"Clothesline+1","floor":31},{"not_picked":["Impervious","Double Tap"],"picked":"Reaper","floor":33},{"not_picked":["Perfected Strike"],"picked":"SKIP","floor":35},{"not_picked":[],"picked":"Uppercut","floor":36},{"not_picked":["Power Through+1"],"picked":"SKIP","floor":38},{"not_picked":["Whirlwind"],"picked":"SKIP","floor":42}],"player_experience":215974,"relics_obtained":[{"floor":9,"key":"Regal Pillow"},{"floor":13,"key":"Bag of Preparation"},{"floor":23,"key":"Toy Ornithopter"},{"floor":26,"key":"Juzu Bracelet"},{"floor":27,"key":"Frozen Egg 2"},{"floor":42,"key":"PreservedInsect"},{"floor":43,"key":"Gremlin Horn"}],"event_choices":[{"damage_healed":28,"gold_gain":0,"player_choice":"Banana","damage_taken":0,"max_hp_gain":0,"max_hp_loss":0,"event_name":"Big Fish","floor":8,"gold_loss":0},{"cards_removed":["Strike_R"],"damage_healed":0,"gold_gain":0,"player_choice":"Card Removal","damage_taken":0,"max_hp_gain":0,"max_hp_loss":0,"event_name":"The Cleric","floor":11,"gold_loss":50},{"damage_healed":0,"gold_gain":0,"player_choice":"Lose Max HP","damage_taken":0,"relics_obtained":["Golden Idol"],"max_hp_gain":0,"max_hp_loss":6,"event_name":"Golden Idol","floor":12,"gold_loss":0},{"damage_healed":0,"gold_gain":0,"player_choice":"Punched","damage_taken":3,"max_hp_gain":0,"max_hp_loss":0,"event_name":"Designer","floor":19,"gold_loss":0},{"damage_healed":0,"gold_gain":99,"player_choice":"Stole From Cult","damage_taken":0,"max_hp_gain":0,"max_hp_loss":0,"event_name":"Nest","floor":25,"gold_loss":0},{"damage_healed":0,"gold_gain":0,"player_choice":"Ignored","damage_taken":0,"max_hp_gain":0,"max_hp_loss":0,"event_name":"Ghosts","floor":28,"gold_loss":0},{"damage_healed":0,"gold_gain":0,"player_choice":"Ignored","damage_taken":0,"max_hp_gain":0,"max_hp_loss":0,"event_name":"NoteForYourself","floor":39,"gold_loss":0},{"cards_removed":["Ghostly Armor"],"damage_healed":0,"gold_gain":0,"player_choice":"Removed Skill","damage_taken":0,"max_hp_gain":0,"max_hp_loss":0,"event_name":"Falling","floor":44,"gold_loss":0}],"is_beta":true,"boss_relics":[{"not_picked":["Runic Pyramid","Velvet Choker"],"picked":"Sozu"},{"not_picked":["Fusion Hammer","SacredBark"],"picked":"Busted Crown"}],"items_purged_floors":[],"is_endless":false,"potions_floor_spawned":[2,3,13,23,33,42],"killed_by":"Transient","ascension_level":0}}