{"host":"ajxvnmsjfcleb5r5","time":1613024207,"event":{"mods":["2.2 Compatiblity","AchievementEnabler","BaseMod","Beaked The Cultist","Better Note","BetterRewards","Card Forge","Clockwork Mod","Colored Powertips","DNKmod","Friendly Minions","Infinite Spire","Minty Spire (QoL Compilation)","Quick Restart","Shop Mod","StSLib","SuperFastMode"],"gold_per_floor":[17,28,43,59,234,234,234,251,251,107,107,77,77,95,95,195,195,208,208,236,216,216,247,247,247,247,259,277,277,277,289,289,389,389,400,400,417,417,417,417,447,447,447,547,547,567,581,591,591,591],"floor_reached":51,"language":"KOR","playtime":2292,"items_purged":["Doubt"],"score":1157,"play_id":"dcc682bd-d28e-4fab-9256-3e17286adad9","local_time":"20210211151647","is_ascension_mode":false,"campfire_choices":[{"data":"Clockwork:OccamsRazor","floor":6.0,"key":"SMITH"},{"data":"Clockwork:Improve","floor":15.0,"key":"SMITH"},{"data":"Clockwork:ElasticNanites","floor":24.0,"key":"SMITH"},{"data":"Clockwork:WarmUp","floor":32.0,"key":"SMITH"},{"data":"Clockwork:Shield","floor":40.0,"key":"SMITH"},{"data":"Clockwork:Shield","floor":42.0,"key":"SMITH"},{"data":"Clockwork:Tinker","floor":49,"key":"PURGE"}],"circlet_count":0,"master_deck":["Clockwork:Shield+1","Clockwork:Shield+1","Clockwork:WarmUp+1","Clockwork:OccamsRazor+1","Clockwork:ElasticNanites+1","Clockwork:SiegeStrike+1","Clockwork:AdaptiveShield+1","Clockwork:HeadStart+1","infinitespire:Gouge+1","CurseOfTheBell","infinitespire:FutureSight","Clockwork:ReactiveNanites","Clockwork:OverlyWoundupStrike+1"],"relics":["Clockwork:MomentumEngine","Hammer of Thor","Seething Fire","Anvil of the Gods","infinitespire:Eraser","Pocketwatch","Clockwork:CopperScales","FossilizedHelix","Molten Egg 2","beaked:MawFillet","Matryoshka","Centennial Puzzle","NlothsMask","Toy Ornithopter","Pear","infinitespire:CheckeredPen","Calling Bell","Strawberry","Sundial","Clockwork:BootleggersToolkit","infinitespire:Joker Card","Clockwork:BloodPhial","Clockwork:SomewhatSmoothStone","White Beast Statue","Lizard Tail","Clockwork:QuicksilverHourglass","Clockwork:Varja","Peace Pipe"],"acts_visited":["Exordium","TheCity","TheBeyond"],"potions_floor_usage":[],"damage_taken":[{"damage":3.0,"enemies":"Cultist","floor":1.0,"turns":5.0},{"damage":19.0,"enemies":"infinitespire:Voidling","floor":2.0,"turns":6.0},{"damage":0.0,"enemies":"2 Louse","floor":3.0,"turns":3.0},{"damage":6.0,"enemies":"2 Fungi Beasts","floor":4.0,"turns":4.0},{"damage":14.0,"enemies":"Blue Slaver","floor":8.0,"turns":6.0},{"damage":0.0,"enemies":"Looter","floor":12.0,"turns":4.0},{"damage":0.0,"enemies":"Large Slime","floor":14.0,"turns":10.0},{"damage":0.0,"enemies":"Slime Boss","floor":16.0,"turns":18.0},{"damage":0.0,"enemies":"Spheric Guardian","floor":18.0,"turns":5.0},{"damage":11.0,"enemies":"Gremlin Leader","floor":20.0,"turns":9.0},{"damage":0.0,"enemies":"2 Thieves","floor":21.0,"turns":4.0},{"damage":0.0,"enemies":"Slavers","floor":23.0,"turns":5.0},{"damage":0.0,"enemies":"Snecko","floor":27.0,"turns":6.0},{"damage":0.0,"enemies":"Chosen and Byrds","floor":28.0,"turns":5.0},{"damage":0.0,"enemies":"Snake Plant","floor":31.0,"turns":4.0},{"damage":0.0,"enemies":"Automaton","floor":33.0,"turns":9.0},{"damage":9.0,"enemies":"3 Darklings","floor":35.0,"turns":7.0},{"damage":0.0,"enemies":"3 Shapes","floor":37.0,"turns":6.0},{"damage":0.0,"enemies":"Reptomancer","floor":41.0,"turns":8.0},{"damage":0.0,"enemies":"infinitespire:Three Voidlings","floor":44.0,"turns":4.0},{"damage":20.0,"enemies":"Nightmare_Alpha","floor":44.0,"turns":7.0},{"damage":11,"enemies":"3 Darklings","floor":46,"turns":5},{"damage":0,"enemies":"Writhing Mass","floor":47,"turns":5},{"damage":0,"enemies":"4 Shapes","floor":48,"turns":4},{"damage":0,"enemies":"Donu and Deca","floor":50,"turns":8}],"seed_played":"-5110342614320506783","potions_obtained":[{"floor":2.0,"key":"ColorlessPotion"},{"floor":14.0,"key":"BlessingOfTheForge"},{"floor":16.0,"key":"Energy Potion"},{"floor":44,"key":"LiquidBronze"}],"is_trial":false,"path_per_floor":["M","M","M","M","?","R","?","M","T","$","?","M","$","M","R","B",null,"M","?","E","M","?","E","R","?","T","M","M","T","AVR","M","R","B",null,"M","AVR","M","?","?","R","E","R","T","?","?","M","M","M","R","B",null],"character_chosen":"CLOCKWORK","items_purchased":["Clockwork:ElasticNanites"],"campfire_rested":0,"item_purchase_floors":[10],"current_hp_per_floor":[82,72,72,66,66,66,66,52,52,52,40,40,40,40,40,40,85,85,85,74,74,74,74,74,74,74,74,74,84,84,84,84,89,102,93,93,99,99,99,99,101,101,101,82,82,79,83,87,87,97],"gold":591,"neow_bonus":"REMOVE_TWO","is_daily":false,"chose_seed":false,"campfire_upgraded":6,"win_rate":0.0,"timestamp":1613024207,"path_taken":["M","?","M","?","?","R","?","M","T","$","?","M","$","M","R","BOSS","M","?","E","M","?","E","R","?","T","M","M","?","AVR","M","R","BOSS","M","AVR","M","?","?","R","E","R","T","?","?","?","M","M","R","BOSS"],"items_purchased_type":["Card"],"build_version":"2020-12-22","purchased_purges":1,"victory":true,"max_hp_per_floor":[85,85,85,85,85,85,85,85,85,85,85,85,85,85,85,85,85,85,85,85,85,85,85,85,85,85,85,85,95,95,95,95,95,102,102,102,102,102,102,102,102,102,102,102,102,102,102,102,102,102],"card_choices":[{"not_picked":["Clockwork:HeadStart","Clockwork:ChargingBlade"],"picked":"Clockwork:CraftCopperScales","floor":1.0},{"not_picked":["Clockwork:CogShield","Clockwork:SystemScan","Clockwork:ForgeStrike"],"picked":"SKIP","floor":2.0},{"not_picked":["Clockwork:FalseStart","Clockwork:ChargingShield"],"picked":"Clockwork:OccamsRazor","floor":3.0},{"not_picked":["Clockwork:SystemHardening","Clockwork:Selectivity"],"picked":"Clockwork:Downsize","floor":4.0},{"not_picked":["Clockwork:SystemScan","Clockwork:Pluck","Clockwork:MechanicalMass"],"picked":"SKIP","floor":8.0},{"not_picked":["Clockwork:SpringShield","Clockwork:SystemScan"],"picked":"Clockwork:Improve","floor":12.0},{"not_picked":["Clockwork:Redundancy+1","Clockwork:ElasticNanites","Clockwork:ChargingShield"],"picked":"SKIP","floor":14.0},{"not_picked":["Clockwork:TimeWalk","Clockwork:UnlimitedCogworks"],"picked":"Clockwork:SiegeStrike+1","floor":16.0},{"not_picked":["Clockwork:AdaptiveCannon+1","Clockwork:ForgeStrike+1","Clockwork:Improve+1"],"picked":"SKIP","floor":18.0},{"not_picked":["Clockwork:SmithsMallet+1","Clockwork:SnapKeep+1","Clockwork:Roundhouse+1"],"picked":"SKIP","floor":20.0},{"not_picked":["Clockwork:Roundhouse+1","Clockwork:Enhance"],"picked":"Clockwork:AdaptiveShield+1","floor":21.0},{"not_picked":["Clockwork:Minimalism+1","Clockwork:SearchingStrike+1"],"picked":"Clockwork:HeadStart+1","floor":23.0},{"not_picked":["Clockwork:AssemblyLine","Clockwork:MechanicalMass+1","Clockwork:Friction+1"],"picked":"SKIP","floor":27.0},{"not_picked":["Clockwork:LogisticRegression","Clockwork:AdaptiveCannon+1"],"picked":"Clockwork:WindupStrike+1","floor":28.0},{"not_picked":["Clockwork:HeadStart+1","Clockwork:TestingEnvironment","Clockwork:SnapKeep+1"],"picked":"SKIP","floor":31.0},{"not_picked":["Clockwork:WindupStrike+1","Clockwork:Strangle+1"],"picked":"Clockwork:CraftMomentumEngine","floor":33.0},{"not_picked":["Clockwork:MechanicalMass+1","Clockwork:ForgeStrike+1"],"picked":"Clockwork:CraftBloodPhial+1","floor":35.0},{"not_picked":["Clockwork:ReserveSystems","Clockwork:RitualDaggerMk0+1","Clockwork:CraftCopperScales"],"picked":"SKIP","floor":37.0},{"not_picked":["Dramatic Entrance+1","Master of Strategy"],"picked":"Flash of Steel+1","floor":39.0},{"not_picked":["Clockwork:ForgeStrike+1","Clockwork:Friction+1","Clockwork:CogBarrier"],"picked":"SKIP","floor":41.0},{"not_picked":["infinitespire:DeathsTouch","infinitespire:FinalStrike"],"picked":"infinitespire:FutureSight","floor":44},{"not_picked":["Clockwork:CraftVarja","Clockwork:SmithsMallet+1","Clockwork:CogBarrier+1"],"picked":"SKIP","floor":46},{"not_picked":["Clockwork:CraftVarja","Clockwork:SmithsMallet+1","Clockwork:CogBarrier+1"],"picked":"SKIP","floor":46},{"not_picked":["Clockwork:CogShield","Clockwork:LogisticRegression+1","Clockwork:CogBarrier+1"],"picked":"SKIP","floor":47},{"not_picked":["Clockwork:CogShield","Clockwork:LogisticRegression+1","Clockwork:CogBarrier+1"],"picked":"SKIP","floor":47},{"not_picked":["Clockwork:AdaptiveCannon+1","Clockwork:ChargingShield+1"],"picked":"Clockwork:ReactiveNanites","floor":48}],"player_experience":187546,"relics_obtained":[{"floor":9.0,"key":"FossilizedHelix"},{"floor":20.0,"key":"Matryoshka"},{"floor":23.0,"key":"Centennial Puzzle"},{"floor":26.0,"key":"Toy Ornithopter"},{"floor":29.0,"key":"Pear"},{"floor":29.0,"key":"infinitespire:CheckeredPen"},{"floor":34.0,"key":"Strawberry"},{"floor":34.0,"key":"Sundial"},{"floor":41.0,"key":"White Beast Statue"},{"floor":43.0,"key":"Lizard Tail"},{"floor":44,"key":"Peace Pipe"}],"event_choices":[{"damage_healed":0.0,"max_hp_gain":0.0,"max_hp_loss":0.0,"gold_gain":175.0,"event_name":"Liars Game","player_choice":"AGREE","floor":5.0,"gold_loss":0.0,"damage_taken":0.0,"cards_obtained":["Doubt"]},{"damage_healed":0.0,"max_hp_gain":0.0,"max_hp_loss":0.0,"gold_gain":0.0,"event_name":"Dead Adventurer","player_choice":"Searched \u00270\u0027 times","floor":7.0,"gold_loss":0.0,"damage_taken":0.0},{"damage_healed":0.0,"max_hp_gain":0.0,"max_hp_loss":0.0,"gold_gain":0.0,"event_name":"Scrap Ooze","player_choice":"Success","floor":11.0,"gold_loss":0.0,"damage_taken":12.0,"relics_obtained":["Molten Egg 2"]},{"cards_removed":["Clockwork:Strike"],"damage_healed":0.0,"max_hp_gain":0.0,"max_hp_loss":0.0,"gold_gain":0.0,"event_name":"Bonfire Elementals","player_choice":"Offered Basic","floor":19.0,"gold_loss":0.0,"damage_taken":0.0},{"cards_removed":["Clockwork:Improve"],"damage_healed":0.0,"max_hp_gain":0.0,"max_hp_loss":0.0,"gold_gain":0.0,"event_name":"Purifier","player_choice":"Purged","floor":22.0,"gold_loss":0.0,"damage_taken":0.0},{"damage_healed":0.0,"max_hp_gain":0.0,"max_hp_loss":0.0,"gold_gain":0.0,"event_name":"FaceTrader","player_choice":"Trade","floor":25.0,"gold_loss":0.0,"damage_taken":0.0,"relics_obtained":["NlothsMask"]},{"damage_healed":0.0,"max_hp_gain":0.0,"max_hp_loss":0.0,"gold_gain":0.0,"event_name":"Tomb of Lord Red Mask","player_choice":"Ignored","floor":38.0,"gold_loss":0.0,"damage_taken":0.0},{"damage_healed":0.0,"max_hp_gain":0.0,"max_hp_loss":0.0,"gold_gain":0.0,"event_name":"SensoryStone","player_choice":"Memory 1","floor":39.0,"gold_loss":0.0,"damage_taken":0.0},{"damage_healed":0,"gold_gain":0,"player_choice":"Memory 1","damage_taken":0,"max_hp_gain":0,"max_hp_loss":0,"event_name":"SensoryStone","floor":44,"gold_loss":0},{"cards_removed":["Flash of Steel"],"damage_healed":0,"gold_gain":0,"player_choice":"Removed Attack","damage_taken":0,"max_hp_gain":0,"max_hp_loss":0,"event_name":"Falling","floor":45,"gold_loss":0}],"is_beta":false,"boss_relics":[{"not_picked":["Busted Crown","Coffee Dripper"],"picked":"beaked:MawFillet"},{"not_picked":["Runic Dome","Snecko Eye"],"picked":"Calling Bell"}],"items_purged_floors":[10],"is_endless":false,"potions_floor_spawned":[2,14,16,21,23,28,31,44,44,46,47,48],"ascension_level":0}}