{"host":"7k2a2omxz3voj5ax","time":1613066922,"event":{"mods":["BaseMod","Marisa£¨ìFÓê¡¡Ä§ÀíÉ³£©","Minty Spire (QoL Compilation)","Quick Restart","Spicy Shops","StSLib","Starting Relic: Pandora\u0027s Box","Yakumo Yukari mod","¡¾ÒÅÎï¿¨ÅÆ¡¿REMEMod","óô»ðÖ¸ÄÏ"],"gold_per_floor":[112,112,3534,3534,2744,1554,828,862,875,875,898,919,959,410,446,465,465,589,589,609,106,31,56,56,90,90,90,134,147,221,264,264,300,300,315,315,340,340,340,464,464,480,498,498,308,308,363,384,418,341,379,81,105,170,208,208,243,267,292,168,168,168,168,22,66,66],"floor_reached":67,"language":"ZHS","playtime":1356,"items_purged":["UnstableBomb","DragonMeteor","Doubt","MasterSpark","SporeBomb","UpSweep","NonDirectionalLaser","GalacticHalo+1","OortCloud"],"score":2695,"play_id":"861750ae-48f0-4ab7-90b6-01a9c1715dcc","local_time":"20210212030842","is_ascension_mode":true,"campfire_choices":[{"data":"BlazeAway","floor":17.0,"key":"SMITH"},{"data":"Ragnarok","floor":26.0,"key":"SMITH"},{"data":"MilkyWay","floor":34.0,"key":"SMITH"},{"data":"PowerUp","floor":38.0,"key":"SMITH"},{"floor":39.0,"key":"RECALL"}],"circlet_count":2,"master_deck":["PowerUp+1","Ragnarok+1","BlazeAway+1","MilkyWay+1","Flash of Steel","Acrobatics+1"],"relics":["MiniHakkero","REME_ComplimentaryCards","NeowsBlessing","Blood Vial","Golden Idol","Sundial","Medical Kit","Gambling Chip","Question Card","SproutingBranch","Lantern","SimpleLauncher","War Paint","Frozen Egg 2","ClockworkSouvenir","Tiny Chest","Matryoshka","Toy Ornithopter","Juzu Bracelet","Bird Faced Urn","White Beast Statue","FossilizedHelix","Black Star","Membership Card","Akabeko","HandmadeGrimoire","REME_HandOfSuture","Lizard Tail","Torii","Art of War","Bag of Marbles","Omamori","Meat on the Bone","REME_HourglassOfDeath","TungstenRod","Regal Pillow","SlaversCollar","TheAbacus","Frozen Eye","Potion Belt","Incense Burner","Boot","Happy Flower","Letter Opener","PrismaticShard","InkBottle","BreadOfAWashokuLover","Calipers","Bag of Preparation","Mango","Centennial Puzzle","Thread and Needle","Gremlin Horn","Eternal Feather","Anchor","AmplifyWand","MagicBroom","Circlet"],"acts_visited":["Exordium","TheCity","TheBeyond","TheEnding"],"potions_floor_usage":[65,66,66],"damage_taken":[{"damage":0.0,"enemies":"Small Slimes","floor":1.0,"turns":1.0},{"damage":0.0,"enemies":"Lagavulin","floor":8.0,"turns":1.0},{"damage":0.0,"enemies":"Jaw Worm","floor":9.0,"turns":1.0},{"damage":0.0,"enemies":"2 Louse","floor":12.0,"turns":1.0},{"damage":34.0,"enemies":"3 Sentries","floor":13.0,"turns":4.0},{"damage":0.0,"enemies":"Gremlin Nob","floor":15.0,"turns":2.0},{"damage":0.0,"enemies":"Looter","floor":16.0,"turns":1.0},{"damage":0.0,"enemies":"Slime Boss","floor":18.0,"turns":1.0},{"damage":0.0,"enemies":"3 Byrds","floor":20.0,"turns":2.0},{"damage":0.0,"enemies":"2 Thieves","floor":23.0,"turns":1.0},{"damage":0.0,"enemies":"Slavers","floor":25.0,"turns":1.0},{"damage":0.0,"enemies":"Gremlin Leader","floor":28.0,"turns":1.0},{"damage":0.0,"enemies":"Shelled Parasite and Fungi","floor":29.0,"turns":1.0},{"damage":0.0,"enemies":"Slavers","floor":31.0,"turns":1.0},{"damage":0.0,"enemies":"Book of Stabbing","floor":33.0,"turns":1.0},{"damage":0.0,"enemies":"Snecko","floor":35.0,"turns":1.0},{"damage":0.0,"enemies":"Snake Plant","floor":37.0,"turns":1.0},{"damage":0.0,"enemies":"Collector","floor":40.0,"turns":1.0},{"damage":6.0,"enemies":"3 Shapes","floor":42.0,"turns":1.0},{"damage":0.0,"enemies":"Orb Walker","floor":43.0,"turns":1.0},{"damage":0.0,"enemies":"Orb Walker","floor":46.0,"turns":2.0},{"damage":0.0,"enemies":"3 Darklings","floor":48.0,"turns":1.0},{"damage":0.0,"enemies":"Reptomancer","floor":49.0,"turns":1.0},{"damage":0.0,"enemies":"Giant Head","floor":51.0,"turns":1.0},{"damage":0.0,"enemies":"2 Orb Walkers","floor":54.0,"turns":1.0},{"damage":0.0,"enemies":"Nemesis","floor":55.0,"turns":1.0},{"damage":0.0,"enemies":"Giant Head","floor":57.0,"turns":1.0},{"damage":0.0,"enemies":"Maw","floor":58.0,"turns":1.0},{"damage":0.0,"enemies":"Transient","floor":59.0,"turns":1.0},{"damage":0.0,"enemies":"Awakened One","floor":61.0,"turns":2.0},{"damage":0,"enemies":"Shield and Spear","floor":65,"turns":1},{"damage":0,"enemies":"The Heart","floor":66,"turns":3}],"seed_played":"-789133533147907632","potions_obtained":[{"floor":1.0,"key":"PanachePotion"},{"floor":15.0,"key":"Fire Potion"},{"floor":16.0,"key":"FearPotion"},{"floor":18.0,"key":"LiquidMemories"},{"floor":20.0,"key":"SteroidPotion"},{"floor":23.0,"key":"DuplicationPotion"},{"floor":25.0,"key":"FairyPotion"},{"floor":31.0,"key":"DistilledChaos"},{"floor":48.0,"key":"LiquidBronze"},{"floor":49.0,"key":"SpeedPotion"},{"floor":65,"key":"Fruit Juice"}],"is_trial":false,"path_per_floor":["M","?","$","?","$","R","$","E","M","T","T","M","E","R","E","M","R","B",null,"M","$","?","M","?","E","R","?","E","M","T","E","T","E","R","M","T","M","R","R","B",null,"M","M","?","$","?","T","M","E","R","E","$","T","?","E","?","E","M","M","R","B",null,"R","$","E","B",null],"character_chosen":"MARISA","items_purchased":["BlazeAway","Blood Vial","Sundial","Medical Kit","Gambling Chip","Question Card","SproutingBranch","Lantern","SimpleLauncher","War Paint","Frozen Egg 2","ClockworkSouvenir","White Beast Statue","Membership Card","Akabeko","MilkyWay","TheAbacus","Frozen Eye","Potion Belt","Incense Burner","PrismaticShard","Calipers","Bag of Preparation","Mango","AmplifyWand","MagicBroom"],"campfire_rested":0,"item_purchase_floors":[3,3,5,5,5,6,6,6,6,7,7,7,14,21,21,21,45,45,45,45,50,52,52,52,60,64],"current_hp_per_floor":[68,73,73,53,53,53,53,55,57,57,57,59,39,39,46,48,48,50,73,80,80,80,80,80,80,80,80,80,80,80,80,80,80,80,80,80,80,80,80,80,80,74,76,76,76,80,80,80,80,80,80,94,94,94,94,85,87,89,91,94,94,94,94,94,99,99],"gold":66,"neow_bonus":"THREE_ENEMY_KILL","is_daily":false,"chose_seed":false,"campfire_upgraded":4,"win_rate":0.0,"timestamp":1613066922,"path_taken":["M","?","$","?","$","R","$","E","M","T","T","M","E","R","E","M","R","BOSS","M","$","?","M","?","E","R","?","E","M","T","E","?","E","R","M","?","M","R","R","BOSS","M","M","?","$","?","?","M","E","R","E","$","T","?","E","?","E","M","M","R","BOSS","R","$","E","BOSS"],"items_purchased_type":["Card","Relic","Relic","Relic","Relic","Relic","Relic","Relic","Relic","Relic","Relic","Relic","Relic","Relic","Relic","Card","Relic","Relic","Relic","Relic","Relic","Relic","Relic","Relic","Relic","Relic"],"build_version":"2020-12-22","purchased_purges":9,"victory":true,"max_hp_per_floor":[75,80,80,80,80,80,80,80,80,80,80,80,80,80,80,80,80,80,80,80,80,80,80,80,80,80,80,80,80,80,80,80,80,80,80,80,80,80,80,80,80,80,80,80,80,80,80,80,80,80,80,94,94,94,94,94,94,94,94,94,94,94,94,94,99,99],"card_choices":[{"not_picked":["StarBarrage","ShootingEcho","AsteroidBelt"],"picked":"SKIP","floor":1.0},{"not_picked":["MilkyWay","AsteroidBelt","DarkMatter","6A"],"picked":"SKIP","floor":8.0},{"not_picked":["MilkyWay","LuminesStrike","DC","GravityBeat"],"picked":"SKIP","floor":9.0},{"not_picked":["GrandCross","EventHorizon+1","MysteriousBeam","StarBarrage"],"picked":"SKIP","floor":12.0},{"not_picked":["UnstableBomb","GravityBeat","FairyDestructionRay","NonDirectionalLaser"],"picked":"SKIP","floor":13.0},{"not_picked":["ChargingUp","ManaRampage","ChargeUpSpray","AsteroidBelt"],"picked":"SKIP","floor":15.0},{"not_picked":["WitchOfGreed+1","MysteriousBeam","GalacticHalo","LuminesStrike"],"picked":"SKIP","floor":16.0},{"not_picked":["StarBarrage","NonDirectionalLaser","GasGiant","GalacticHalo"],"picked":"SKIP","floor":20.0},{"not_picked":["ShootingEcho","NonDirectionalLaser+1","PowerUp","6A"],"picked":"SKIP","floor":23.0},{"not_picked":["GalacticHalo","GasGiant+1","UnstableBomb","IllusionStar"],"picked":"SKIP","floor":25.0},{"not_picked":["RefractionSpark","UnstableBomb","GalacticHalo+1","SuperPerseids"],"picked":"SKIP","floor":28.0},{"not_picked":["EventHorizon+1","UnstableBomb","DragonMeteor","Acceleration"],"picked":"SKIP","floor":29.0},{"not_picked":["GalacticHalo","PropBag","EventHorizon+1","BlazingStar"],"picked":"SKIP","floor":31.0},{"not_picked":["DeepEcoloBomb","MachineGunSpark","MillisecondPulsars+1","Robbery"],"picked":"SKIP","floor":33.0},{"not_picked":["DeepEcoloBomb","MachineGunSpark","MillisecondPulsars+1","Robbery"],"picked":"SKIP","floor":33.0},{"not_picked":["AsteroidBelt+1","WitchLeyline","LuminesStrike","PowerUp+1"],"picked":"SKIP","floor":35.0},{"not_picked":["DoubleSpark","6A","WitchOfGreed+1","MagicAbsorber"],"picked":"SKIP","floor":37.0},{"not_picked":["ShootingEcho+1","UnstableBomb","EventHorizon+1","SporeBomb+1"],"picked":"SKIP","floor":42.0},{"not_picked":["AsteroidBelt+1","PulseMagic","IllusionStar","ShootTheMoon"],"picked":"SKIP","floor":43.0},{"not_picked":["OpenUniverse+1","PowerUp+1","SprinkleStarSeal","PropBag"],"picked":"SKIP","floor":48.0},{"not_picked":["Acceleration","OrrerysSun+1","AbsoluteMagnitude","DC"],"picked":"SKIP","floor":49.0},{"not_picked":["DeceiveReality","CrushJoints+1","FearNoEvil","Setup+1"],"picked":"SKIP","floor":51.0},{"not_picked":["REME_MagicPocketWatch+1","UnstableBomb","RefractionSpark+1","Warcry"],"picked":"SKIP","floor":55.0},{"not_picked":["Magnetism+1","Purity","Chrysalis"],"picked":"Flash of Steel","floor":56.0},{"not_picked":["Shrug It Off+1","WitchLeyline","Steam","Cold Snap"],"picked":"SKIP","floor":57.0},{"not_picked":["Steam+1","Footwork+1","Calculated Gamble"],"picked":"Acrobatics+1","floor":58.0},{"not_picked":["Turbo+1","Poisoned Stab","Prepared","Flex"],"picked":"SKIP","floor":59.0},{"not_picked":["Leap+1","REME_Repentance","Nirvana+1","WingOfChimera_purple+1"],"picked":"SKIP","floor":65}],"player_experience":323475,"relics_obtained":[{"floor":8.0,"key":"Tiny Chest"},{"floor":10.0,"key":"Matryoshka"},{"floor":11.0,"key":"Toy Ornithopter"},{"floor":11.0,"key":"Juzu Bracelet"},{"floor":13.0,"key":"Bird Faced Urn"},{"floor":15.0,"key":"FossilizedHelix"},{"floor":25.0,"key":"HandmadeGrimoire"},{"floor":25.0,"key":"REME_HandOfSuture"},{"floor":28.0,"key":"Lizard Tail"},{"floor":28.0,"key":"Torii"},{"floor":30.0,"key":"Art of War"},{"floor":31.0,"key":"Bag of Marbles"},{"floor":31.0,"key":"Omamori"},{"floor":32.0,"key":"Meat on the Bone"},{"floor":33.0,"key":"REME_HourglassOfDeath"},{"floor":33.0,"key":"TungstenRod"},{"floor":36.0,"key":"Regal Pillow"},{"floor":47.0,"key":"Boot"},{"floor":49.0,"key":"Happy Flower"},{"floor":49.0,"key":"Letter Opener"},{"floor":51.0,"key":"InkBottle"},{"floor":51.0,"key":"BreadOfAWashokuLover"},{"floor":53.0,"key":"Centennial Puzzle"},{"floor":54.0,"key":"Thread and Needle"},{"floor":55.0,"key":"Gremlin Horn"},{"floor":55.0,"key":"Eternal Feather"},{"floor":57.0,"key":"Anchor"},{"floor":65,"key":"Circlet"},{"floor":65,"key":"Circlet"}],"event_choices":[{"damage_healed":0.0,"max_hp_gain":5.0,"max_hp_loss":0.0,"gold_gain":0.0,"event_name":"Big Fish","player_choice":"Donut","floor":2.0,"gold_loss":0.0,"damage_taken":0.0},{"damage_healed":0.0,"max_hp_gain":0.0,"max_hp_loss":0.0,"gold_gain":0.0,"event_name":"Golden Idol","player_choice":"Take Damage","floor":4.0,"gold_loss":0.0,"damage_taken":20.0,"relics_obtained":["Golden Idol"]},{"cards_removed":["SporeBomb"],"damage_healed":0.0,"max_hp_gain":0.0,"max_hp_loss":0.0,"gold_gain":0.0,"event_name":"Beggar","player_choice":"Gave Gold","floor":22.0,"gold_loss":75.0,"damage_taken":0.0},{"damage_healed":0.0,"max_hp_gain":0.0,"max_hp_loss":0.0,"gold_gain":0.0,"event_name":"The Mausoleum","player_choice":"Ignored","floor":27.0,"gold_loss":0.0,"damage_taken":0.0},{"damage_healed":0.0,"max_hp_gain":0.0,"max_hp_loss":0.0,"gold_gain":0.0,"event_name":"Mysterious Sphere","player_choice":"Fight","floor":54.0,"gold_loss":0.0,"damage_taken":0.0},{"damage_healed":0.0,"max_hp_gain":0.0,"max_hp_loss":0.0,"gold_gain":0.0,"event_name":"SensoryStone","player_choice":"Memory 3","floor":56.0,"gold_loss":0.0,"damage_taken":10.0}],"is_beta":false,"boss_relics":[{"not_picked":["Empty Cage","Coffee Dripper"],"picked":"Black Star"},{"not_picked":["Cursed Key","Runic Pyramid"],"picked":"SlaversCollar"}],"items_purged_floors":[3,5,6,6,7,14,14,21,21],"is_endless":false,"potions_floor_spawned":[1,15,16,18,20,23,25,28,29,31,33,35,37,40,42,43,46,48,49,51,54,55,57,58,59,65],"ascension_level":8}}