{"host":"z439itq93uucuvou","time":1613026372,"event":{"mods":["BaseMod","Colored Powertips","Jorbs\u0027s Wanderer Trilogy","Minty Spire (QoL Compilation)","StSLib"],"gold_per_floor":[118,138,138,138,138,138,173,198,198,238,254,97,97,112,112,211,211,227,227,207,207,207,207],"floor_reached":22,"language":"ENG","playtime":1531,"items_purged":["Strike_P"],"score":405,"play_id":"9df888cd-5188-405e-86b5-38d542333610","local_time":"20210210225252","is_ascension_mode":true,"campfire_choices":[{"data":"TalkToTheHand","floor":6.0,"key":"SMITH"},{"floor":13.0,"key":"REST"},{"data":"Worship","floor":15.0,"key":"SMITH"}],"circlet_count":0,"master_deck":["AscendersBane","Strike_P","Strike_P","Defend_P","Defend_P","Defend_P","Eruption","Vigilance","Scrawl","BowlingBash","Perseverance","TalkToTheHand+1","Nirvana","InnerPeace","Brilliance","Worship+1","ThirdEye","FlurryOfBlows","EmptyBody","DevaForm","MentalFortress","J.A.X.","Pain"],"relics":["PureWater","Golden Idol","NlothsMask","TungstenRod","Ornamental Fan","Snecko Eye","WarpedTongs"],"acts_visited":["Exordium","TheCity"],"potions_floor_usage":[],"damage_taken":[{"damage":2.0,"enemies":"Small Slimes","floor":1.0,"turns":4.0},{"damage":2.0,"enemies":"Cultist","floor":2.0,"turns":3.0},{"damage":37.0,"enemies":"Gremlin Nob","floor":7.0,"turns":4.0},{"damage":0.0,"enemies":"Jaw Worm","floor":8.0,"turns":5.0},{"damage":7.0,"enemies":"Lagavulin","floor":10.0,"turns":7.0},{"damage":4.0,"enemies":"Blue Slaver","floor":11.0,"turns":3.0},{"damage":0.0,"enemies":"Lots of Slimes","floor":14.0,"turns":4.0},{"damage":6.0,"enemies":"Hexaghost","floor":16.0,"turns":9.0},{"damage":0.0,"enemies":"Spheric Guardian","floor":18.0,"turns":4.0},{"damage":13.0,"enemies":"2 Thieves","floor":20.0,"turns":4.0},{"damage":2,"enemies":"Chosen and Byrds","floor":22,"turns":3}],"seed_played":"2280399000785375550","potions_obtained":[{"floor":1.0,"key":"Block Potion"},{"floor":7.0,"key":"DistilledChaos"},{"floor":10.0,"key":"SkillPotion"},{"floor":14.0,"key":"Regen Potion"},{"floor":20,"key":"GamblersBrew"}],"is_trial":false,"path_per_floor":["M","M","?","?","?","R","E","M","T","E","M","$","R","M","R","B",null,"M","?","M","?","M"],"character_chosen":"WATCHER","items_purchased":["ThirdEye","FlurryOfBlows"],"campfire_rested":1,"item_purchase_floors":[12,12],"current_hp_per_floor":[59,57,62,61,61,61,24,24,24,17,13,13,31,31,31,40,56,56,56,43,43,41,41],"gold":207,"neow_bonus":"TRANSFORM_TWO_CARDS","is_daily":false,"chose_seed":false,"campfire_upgraded":2,"win_rate":0.0,"timestamp":1613026372,"path_taken":["M","M","?","?","?","R","E","?","T","E","M","$","R","M","R","BOSS","M","?","M","?","M"],"items_purchased_type":["Card","Card"],"build_version":"2020-12-22","purchased_purges":1,"victory":false,"max_hp_per_floor":[62,62,67,61,61,61,61,61,61,61,61,61,61,61,61,61,61,61,61,61,61,61,61],"card_choices":[{"not_picked":["Evaluate","Fasting2"],"picked":"Perseverance","floor":1.0},{"not_picked":["Halt","Meditate"],"picked":"TalkToTheHand","floor":2.0},{"not_picked":["CrushJoints","Prostrate"],"picked":"Nirvana","floor":7.0},{"not_picked":["PathToVictory","Crescendo"],"picked":"InnerPeace","floor":8.0},{"not_picked":["WreathOfFlame","DeceiveReality"],"picked":"Brilliance","floor":10.0},{"not_picked":["Indignation","CrushJoints"],"picked":"Worship","floor":11.0},{"not_picked":["FlurryOfBlows","SashWhip"],"picked":"EmptyBody","floor":14.0},{"not_picked":["Scrawl","MasterReality"],"picked":"DevaForm","floor":16.0},{"not_picked":["FearNoEvil","SandsOfTime"],"picked":"MentalFortress","floor":18.0},{"not_picked":["ClearTheMind","FlurryOfBlows","Weave"],"picked":"SKIP","floor":20}],"player_experience":1487415,"relics_obtained":[{"floor":7.0,"key":"TungstenRod"},{"floor":10.0,"key":"Ornamental Fan"}],"event_choices":[{"damage_healed":0.0,"max_hp_gain":5.0,"max_hp_loss":0.0,"gold_gain":0.0,"event_name":"Big Fish","player_choice":"Donut","floor":3.0,"gold_loss":0.0,"damage_taken":0.0},{"damage_healed":0.0,"max_hp_gain":0.0,"max_hp_loss":6.0,"gold_gain":0.0,"event_name":"Golden Idol","player_choice":"Lose Max HP","floor":4.0,"gold_loss":0.0,"damage_taken":0.0,"relics_obtained":["Golden Idol"]},{"damage_healed":0.0,"max_hp_gain":0.0,"max_hp_loss":0.0,"gold_gain":0.0,"event_name":"FaceTrader","player_choice":"Trade","floor":5.0,"gold_loss":0.0,"damage_taken":0.0,"relics_obtained":["NlothsMask"]},{"damage_healed":0.0,"max_hp_gain":0.0,"max_hp_loss":0.0,"gold_gain":0.0,"event_name":"Drug Dealer","player_choice":"Obtain J.A.X.","floor":19.0,"gold_loss":0.0,"damage_taken":0.0,"cards_obtained":["J.A.X."]},{"damage_healed":0,"gold_gain":0,"player_choice":"Rummage","damage_taken":0,"relics_obtained":["WarpedTongs"],"max_hp_gain":0,"max_hp_loss":0,"event_name":"Accursed Blacksmith","floor":21,"gold_loss":0,"cards_obtained":["Pain"]}],"is_beta":false,"boss_relics":[{"not_picked":["Pandora\u0027s Box","Ectoplasm"],"picked":"Snecko Eye"}],"items_purged_floors":[12],"is_endless":false,"potions_floor_spawned":[1,7,10,14,20],"killed_by":"Chosen and Byrds","ascension_level":17}}