{"host":"Tonhão","time":1613013291,"event":{"mods":["Aspiration","BaseMod","Better Third Choice","Conspire","Downfall","Friendly Minions","Halation","Hermit","Highlight Path","Hubris","Infinite Spire","Jedi Mod","Minty Spire (QoL Compilation)","Relic Sorter","Reliquary","Replay The Spire","Spicy Shops","StSLib","The Animator","The Construct","The Cursed","The Jester","The Senshi","The Servant 0.9.4"],"gold_per_floor":[111,111,111,131,148,183,183,218,218,218,246,246,258,272,272,371,371,391,316,316,18,45,45,73,90,90,110,136,136,6,41,41,137,137,152,152,152,171,184,214,229,257,281,337,23,37,71,71,71,71,71],"floor_reached":50,"language":"ENG","playtime":2310,"items_purged":["ReplayTheSpireMod:Splinters"],"score":829,"play_id":"0afb9e8d-7dff-430b-b1c4-9c76d6b6f4a3","local_time":"20210211001451","is_ascension_mode":true,"campfire_choices":[{"data":"hermit:CursedWeapon","floor":7,"key":"SMITH"},{"floor":12,"key":"REST"},{"floor":15,"key":"REST"},{"data":"hermit:OverwhelmingPower","floor":23,"key":"SMITH"},{"floor":29,"key":"REST"},{"data":"hermit:BigShot","floor":32,"key":"SMITH"},{"data":"hermit:GhostlyPresence","floor":32,"key":"SMITH"},{"floor":49,"key":"RECALL"}],"circlet_count":0,"master_deck":["hermit:Strike_Hermit","hermit:Strike_Hermit","hermit:Strike_Hermit","hermit:Defend_Hermit","hermit:Defend_Hermit","hermit:Defend_Hermit","hermit:Defend_Hermit","hermit:Snapshot","hermit:Covet","hermit:Headshot+1","hermit:Midnight","hermit:CursedWeapon+1","hermit:OverwhelmingPower+1","hermit:Deadeye","hermit:Headshot","hermit:Purgatory","hermit:HoleUp","hermit:Desperado","hermit:Enervate","hermit:Enervate+1","hermit:GhostlyPresence+1","hermit:LuckOfTheDraw","hermit:BigShot+1","hermit:Gestalt+1","hermit:FromBeyond","hermit:Showdown","hermit:Desperado+1","hermit:FullyLoaded"],"relics":["hubris:HollowSoul","jedi:archwizardhat","hubris:64BitClover","conspire:GiftBox","Slimebound:PreparedRelic","aspiration:FetidBarrel","halation:Prosthetics","MutagenicStrength","hubris:HerbalPaste","jedi:shrinkray","jedi:kaleidoscope","CaptainsWheel","Replay:Arrowhead","infinitespire:PuzzleCube","Letter Opener","PreservedInsect","jedi:paperlyon","conspire:Boomerang","reliquary:JackalopeAntler","reliquary:PurpleTingedLeaf","Gremlin Horn","Replay:Rubber Ducky"],"acts_visited":["Exordium","TheCity","TheBeyond"],"potions_floor_usage":[8,11,14,22,24,25,28,33,40,42,42,50,50],"damage_taken":[{"damage":2,"enemies":"Jaw Worm","floor":1,"turns":3},{"damage":0,"enemies":"Cultist","floor":4,"turns":2},{"damage":5,"enemies":"Small Slimes","floor":5,"turns":3},{"damage":22,"enemies":"Replay:BlueRogue","floor":6,"turns":5},{"damage":21,"enemies":"Gremlin Nob","floor":8,"turns":3},{"damage":14,"enemies":"Lagavulin","floor":11,"turns":6},{"damage":2,"enemies":"Exordium Wildlife","floor":13,"turns":2},{"damage":3,"enemies":"3 Louse","floor":14,"turns":3},{"damage":54,"enemies":"The Guardian","floor":16,"turns":11},{"damage":2,"enemies":"Chosen","floor":18,"turns":3},{"damage":18,"enemies":"conspire:MimicChest","floor":22,"turns":3},{"damage":10,"enemies":"Slavers","floor":24,"turns":2},{"damage":18,"enemies":"2 Thieves","floor":25,"turns":1},{"damage":2,"enemies":"Snecko","floor":27,"turns":2},{"damage":7,"enemies":"Gremlin Leader","floor":28,"turns":5},{"damage":5,"enemies":"conspire:SneckoGhost","floor":31,"turns":4},{"damage":15,"enemies":"conspire:MysteriousRune","floor":33,"turns":6},{"damage":14,"enemies":"3 Shapes","floor":35,"turns":2},{"damage":5,"enemies":"3 Darklings","floor":38,"turns":2},{"damage":6,"enemies":"Spire Growth","floor":39,"turns":2},{"damage":0,"enemies":"Giant Head","floor":40,"turns":4},{"damage":2,"enemies":"Jaw Worm Horde","floor":41,"turns":3},{"damage":4,"enemies":"Reptomancer","floor":42,"turns":2},{"damage":18,"enemies":"Transient","floor":46,"turns":5},{"damage":2,"enemies":"Nemesis","floor":47,"turns":1},{"damage":26,"enemies":"infinitespire:MassOfShapes","floor":50,"turns":1}],"seed_played":"6162783647813376185","potions_obtained":[{"floor":4,"key":"champ:CounterPotion"},{"floor":8,"key":"PowerPotion"},{"floor":13,"key":"Fruit Juice"},{"floor":16,"key":"BlessingOfTheForge"},{"floor":18,"key":"Explosive Potion"},{"floor":24,"key":"LiquidBronze"},{"floor":27,"key":"SkillPotion"},{"floor":35,"key":"LifebloodPotion"},{"floor":39,"key":"FearPotion"},{"floor":41,"key":"AttackPotion"},{"floor":42,"key":"hermit:BlackBile"},{"floor":46,"key":"Doom Potion"}],"is_trial":false,"path_per_floor":["M","?","?","M","M","E","R","E","T","?","E","R","M","M","R","B",null,"M","?","?","$","?","R","E","M","T","M","E","R","$","E","R","B",null,"M","?","?","M","M","E","M","E","T","?","$","M","E","$","R","B"],"character_chosen":"HERMIT","items_purchased":["hubris:HerbalPaste","hermit:HoleUp","hermit:Desperado","BlessingOfTheForge","hermit:BigShot","infinitespire:PuzzleCube","Gremlin Horn"],"campfire_rested":3,"item_purchase_floors":[21,21,21,21,30,30,45],"current_hp_per_floor":[73,73,73,73,68,46,46,25,25,25,11,33,31,33,57,3,45,43,43,43,43,27,27,20,2,2,3,22,35,35,36,36,27,45,32,37,37,35,32,38,41,40,40,40,40,27,26,26,26,0,0],"gold":71,"neow_bonus":"BOSS_RELIC","is_daily":false,"chose_seed":false,"campfire_upgraded":4,"win_rate":0.0,"timestamp":1613013291,"path_taken":["M","?","?","?","M","E","R","E","T","?","E","R","M","?","R","BOSS","M","?","?","$","?","R","E","M","T","?","E","R","?","E","R","BOSS","M","?","?","M","?","E","M","E","T","?","?","M","E","$","R","BOSS"],"items_purchased_type":["Relic","Card","Card","Potion","Card","Relic","Relic"],"build_version":"2020-11-17","purchased_purges":1,"victory":false,"max_hp_per_floor":[75,75,75,75,75,75,75,75,75,75,75,75,75,80,80,80,45,45,45,45,45,45,45,45,45,45,45,45,45,45,45,45,45,45,45,45,45,45,45,45,45,45,45,45,45,45,45,45,45,45,45],"card_choices":[{"not_picked":["hermit:Glare","hermit:Snipe"],"picked":"hermit:Headshot","floor":1},{"not_picked":["hermit:Glare","hermit:Coalescence"],"picked":"hermit:Midnight","floor":4},{"not_picked":["hermit:HighCaliber","hermit:DeadMansHand"],"picked":"hermit:CursedWeapon","floor":5},{"not_picked":["hermit:Spite","hermit:WideOpen","hermit:Coalescence"],"picked":"SKIP","floor":6},{"not_picked":["hermit:EternalForm","hermit:Gambit"],"picked":"hermit:OverwhelmingPower","floor":8},{"not_picked":["hermit:FinalCanter","hermit:TrackingShot"],"picked":"hermit:Deadeye","floor":8},{"not_picked":["hermit:BodyArmor","hermit:Maintenance","hermit:FullyLoaded"],"picked":"SKIP","floor":11},{"not_picked":["hermit:Coalescence","hermit:Vantage"],"picked":"hermit:Headshot","floor":13},{"not_picked":["hermit:Grudge","hermit:Manifest","hermit:Quickdraw"],"picked":"SKIP","floor":14},{"not_picked":["hermit:FromBeyond","hermit:HeroicBravado"],"picked":"hermit:Purgatory","floor":16},{"not_picked":["hermit:Deadeye+1","hermit:ShadowCloak+1","hermit:Feint"],"picked":"SKIP","floor":18},{"not_picked":["hermit:Roulette","hermit:Snipe+1"],"picked":"hermit:Enervate","floor":22},{"not_picked":["hermit:LowProfile","hermit:WideOpen+1"],"picked":"hermit:Enervate+1","floor":24},{"not_picked":["hermit:FullyLoaded","hermit:Combo+1","hermit:TrackingShot"],"picked":"SKIP","floor":25},{"not_picked":["hermit:TrackingShot","hermit:Feint+1"],"picked":"hermit:GhostlyPresence","floor":27},{"not_picked":["hermit:Maintenance","hermit:WideOpen"],"picked":"hermit:LuckOfTheDraw","floor":28},{"not_picked":["hermit:Feint","hermit:Coalescence+1"],"picked":"hermit:Gestalt+1","floor":31},{"not_picked":["hermit:HeroicBravado","hermit:HighNoon"],"picked":"hermit:FromBeyond","floor":33},{"not_picked":["hermit:Ricochet+1","hermit:GhostlyPresence+1","hermit:Coalescence"],"picked":"SKIP","floor":35},{"not_picked":["hermit:Manifest","hermit:Headshot+1"],"picked":"hermit:Showdown","floor":38},{"not_picked":["hermit:Virtue","hermit:ItchyTrigger+1"],"picked":"hermit:Desperado+1","floor":39},{"not_picked":["hermit:Ricochet+1","hermit:Vantage","hermit:Grudge+1"],"picked":"SKIP","floor":40},{"not_picked":["hermit:Feint+1","hermit:CursedWeapon","hermit:Deadeye"],"picked":"SKIP","floor":41},{"not_picked":["hermit:GhostlyPresence","hermit:Shortfuse"],"picked":"hermit:FullyLoaded","floor":42},{"not_picked":["hermit:Midnight","hermit:FinalCanter","hermit:Headshot+1"],"picked":"SKIP","floor":46},{"not_picked":["hermit:Scavenge","hermit:Glare","hermit:Showdown"],"picked":"SKIP","floor":47}],"player_experience":149903,"relics_obtained":[{"floor":2,"key":"jedi:archwizardhat"},{"floor":6,"key":"hubris:64BitClover"},{"floor":8,"key":"conspire:GiftBox"},{"floor":9,"key":"Slimebound:PreparedRelic"},{"floor":11,"key":"aspiration:FetidBarrel"},{"floor":22,"key":"jedi:shrinkray"},{"floor":24,"key":"jedi:kaleidoscope"},{"floor":26,"key":"CaptainsWheel"},{"floor":28,"key":"Replay:Arrowhead"},{"floor":31,"key":"Letter Opener"},{"floor":33,"key":"PreservedInsect"},{"floor":40,"key":"conspire:Boomerang"},{"floor":42,"key":"reliquary:JackalopeAntler"},{"floor":44,"key":"reliquary:PurpleTingedLeaf"},{"floor":47,"key":"Replay:Rubber Ducky"}],"event_choices":[{"damage_healed":0,"gold_gain":0,"player_choice":"Forge","damage_taken":0,"max_hp_gain":0,"max_hp_loss":0,"event_name":"Accursed Blacksmith","floor":3,"gold_loss":0,"cards_upgraded":["hermit:Headshot"]},{"damage_healed":0,"gold_gain":0,"player_choice":"Leave","damage_taken":0,"max_hp_gain":0,"max_hp_loss":0,"event_name":"FaceTrader","floor":10,"gold_loss":0},{"cards_removed":["hermit:Strike_Hermit"],"damage_healed":0,"gold_gain":0,"player_choice":"Gave Gold","damage_taken":0,"max_hp_gain":0,"max_hp_loss":0,"event_name":"Beggar","floor":19,"gold_loss":75},{"damage_healed":0,"gold_gain":0,"player_choice":"Inject Mutagens","damage_taken":0,"relics_obtained":["MutagenicStrength"],"max_hp_gain":0,"max_hp_loss":0,"event_name":"Drug Dealer","floor":20,"gold_loss":0},{"cards_removed":["Regret"],"damage_healed":0,"gold_gain":0,"player_choice":"Removed Curses","damage_taken":0,"max_hp_gain":0,"max_hp_loss":0,"event_name":"Fountain of Cleansing","floor":37,"gold_loss":0}],"is_beta":true,"boss_relics":[{"not_picked":["reliquary:KinkedSpring","aspiration:DefectSkillbook"],"picked":"halation:Prosthetics"},{"not_picked":["Big Top","construct:ClawGrip"],"picked":"jedi:paperlyon"}],"items_purged_floors":[45],"is_endless":false,"potions_floor_spawned":[4,8,13,16,18,24,27,35,39,41,42,46],"killed_by":"infinitespire:MassOfShapes","ascension_level":2}}