{"host":"4rvakrj1idbgia3f","time":1613077105,"event":{"mods":["BaseMod","Colored Map","Colored Powertips","DeckTracker","Highlight Path","Minty Spire (QoL Compilation)","Random Character Button","StSLib"],"gold_per_floor":[119,137,150,150,75,75,146,181,181,181,231,231,251,266,266,344,344,356,373,34,34,84,84,114,126,138,178,190,216,228,265,277,360,372,395,422,434,487,499,511,115,143,166,166,200,250,281,281,281],"floor_reached":48,"language":"JPN","playtime":1489,"items_purged":["Strike_R"],"score":1194,"play_id":"9aeca259-1d86-429d-938f-1b5d193f6952","local_time":"20210212055825","is_ascension_mode":true,"campfire_choices":[{"data":"Perfected Strike","floor":6.0,"key":"SMITH"},{"data":"Uppercut","floor":10.0,"key":"SMITH"},{"data":"1","floor":12.0,"key":"LIFT"},{"data":"2","floor":15.0,"key":"LIFT"},{"data":"3","floor":23,"key":"LIFT"},{"data":"Limit Break","floor":25,"key":"SMITH"},{"data":"Dual Wield","floor":28,"key":"SMITH"},{"floor":32,"key":"REST"},{"data":"Bash","floor":40,"key":"SMITH"},{"data":"Feel No Pain","floor":44,"key":"SMITH"}],"circlet_count":0,"master_deck":["AscendersBane","Strike_R","Defend_R+1","Defend_R","Defend_R","Bash+1","Swift Strike","Uppercut+1","Twin Strike","Perfected Strike+1","Whirlwind","Seeing Red","Limit Break+1","Dual Wield+1","Sword Boomerang+1","Perfected Strike+1","Sword Boomerang+1","Intimidate+1","Corruption","HandOfGreed+1","Feel No Pain+1","Disarm","Perfected Strike+1","Pommel Strike+1"],"relics":["Burning Blood","Gremlin Horn","Girya","Molten Egg 2","Snecko Eye","Medical Kit","PreservedInsect","MawBank","Sundial","Akabeko","Mango","Empty Cage","DollysMirror","War Paint","Strawberry","Anchor","MealTicket"],"acts_visited":["Exordium","TheCity","TheBeyond"],"potions_floor_usage":[27,42],"damage_taken":[{"damage":3.0,"enemies":"2 Louse","floor":1.0,"turns":3.0},{"damage":4.0,"enemies":"Jaw Worm","floor":2.0,"turns":3.0},{"damage":0.0,"enemies":"Cultist","floor":3.0,"turns":3.0},{"damage":25.0,"enemies":"Lagavulin","floor":8.0,"turns":6.0},{"damage":0.0,"enemies":"Exordium Thugs","floor":13.0,"turns":2.0},{"damage":8.0,"enemies":"Looter","floor":14.0,"turns":2.0},{"damage":51.0,"enemies":"Hexaghost","floor":16.0,"turns":8.0},{"damage":0.0,"enemies":"Chosen","floor":18.0,"turns":2.0},{"damage":17,"enemies":"2 Thieves","floor":19,"turns":3},{"damage":23,"enemies":"Gremlin Leader","floor":24,"turns":3},{"damage":14,"enemies":"Book of Stabbing","floor":27,"turns":2},{"damage":0,"enemies":"3 Cultists","floor":29,"turns":2},{"damage":2,"enemies":"Slavers","floor":31,"turns":2},{"damage":44,"enemies":"Champ","floor":33,"turns":5},{"damage":0,"enemies":"3 Shapes","floor":35,"turns":1},{"damage":11,"enemies":"Orb Walker","floor":36,"turns":3},{"damage":0,"enemies":"Sphere and 2 Shapes","floor":38,"turns":1},{"damage":15,"enemies":"Nemesis","floor":42,"turns":3},{"damage":22,"enemies":"Giant Head","floor":45,"turns":5},{"damage":63,"enemies":"Nemesis","floor":47,"turns":7},{"damage":11,"enemies":"Transient","floor":48,"turns":2}],"seed_played":"-1049138584504985780","potions_obtained":[{"floor":2.0,"key":"Weak Potion"},{"floor":3.0,"key":"LiquidBronze"},{"floor":8.0,"key":"Fire Potion"},{"floor":24,"key":"Strength Potion"},{"floor":27,"key":"AttackPotion"},{"floor":29,"key":"Strength Potion"},{"floor":38,"key":"LiquidMemories"},{"floor":42,"key":"LiquidBronze"}],"is_trial":false,"path_per_floor":["M","M","M","?","?","R","T","E","T","R","?","R","M","M","R","B",null,"M","M","$","$","?","R","E","R","T","E","R","M","?","E","R","B",null,"M","M","?","M","T","R","$","E","T","R","E","?","E","M"],"character_chosen":"IRONCLAD","items_purchased":["Medical Kit","PreservedInsect","Feel No Pain","Disarm","DollysMirror"],"campfire_rested":1,"item_purchase_floors":[20,20,41,41,41],"current_hp_per_floor":[71,73,75,68,68,68,68,49,49,49,49,49,55,53,53,8,58,64,53,53,53,53,53,36,36,36,28,28,34,34,52,78,40,77,83,78,78,84,84,84,84,75,82,82,66,66,9,0,0],"gold":281,"neow_bonus":"RANDOM_COLORLESS","is_daily":false,"chose_seed":false,"campfire_upgraded":6,"win_rate":0.0,"timestamp":1613077105,"path_taken":["M","M","M","?","?","R","?","E","T","R","?","R","M","M","R","BOSS","M","M","?","$","?","R","E","R","T","E","R","M","?","E","R","BOSS","M","M","?","M","?","R","$","E","T","R","E","?","E","?"],"items_purchased_type":["Relic","Relic","Card","Card","Relic"],"build_version":"2020-12-22","purchased_purges":1,"victory":false,"max_hp_per_floor":[75,75,75,75,75,75,75,75,75,75,75,75,75,75,75,75,75,75,75,75,75,75,75,75,75,75,75,75,75,75,89,89,89,89,89,89,89,89,89,89,89,89,96,96,96,96,96,96,96],"card_choices":[{"not_picked":["Madness","Forethought"],"picked":"Swift Strike","floor":0.0},{"not_picked":["Cleave","Armaments"],"picked":"Uppercut","floor":1.0},{"not_picked":["Wild Strike","Body Slam"],"picked":"Twin Strike","floor":2.0},{"not_picked":["Twin Strike","Power Through"],"picked":"Perfected Strike","floor":3.0},{"not_picked":["Juggernaut","Clothesline"],"picked":"Whirlwind","floor":8.0},{"not_picked":["Cleave+1","Armaments","Spot Weakness"],"picked":"SKIP","floor":13.0},{"not_picked":["Heavy Blade+1","Thunderclap+1"],"picked":"Seeing Red","floor":14.0},{"not_picked":["Demon Form","Reaper+1"],"picked":"Limit Break","floor":16.0},{"not_picked":["Dark Embrace","Pommel Strike+1"],"picked":"Dual Wield","floor":18.0},{"not_picked":["Metallicize","Iron Wave+1"],"picked":"Sword Boomerang+1","floor":19},{"not_picked":["Sever Soul+1","Inflame+1"],"picked":"Perfected Strike+1","floor":24},{"not_picked":["Perfected Strike+1","Blood for Blood+1"],"picked":"Sword Boomerang+1","floor":27},{"not_picked":["Burning Pact","Clash+1"],"picked":"Intimidate","floor":29},{"not_picked":["Flex","Sever Soul+1","Inflame"],"picked":"SKIP","floor":31},{"not_picked":["Juggernaut","Bludgeon+1"],"picked":"Corruption","floor":33},{"not_picked":["Hemokinesis+1","Thunderclap+1","Fire Breathing"],"picked":"SKIP","floor":35},{"not_picked":["Wild Strike+1","Rampage+1","Clash+1"],"picked":"SKIP","floor":36},{"not_picked":["Swift Strike+1","Blind"],"picked":"HandOfGreed+1","floor":37},{"not_picked":["Intimidate+1","Headbutt+1","Ghostly Armor+1"],"picked":"SKIP","floor":38},{"not_picked":["Entrench","Headbutt+1","Searing Blow+1"],"picked":"SKIP","floor":42},{"not_picked":["Cleave+1","Hemokinesis+1"],"picked":"Pommel Strike+1","floor":45},{"not_picked":["Seeing Red+1","Pommel Strike+1","Second Wind"],"picked":"SKIP","floor":47}],"player_experience":2303630,"relics_obtained":[{"floor":7.0,"key":"Gremlin Horn"},{"floor":8.0,"key":"Girya"},{"floor":9.0,"key":"Molten Egg 2"},{"floor":24,"key":"MawBank"},{"floor":26,"key":"Sundial"},{"floor":27,"key":"Akabeko"},{"floor":31,"key":"Mango"},{"floor":42,"key":"War Paint"},{"floor":43,"key":"Strawberry"},{"floor":45,"key":"Anchor"},{"floor":47,"key":"MealTicket"}],"event_choices":[{"cards_removed":["Defend_R"],"damage_healed":0.0,"max_hp_gain":0.0,"max_hp_loss":0.0,"gold_gain":0.0,"event_name":"Golden Wing","player_choice":"Card Removal","floor":4.0,"gold_loss":0.0,"damage_taken":7.0},{"cards_removed":["Strike_R"],"damage_healed":0.0,"max_hp_gain":0.0,"max_hp_loss":0.0,"gold_gain":0.0,"event_name":"The Cleric","player_choice":"Card Removal","floor":5.0,"gold_loss":75.0,"damage_taken":0.0},{"damage_healed":0.0,"max_hp_gain":0.0,"max_hp_loss":0.0,"gold_gain":50.0,"event_name":"Golden Shrine","player_choice":"Pray","floor":11.0,"gold_loss":0.0,"damage_taken":0.0},{"damage_healed":0,"gold_gain":50,"player_choice":"Stole From Cult","damage_taken":0,"max_hp_gain":0,"max_hp_loss":0,"event_name":"Nest","floor":22,"gold_loss":0},{"damage_healed":0,"gold_gain":0,"player_choice":"Ignored","damage_taken":0,"max_hp_gain":0,"max_hp_loss":0,"event_name":"The Mausoleum","floor":30,"gold_loss":0},{"damage_healed":0,"gold_gain":0,"player_choice":"Memory 1","damage_taken":0,"max_hp_gain":0,"max_hp_loss":0,"event_name":"SensoryStone","floor":37,"gold_loss":0},{"damage_healed":0,"gold_gain":50,"player_choice":"Pray","damage_taken":0,"max_hp_gain":0,"max_hp_loss":0,"event_name":"Golden Shrine","floor":46,"gold_loss":0}],"is_beta":false,"boss_relics":[{"not_picked":["Calling Bell","Runic Cube"],"picked":"Snecko Eye"},{"not_picked":["Coffee Dripper","Black Blood"],"picked":"Empty Cage"}],"items_purged_floors":[41],"is_endless":false,"potions_floor_spawned":[2,3,8,24,27,29,36,38,42],"killed_by":"Transient","ascension_level":20}}