{"host":"btkahjvw3wdsn6lk","time":1613064518,"event":{"mods":["ATMod(°¢èªMod)","Act Like it!","Astrologer","BaseMod","CapriCore","Conspire","Dota2Spire","Gensokyo","Highlight Path","Minty Spire (QoL Compilation)","Quick Restart","Replay The Spire","RumiaBox-Â¶Ã×æ«µÄÉñÃØºÐ×Ó","Spicy Shops","StSLib","¡¾ÒÅÎï¿¨ÅÆ¡¿REMEMod"],"gold_per_floor":[114,126,186,395,414,92,104,139,139,139,167,167,184,216,216,324,333,361,374,383,395,413,448,465,465,465,465,491,510,93,93,93,198,198,226,241,241,254,254,254,273,273,343,343,377,451,451,451,460,460,460,460,10,99,216],"floor_reached":56,"language":"ZHS","playtime":3922,"items_purged":["astrologer:Strike","astrologer:Strike","Decay","astrologer:Defend"],"score":1567,"play_id":"777059ae-f7ec-495a-b4de-43d3ebfe242f","local_time":"20210212012838","is_ascension_mode":false,"campfire_choices":[{"data":"REME_AllRoundStrike","floor":10.0,"key":"SMITH"},{"data":"AT_FamilyPortrait","floor":12.0,"key":"SMITH"},{"data":"astrologer:Strike","floor":15.0,"key":"PURGE"},{"floor":25.0,"key":"RECALL"},{"data":"astrologer:TheWorld","floor":27.0,"key":"SMITH"},{"data":"astrologer:CometStrike","floor":32.0,"key":"SMITH"},{"data":"Jack Of All Trades","floor":40.0,"key":"SMITH"},{"floor":42,"key":"DIG"},{"floor":44,"key":"DIG"},{"floor":47,"key":"DIG"},{"floor":49,"key":"DIG"},{"floor":52,"key":"DIG"}],"circlet_count":0,"master_deck":["astrologer:NorthStar","astrologer:TheFool+1","AT_FamilyPortrait+1","REME_AllRoundStrike+1","astrologer:TheHierophant","astrologer:TheWorld+1","Dramatic Entrance","Master of Strategy+1","astrologer:SpaceDust+1","astrologer:Cataclysm","REME_MawOfCthun","Jack Of All Trades+1","astrologer:ShootingStar","astrologer:Premonition+1","astrologer:Trine+1","AT_EmpoweredMortalDraw","astrologer:MeteorShower","astrologer:ShootingStar","AT_EmpoweredMortalDraw+1","astrologer:CometStrike+1","astrologer:CosmicExpanse+1","astrologer:CometStrike+1","astrologer:TheChariot+1","astrologer:Wish"],"relics":["astrologer:SkyMirror","AT_ATBox","REME_ComplimentaryCards","AT_Manta","ReplayTheSpireMod:ShopPack","Replay:Towering Pillar of Hats","Frozen Egg 2","AT_SeraphEmbrace","Shovel","CeramicFish","Pear","Torii","AT_MortalBlade","Omamori","Matryoshka","Replay:Bronze Core","Centennial Puzzle","AT_BladeRuinedKing","Question Card","Regal Pillow","White Beast Statue","Whetstone","AT_ForceNature","War Paint","Ring of Peace","Ring of Chaos","conspire:GiftBox","REME_ArchaeologicalTools","Medical Kit","Strange Spoon","Dota2Spire:Vanguard"],"acts_visited":["Exordium","TheCity","TheBeyond","TheEnding"],"potions_floor_usage":[55,55,55],"damage_taken":[{"damage":5.0,"enemies":"Gensokyo:Gryphon","floor":1.0,"turns":3.0},{"damage":0.0,"enemies":"Gensokyo:2_Kodama","floor":2.0,"turns":3.0},{"damage":0.0,"enemies":"Gensokyo:3_Fairies","floor":5.0,"turns":2.0},{"damage":0.0,"enemies":"Gensokyo:LivingMonolith","floor":7.0,"turns":1.0},{"damage":0.0,"enemies":"Gensokyo:Aya","floor":8.0,"turns":4.0},{"damage":7.0,"enemies":"Gensokyo:Mamizou","floor":11.0,"turns":5.0},{"damage":0.0,"enemies":"Gensokyo:3_Kodama","floor":13.0,"turns":1.0},{"damage":16.0,"enemies":"Gensokyo:Cirno","floor":14.0,"turns":5.0},{"damage":2.0,"enemies":"Gensokyo:Yukari","floor":16.0,"turns":6.0},{"damage":0.0,"enemies":"Spheric Guardian","floor":18.0,"turns":1.0},{"damage":10.0,"enemies":"3 Byrds","floor":19.0,"turns":1.0},{"damage":0.0,"enemies":"Centurion and Healer","floor":21.0,"turns":1.0},{"damage":0.0,"enemies":"Sentry and Sphere","floor":22.0,"turns":1.0},{"damage":0.0,"enemies":"conspire:Head Lice","floor":23.0,"turns":3.0},{"damage":0.0,"enemies":"conspire:HollyBat","floor":24.0,"turns":3.0},{"damage":0.0,"enemies":"Shelled Parasite and Fungi","floor":28.0,"turns":1.0},{"damage":0.0,"enemies":"3 Cultists","floor":29.0,"turns":2.0},{"damage":0.0,"enemies":"conspire:MysteriousRune","floor":33.0,"turns":4.0},{"damage":1.0,"enemies":"3 Shapes","floor":35.0,"turns":1.0},{"damage":0.0,"enemies":"3 Darklings","floor":36.0,"turns":1.0},{"damage":0.0,"enemies":"Sphere and 2 Shapes","floor":38.0,"turns":1.0},{"damage":0,"enemies":"Transient","floor":41,"turns":4},{"damage":0,"enemies":"Reptomancer","floor":45,"turns":1},{"damage":0,"enemies":"Time Eater","floor":50,"turns":7},{"damage":0,"enemies":"Shield and Spear","floor":54,"turns":1},{"damage":0,"enemies":"The Heart","floor":55,"turns":3}],"seed_played":"-7586492511057755154","potions_obtained":[{"floor":1.0,"key":"LifebloodPotion"},{"floor":5.0,"key":"Energy Potion"},{"floor":7.0,"key":"SkillPotion"},{"floor":8.0,"key":"Languid Potion"},{"floor":11.0,"key":"PowerPotion"},{"floor":18.0,"key":"BlessingOfTheForge"},{"floor":22.0,"key":"BlessingOfTheForge"},{"floor":38.0,"key":"Adrenaline Potion"},{"floor":41,"key":"DuplicationPotion"}],"is_trial":false,"path_per_floor":["M","M","$","?","M","COS","M","E","T","R","E","R","M","E","R","B",null,"M","M","?","M","M","E","M","R","T","R","M","M","$","?","R","B",null,"M","M","?","M","?","R","M","R","T","R","E","T","R","?","R","B",null,"R","$","E","B",null],"character_chosen":"ASTROLOGER","items_purchased":["AT_Manta","astrologer:TheWorld","Dramatic Entrance","Master of Strategy","AT_EmpoweredMortalDraw","astrologer:CometStrike","Medical Kit","Strange Spoon"],"campfire_rested":0,"item_purchase_floors":[3,3,3,3,30,30,53,53],"current_hp_per_floor":[72,72,72,53,53,53,53,53,53,53,46,46,46,40,40,38,87,87,77,77,77,77,77,77,77,77,77,77,77,77,77,77,77,87,86,86,86,86,86,86,86,86,86,86,86,86,86,86,86,86,87,87,87,87,87],"gold":216,"neow_bonus":"TEN_PERCENT_HP_BONUS","is_daily":false,"chose_seed":false,"campfire_upgraded":5,"win_rate":0.0,"timestamp":1613064518,"path_taken":["M","M","$","?","M","COS","M","E","T","R","E","R","M","E","R","BOSS","M","M","?","M","?","E","?","R","T","R","?","M","$","?","R","BOSS","M","M","?","?","?","R","?","R","T","R","E","?","R","?","R","BOSS","R","$","E","BOSS"],"items_purchased_type":["Relic","Card","Card","Card","Card","Card","Relic","Relic"],"build_version":"2020-12-22","purchased_purges":4,"victory":true,"max_hp_per_floor":[77,77,77,77,77,77,77,77,77,77,77,77,77,87,87,87,87,87,87,87,87,87,87,87,87,87,87,87,87,87,87,87,87,87,87,87,87,87,87,87,87,87,87,87,87,87,87,87,87,87,87,87,87,87,87],"card_choices":[{"not_picked":["astrologer:Opposition","astrologer:FrozenStar","astrologer:Radiance"],"picked":"SKIP","floor":1.0},{"not_picked":["astrologer:TheHighPriestess","astrologer:Still"],"picked":"astrologer:TheHierophant","floor":2.0},{"not_picked":["astrologer:Conjunction","astrologer:Still"],"picked":"astrologer:SpaceDust","floor":4.0},{"not_picked":["astrologer:Opposition","astrologer:TheHermit"],"picked":"astrologer:Cataclysm","floor":5.0},{"not_picked":["REME_ProfessionalPlagiarism","Mayhem"],"picked":"REME_MawOfCthun","floor":6.0},{"not_picked":["AT_CelerityRune","AT_FalsePromise"],"picked":"Jack Of All Trades","floor":6.0},{"not_picked":["astrologer:Novile","astrologer:Judgement","astrologer:SolarFlare"],"picked":"SKIP","floor":7.0},{"not_picked":["astrologer:FrozenStar","astrologer:Moonlight","astrologer:Novile"],"picked":"SKIP","floor":8.0},{"not_picked":["astrologer:Stardust","astrologer:Quincunx"],"picked":"astrologer:ShootingStar","floor":11.0},{"not_picked":["astrologer:CometStrike","astrologer:Still"],"picked":"astrologer:Premonition+1","floor":13.0},{"not_picked":["astrologer:TheDevil","astrologer:Quincunx","astrologer:TheHangedMan"],"picked":"SKIP","floor":14.0},{"not_picked":["astrologer:BlackHole","astrologer:Alignment"],"picked":"astrologer:Trine","floor":16.0},{"not_picked":["astrologer:TheHermit","astrologer:TheDevil"],"picked":"astrologer:MeteorShower","floor":18.0},{"not_picked":["astrologer:Radiance","astrologer:Justice","astrologer:Observe+1"],"picked":"SKIP","floor":19.0},{"not_picked":["astrologer:TheHierophant","astrologer:Opposition","astrologer:Quincunx+1"],"picked":"SKIP","floor":21.0},{"not_picked":["astrologer:Stardust+1","astrologer:Eclipse+1","astrologer:SpaceDust"],"picked":"SKIP","floor":22.0},{"not_picked":["astrologer:CrystalBall+1","astrologer:Glimpse+1","astrologer:Confirmation+1"],"picked":"SKIP","floor":23.0},{"not_picked":["astrologer:Sunrise","astrologer:TheLovers","astrologer:Radiance"],"picked":"SKIP","floor":24.0},{"not_picked":["astrologer:Observe","astrologer:TheHermit"],"picked":"astrologer:ShootingStar","floor":28.0},{"not_picked":["astrologer:ReadTheStars","astrologer:Radiance+1","astrologer:Eclipse"],"picked":"SKIP","floor":29.0},{"not_picked":["astrologer:Observe","astrologer:Temperance"],"picked":"astrologer:CosmicExpanse+1","floor":35.0},{"not_picked":["astrologer:MeteorShower","astrologer:StarOfChange","astrologer:Observe"],"picked":"SKIP","floor":36.0},{"not_picked":["astrologer:Stardust","astrologer:ReadTheStars","astrologer:SolarFlare+1"],"picked":"SKIP","floor":38.0},{"not_picked":["astrologer:SpaceDust","astrologer:Shine+1"],"picked":"astrologer:CometStrike+1","floor":41},{"not_picked":["astrologer:TheStar","astrologer:MeteorShower","astrologer:StarOfRegret","astrologer:HeatDeath"],"picked":"SKIP","floor":45},{"not_picked":["astrologer:RejectReality","astrologer:Death","astrologer:HeatDeath"],"picked":"astrologer:TheChariot+1","floor":49},{"not_picked":["astrologer:TheHangedMan","astrologer:CometStrike","astrologer:Still+1"],"picked":"astrologer:Wish","floor":54}],"player_experience":386320,"relics_obtained":[{"floor":8.0,"key":"Replay:Towering Pillar of Hats"},{"floor":11.0,"key":"Frozen Egg 2"},{"floor":14.0,"key":"Pear"},{"floor":23.0,"key":"Omamori"},{"floor":26.0,"key":"Matryoshka"},{"floor":42,"key":"Centennial Puzzle"},{"floor":43,"key":"AT_BladeRuinedKing"},{"floor":43,"key":"Question Card"},{"floor":44,"key":"Regal Pillow"},{"floor":45,"key":"White Beast Statue"},{"floor":46,"key":"Whetstone"},{"floor":46,"key":"AT_ForceNature"},{"floor":47,"key":"War Paint"},{"floor":48,"key":"Ring of Peace"},{"floor":48,"key":"Ring of Chaos"},{"floor":49,"key":"conspire:GiftBox"},{"floor":52,"key":"REME_ArchaeologicalTools"},{"floor":54,"key":"Dota2Spire:Vanguard"}],"event_choices":[{"damage_healed":0.0,"max_hp_gain":0.0,"max_hp_loss":0.0,"gold_gain":0.0,"event_name":"Wheel of Change","player_choice":"Cursed","floor":20.0,"gold_loss":0.0,"damage_taken":0.0,"cards_obtained":["Decay"]},{"damage_healed":0.0,"max_hp_gain":0.0,"max_hp_loss":0.0,"gold_gain":0.0,"event_name":"conspire:Investor","player_choice":"Leave","floor":31.0,"gold_loss":0.0,"damage_taken":0.0},{"cards_removed":["astrologer:Defend"],"damage_healed":0.0,"max_hp_gain":0.0,"max_hp_loss":0.0,"gold_gain":0.0,"event_name":"Purifier","player_choice":"Purged","floor":37.0,"gold_loss":0.0,"damage_taken":0.0},{"damage_healed":0.0,"max_hp_gain":0.0,"max_hp_loss":0.0,"gold_gain":0.0,"event_name":"Upgrade Shrine","player_choice":"Upgraded","floor":39.0,"gold_loss":0.0,"damage_taken":0.0,"cards_upgraded":["astrologer:Trine"]}],"is_beta":false,"boss_relics":[{"not_picked":["ReplayTheSpireMod:DimensionalGlitch","Ectoplasm"],"picked":"AT_MortalBlade"},{"not_picked":["REME_DuelDisc","ChewingGum"],"picked":"Replay:Bronze Core"}],"items_purged_floors":[3,3,30,53],"is_endless":false,"potions_floor_spawned":[1,5,7,8,11,18,22,23,24,38,41,54],"ascension_level":0}}