{"host":"daa8jqyg4gqfaysm","time":1613055279,"event":{"mods":["BaseMod","Colored Powertips","Minty Spire (QoL Compilation)","StSLib"],"gold_per_floor":[110,130,130,143,160,190,202,213,294,294,305,305,334,171,171,171,171],"floor_reached":16,"language":"ENG","playtime":426,"items_purged":[],"score":228,"play_id":"deda9c5c-28b0-469c-ac38-70b02b1a4b9f","local_time":"20210211095439","is_ascension_mode":true,"campfire_choices":[{"data":"Corruption","floor":10,"key":"SMITH"},{"data":"Clothesline","floor":15,"key":"SMITH"}],"circlet_count":0,"master_deck":["AscendersBane","Strike_R","Strike_R","Strike_R","Strike_R","Defend_R","Defend_R","Defend_R","Defend_R","Bash+1","Sword Boomerang","Battle Trance","Cleave","Spot Weakness","Clothesline+1","Corruption+1","Ghostly Armor","Bloodletting","Flame Barrier","Metallicize","Warcry","Rage","Battle Trance","Reaper"],"relics":["Burning Blood","Juzu Bracelet","Mummified Hand","Blood Vial","Orrery"],"acts_visited":["Exordium"],"potions_floor_usage":[11,16],"damage_taken":[{"damage":15,"enemies":"Small Slimes","floor":1,"turns":4},{"damage":1,"enemies":"Cultist","floor":2,"turns":3},{"damage":9,"enemies":"Jaw Worm","floor":4,"turns":4},{"damage":13,"enemies":"Exordium Thugs","floor":5,"turns":4},{"damage":36,"enemies":"Gremlin Nob","floor":6,"turns":4},{"damage":7,"enemies":"Looter","floor":7,"turns":3},{"damage":1,"enemies":"2 Fungi Beasts","floor":8,"turns":3},{"damage":2,"enemies":"Exordium Wildlife","floor":11,"turns":4},{"damage":25,"enemies":"Lagavulin","floor":13,"turns":7},{"damage":31,"enemies":"Hexaghost","floor":16,"turns":9}],"seed_played":"5133452438444817894","potions_obtained":[{"floor":1,"key":"EssenceOfSteel"},{"floor":6,"key":"Block Potion"},{"floor":7,"key":"SteroidPotion"}],"is_trial":false,"path_per_floor":["M","M","?","M","M","E","M","M","T","R","M","?","E","$","R","B"],"character_chosen":"IRONCLAD","items_purchased":["Orrery"],"campfire_rested":0,"item_purchase_floors":[14],"current_hp_per_floor":[66,71,71,68,61,31,30,35,35,35,39,39,20,20,20,0,0],"gold":171,"neow_bonus":"TEN_PERCENT_HP_BONUS","is_daily":false,"chose_seed":false,"campfire_upgraded":2,"win_rate":0.0,"timestamp":1613055279,"path_taken":["M","M","?","M","M","E","M","M","T","R","M","?","E","$","R","BOSS"],"items_purchased_type":["Relic"],"build_version":"2020-12-22","purchased_purges":0,"victory":false,"max_hp_per_floor":[82,82,82,82,82,82,82,82,82,82,82,82,82,82,82,82,82],"card_choices":[{"not_picked":["Dropkick","Power Through"],"picked":"Sword Boomerang","floor":1},{"not_picked":["Twin Strike","Pommel Strike"],"picked":"Battle Trance","floor":2},{"not_picked":["Uppercut","Evolve"],"picked":"Cleave","floor":4},{"not_picked":["Cleave","Warcry"],"picked":"Spot Weakness","floor":5},{"not_picked":["Body Slam","Feel No Pain"],"picked":"Clothesline","floor":6},{"not_picked":["Whirlwind","Uppercut"],"picked":"Corruption","floor":7},{"not_picked":["Rampage","Cleave"],"picked":"Ghostly Armor","floor":8},{"not_picked":["Thunderclap","Havoc","Clothesline"],"picked":"SKIP","floor":11},{"not_picked":["Sword Boomerang","Uppercut"],"picked":"Flame Barrier","floor":13},{"not_picked":["Anger","Sword Boomerang"],"picked":"Metallicize","floor":14},{"not_picked":["Hemokinesis","Havoc"],"picked":"Warcry","floor":14},{"not_picked":["Bloodletting","Sword Boomerang"],"picked":"Rage","floor":14},{"not_picked":["Cleave","Seeing Red"],"picked":"Battle Trance","floor":14},{"not_picked":["Hemokinesis","Body Slam"],"picked":"Reaper","floor":14}],"player_experience":871191,"relics_obtained":[{"floor":6,"key":"Juzu Bracelet"},{"floor":9,"key":"Mummified Hand"},{"floor":13,"key":"Blood Vial"}],"event_choices":[{"damage_healed":0,"gold_gain":0,"player_choice":"Forge","damage_taken":0,"max_hp_gain":0,"max_hp_loss":0,"event_name":"Accursed Blacksmith","floor":3,"gold_loss":0,"cards_upgraded":["Bash"]},{"damage_healed":0,"gold_gain":0,"cards_transformed":["Strike_R"],"player_choice":"Change","damage_taken":0,"max_hp_gain":0,"max_hp_loss":0,"event_name":"Living Wall","floor":12,"gold_loss":0,"cards_obtained":["Bloodletting"]}],"is_beta":false,"boss_relics":[],"items_purged_floors":[],"is_endless":false,"potions_floor_spawned":[1,6,7],"killed_by":"Hexaghost","ascension_level":20}}