{"host":"abdxwahegzejqccj","time":1613021782,"event":{"mods":["BaseMod","Better Note","BetterRewards","Colored Powertips","Downfall","Hermit","Minty Spire (QoL Compilation)","StSLib","The Cursed"],"gold_per_floor":[114,114,137,162,162,201,201,234,234,254,50,63,88,88,88,219,219,243,256,166,186,2,2,18,56,56,56,56,56],"floor_reached":28,"language":"ENG","playtime":1517,"items_purged":["Injury"],"score":325,"play_id":"10b3f6ec-70b9-48db-b16e-44da355f49b1","local_time":"20210211163622","is_ascension_mode":true,"campfire_choices":[{"data":"Zap","floor":7.0,"key":"SMITH"},{"floor":15,"key":"REST"},{"data":"Apotheosis","floor":23,"key":"SMITH"}],"circlet_count":0,"master_deck":["Defend_B","Defend_B","Defend_B","Defend_B","Zap+1","Dualcast","Ball Lightning+1","Coolheaded+1","Sweeping Beam","Beam Cell","Barrage","All For One","Loop","Beam Cell+1","Coolheaded","All For One","Echo Form","Storm","Apotheosis+1","Bite","Bite","Bite","Bite","Bite"],"relics":["Cracked Core","Golden Idol","Guardian:PocketSentry","Bronze Scales","Potion Belt","Nuclear Battery","Boot","Oddly Smooth Stone"],"acts_visited":["Exordium","TheCity"],"potions_floor_usage":[16,25],"damage_taken":[{"damage":0.0,"enemies":"Small Slimes","floor":1.0,"turns":2.0},{"damage":2.0,"enemies":"Jaw Worm","floor":3.0,"turns":3.0},{"damage":0.0,"enemies":"Cultist","floor":4.0,"turns":3.0},{"damage":21.0,"enemies":"Lagavulin","floor":6.0,"turns":8.0},{"damage":8.0,"enemies":"3 Sentries","floor":8.0,"turns":5.0},{"damage":6.0,"enemies":"Looter","floor":10.0,"turns":2.0},{"damage":16.0,"enemies":"Lots of Slimes","floor":12.0,"turns":3.0},{"damage":2,"enemies":"Blue Slaver","floor":13,"turns":2},{"damage":2,"enemies":"Slime Boss","floor":16,"turns":6},{"damage":3,"enemies":"Chosen","floor":18,"turns":3},{"damage":4,"enemies":"Spheric Guardian","floor":19,"turns":3},{"damage":14,"enemies":"3 Cultists","floor":21,"turns":4},{"damage":6,"enemies":"Cultist and Chosen","floor":24,"turns":3},{"damage":27,"enemies":"Slavers","floor":25,"turns":3},{"damage":40,"enemies":"Gremlin Leader","floor":28,"turns":4}],"seed_played":"452381831298709194","potions_obtained":[{"floor":4.0,"key":"FearPotion"},{"floor":8.0,"key":"FocusPotion"},{"floor":13,"key":"ColorlessPotion"},{"floor":19,"key":"Strength Potion"}],"is_trial":false,"path_per_floor":["M","?","M","M","?","E","R","E","T","M","$","M","M","?","R","B",null,"M","M","?","M","$","R","M","E","T","?","E"],"character_chosen":"DEFECT","items_purchased":["Loop","Beam Cell","Apotheosis"],"campfire_rested":1,"item_purchase_floors":[11,11,22],"current_hp_per_floor":[82,82,80,80,64,43,43,35,35,29,29,13,11,11,35,33,82,79,75,75,61,61,61,55,28,28,28,0,0],"gold":56,"neow_bonus":"TEN_PERCENT_HP_BONUS","is_daily":false,"chose_seed":false,"campfire_upgraded":2,"win_rate":0.0,"timestamp":1613021782,"path_taken":["M","?","M","M","?","E","R","E","T","M","?","?","M","?","R","BOSS","M","?","?","M","$","R","?","E","T","?","E"],"items_purchased_type":["Card","Card","Card"],"build_version":"2020-12-22","purchased_purges":1,"victory":false,"max_hp_per_floor":[82,82,82,82,82,82,82,82,82,82,82,82,82,82,82,82,82,82,82,82,82,82,82,82,82,82,57,57,57],"card_choices":[{"not_picked":["Turbo","Steam"],"picked":"Ball Lightning","floor":1.0},{"not_picked":["Steam","Steam Power"],"picked":"Coolheaded","floor":3.0},{"not_picked":["Turbo","Barrage"],"picked":"Sweeping Beam","floor":4.0},{"not_picked":["Scrape","Steam"],"picked":"Beam Cell","floor":6.0},{"not_picked":["Stack","Leap"],"picked":"Barrage","floor":8.0},{"not_picked":["Capacitor","FTL"],"picked":"All For One","floor":10.0},{"not_picked":["Double Energy","Chaos"],"picked":"Coolheaded","floor":12},{"not_picked":["Lockon","Doom and Gloom","Reprogram"],"picked":"SKIP","floor":13},{"not_picked":["Hyperbeam","Machine Learning"],"picked":"Echo Form","floor":16},{"not_picked":["White Noise","Compile Driver","Turbo"],"picked":"SKIP","floor":18},{"not_picked":["Steam","Turbo","Chill"],"picked":"SKIP","floor":19},{"not_picked":["Redo","Force Field"],"picked":"Storm","floor":21},{"not_picked":["Aggregate+1","Cold Snap","Redo"],"picked":"SKIP","floor":24},{"not_picked":["Reinforced Body","Beam Cell","FTL"],"picked":"SKIP","floor":25}],"player_experience":404213,"relics_obtained":[{"floor":6.0,"key":"Guardian:PocketSentry"},{"floor":8.0,"key":"Bronze Scales"},{"floor":9.0,"key":"Potion Belt"},{"floor":25,"key":"Boot"},{"floor":26,"key":"Oddly Smooth Stone"}],"event_choices":[{"damage_healed":0.0,"max_hp_gain":0.0,"max_hp_loss":0.0,"gold_gain":0.0,"event_name":"Golden Idol","player_choice":"Take Wound","floor":2.0,"gold_loss":0.0,"damage_taken":0.0,"relics_obtained":["Golden Idol"],"cards_obtained":["Injury"]},{"damage_healed":0.0,"max_hp_gain":0.0,"max_hp_loss":0.0,"gold_gain":0.0,"event_name":"Shining Light","player_choice":"Entered Light","floor":5.0,"gold_loss":0.0,"damage_taken":16.0,"cards_upgraded":["Ball Lightning","Coolheaded"]},{"damage_healed":0,"gold_gain":0,"cards_transformed":["Strike_B"],"player_choice":"Transformed","damage_taken":0,"max_hp_gain":0,"max_hp_loss":0,"event_name":"Transmorgrifier","floor":14,"gold_loss":0,"cards_obtained":["All For One"]},{"cards_removed":["Strike_B"],"damage_healed":0,"gold_gain":0,"player_choice":"Upgrade and Remove","damage_taken":0,"max_hp_gain":0,"max_hp_loss":0,"event_name":"Designer","floor":20,"gold_loss":90,"cards_upgraded":["Beam Cell"]},{"damage_healed":0,"gold_gain":0,"player_choice":"Became a vampire","damage_taken":0,"max_hp_gain":0,"max_hp_loss":25,"event_name":"Vampires","floor":27,"gold_loss":0,"cards_obtained":["Bite","Bite","Bite","Bite","Bite"]}],"is_beta":false,"boss_relics":[{"not_picked":["Astrolabe","Ectoplasm"],"picked":"Nuclear Battery"}],"items_purged_floors":[11],"is_endless":false,"potions_floor_spawned":[4,8,13,19],"killed_by":"Gremlin Leader","ascension_level":4}}