{"host":"kipy315whq7pv20a","time":1613038911,"event":{"mods":["BaseMod","Downfall","Minty Spire (QoL Compilation)","Replay The Spire","StSLib"],"gold_per_floor":[112,112,122,135,88,88,99,132,132,145,164,2,2,2,2,107,107,127,55,68,68,68,68,68,68,113,0,18,46,57,72,72,72,72],"floor_reached":33,"language":"ENG","playtime":1655,"items_purged":["Shame"],"score":332,"play_id":"a3ba0a17-d0ed-447d-add1-ec3958caf487","local_time":"20210211112151","is_ascension_mode":true,"campfire_choices":[{"data":"Aggregate","floor":6,"key":"SMITH"},{"floor":13,"key":"REST"},{"floor":15,"key":"REST"},{"floor":23,"key":"REST"}],"circlet_count":0,"master_deck":["Strike_B","Strike_B","Strike_B","Strike_B","Defend_B","Defend_B","Defend_B","Defend_B","Zap+1","Dualcast","Aggregate+1","Darkness+1","Redo","Redo","Doom and Gloom","FIFO Queue","Darkness","Gash","Redo","Redo","FTL","Turbo","Multi-Cast","Doom and Gloom","Stack+1","Doom and Gloom","Scrape","Sweeping Beam","Aggregate+1","Beam Cell"],"relics":["Painkiller Herb","Juzu Bracelet","Shuriken","Ring of Chaos","Chameleon Ring","Blood Vial","Lizard Tail"],"acts_visited":["Exordium","TheCity"],"potions_floor_usage":[8,8,16,18,28,33,33,33],"damage_taken":[{"damage":1,"enemies":"Jaw Worm","floor":1,"turns":3},{"damage":0,"enemies":"Small Slimes","floor":3,"turns":2},{"damage":4,"enemies":"2 Louse","floor":4,"turns":2},{"damage":6,"enemies":"Large Slime","floor":7,"turns":5},{"damage":0,"enemies":"Gremlin Nob","floor":8,"turns":3},{"damage":30,"enemies":"Exordium Thugs","floor":10,"turns":4},{"damage":8,"enemies":"Red Slaver","floor":11,"turns":2},{"damage":35,"enemies":"Hexaghost","floor":16,"turns":6},{"damage":30,"enemies":"2 Thieves","floor":18,"turns":4},{"damage":10,"enemies":"Chosen","floor":20,"turns":4},{"damage":40,"enemies":"Shelled Parasite and Fungi","floor":28,"turns":5},{"damage":8,"enemies":"Gremlin Leader","floor":29,"turns":3},{"damage":12,"enemies":"Centurion and Healer","floor":30,"turns":4},{"damage":37,"enemies":"Snake Plant","floor":31,"turns":4},{"damage":7,"enemies":"Champ","floor":33,"turns":2}],"seed_played":"-1499827214300080828","potions_obtained":[{"floor":4,"key":"BlessingOfTheForge"},{"floor":7,"key":"SneckoOil"},{"floor":11,"key":"LifebloodPotion"},{"floor":16,"key":"champ:CounterPotion"},{"floor":20,"key":"Swift Potion"},{"floor":31,"key":"sneckomod:MuddlingPotion"},{"floor":32,"key":"Slimebound:ThreeZeroPotion"},{"floor":32,"key":"hexamod:SoulburnPotion"}],"is_trial":false,"path_per_floor":["?","?","?","?","T","T","?","E","T","?","?","T","T","?","T","B",null,"?","T","?","?","?","T","?","T","T","T","?","E","?","?","T","B"],"character_chosen":"DEFECT","items_purchased":["Redo","Redo","FTL","Turbo","Doom and Gloom","Doom and Gloom"],"campfire_rested":3,"item_purchase_floors":[5,12,12,12,19,27],"current_hp_per_floor":[74,74,74,70,70,70,64,64,64,34,26,26,48,48,70,35,75,45,45,35,21,21,45,45,45,45,45,7,1,40,5,5,0,0],"gold":72,"neow_bonus":"BOSS_RELIC","is_daily":false,"chose_seed":false,"campfire_upgraded":1,"win_rate":0.0,"timestamp":1613038911,"path_taken":["?","?","?","?","T","T","?","E","T","?","?","T","T","?","T","BOSS","?","T","?","?","?","T","?","T","T","?","?","E","?","?","T","BOSS"],"items_purchased_type":["Card","Card","Card","Card","Card","Card"],"build_version":"2020-12-22","purchased_purges":1,"victory":false,"max_hp_per_floor":[75,75,75,75,75,75,75,75,75,75,75,75,75,75,75,75,75,75,75,75,80,80,80,80,80,80,80,80,80,80,80,80,80,80],"card_choices":[{"not_picked":["Steam","ReplayTheSpireMod:System Scan"],"picked":"Aggregate","floor":1},{"not_picked":["Compile Driver","Coolheaded"],"picked":"Darkness","floor":3},{"not_picked":["FIFO Queue","BasicCrystalCard"],"picked":"Redo","floor":4},{"not_picked":["Self Repair","Leap"],"picked":"Doom and Gloom","floor":7},{"not_picked":["Ball Lightning","Seek"],"picked":"FIFO Queue","floor":8},{"not_picked":["Leap","Skim"],"picked":"Darkness","floor":10},{"not_picked":["Go for the Eyes","ReplayTheSpireMod:Repulse"],"picked":"Gash","floor":11},{"not_picked":["ReplayTheSpireMod:Fabricate Wheel","Seek"],"picked":"Multi-Cast","floor":16},{"not_picked":["Go for the Eyes","Force Field","Coolheaded+1"],"picked":"SKIP","floor":18},{"not_picked":["Coolheaded+1","Melter"],"picked":"Stack+1","floor":20},{"not_picked":["Coolheaded","ReplayTheSpireMod:Repulse"],"picked":"Scrape","floor":28},{"not_picked":["Chaos","Fusion+1"],"picked":"Sweeping Beam","floor":29},{"not_picked":["Gash","Leap"],"picked":"Aggregate+1","floor":30},{"not_picked":["Recycle","ReplayTheSpireMod:Repulse+1"],"picked":"Beam Cell","floor":31}],"player_experience":193090,"relics_obtained":[{"floor":8,"key":"Juzu Bracelet"},{"floor":9,"key":"Shuriken"},{"floor":26,"key":"Blood Vial"},{"floor":29,"key":"Lizard Tail"}],"event_choices":[{"damage_healed":0,"gold_gain":0,"player_choice":"Grow","damage_taken":0,"max_hp_gain":0,"max_hp_loss":0,"event_name":"Living Wall","floor":14,"gold_loss":0,"cards_upgraded":["Darkness"]},{"damage_healed":0,"gold_gain":0,"player_choice":"Shed Blood","damage_taken":19,"max_hp_gain":5,"max_hp_loss":0,"event_name":"Forgotten Altar","floor":21,"gold_loss":0},{"damage_healed":0,"gold_gain":0,"player_choice":"Stole Relic","damage_taken":0,"relics_obtained":["Chameleon Ring"],"max_hp_gain":0,"max_hp_loss":0,"event_name":"Addict","floor":22,"gold_loss":0,"cards_obtained":["Shame"]}],"is_beta":false,"boss_relics":[{"not_picked":["Replay:Bronze Core","Runic Dome"],"picked":"Ring of Chaos"}],"items_purged_floors":[27],"is_endless":false,"potions_floor_spawned":[4,7,11,16,20,31],"killed_by":"Champ","ascension_level":1}}