{"host":"y0i0tbisecj7yjyn","time":1613063344,"event":{"mods":["AchievementEnabler","AlwaysNeverKeys","BaseMod","BetterRewards","Colored Map","Colored Powertips","Curses Come First","Disable Question Mark Monsters","Displayed Cursed Tome","Highlight Path","Keyboard Shortcuts","Minty Spire (QoL Compilation)","Quick Restart","Random Character Button","Rare Cards Sparkle","StSLib","SuperFastMode","Transform Curses","Weighted Paths"],"gold_per_floor":[111,21,21,21,21,56,56,82,107,182,201,217,392,418,418,520,520,540,540,559,258,276,276,276],"floor_reached":23,"language":"ENG","playtime":776,"items_purged":["Doubt"],"score":308,"play_id":"40ae7092-b5b7-455a-9092-334227f50e70","local_time":"20210211110904","is_ascension_mode":true,"campfire_choices":[{"data":"Static Discharge","floor":7.0,"key":"SMITH"},{"floor":15,"key":"REST"}],"circlet_count":0,"master_deck":["Strike_B","Strike_B","Strike_B+1","Strike_B","Defend_B","Defend_B+1","Defend_B","Defend_B+1","Zap","Dualcast","Static Discharge+1","Bandage Up+1","Redo","White Noise","Ball Lightning","Defragment","Fission","CurseOfTheBell","Self Repair+1","Force Field","Bandage Up+1","Storm","Darkness+1"],"relics":["Cracked Core","NeowsBlessing","Shuriken","PreservedInsect","WingedGreaves","Art of War","Pen Nib","War Paint","Calling Bell","Tiny Chest","Symbiotic Virus","Turnip","DollysMirror"],"acts_visited":["Exordium","TheCity"],"potions_floor_usage":[11,12,14],"damage_taken":[{"damage":0.0,"enemies":"Cultist","floor":1.0,"turns":1.0},{"damage":0.0,"enemies":"Lagavulin","floor":6.0,"turns":1.0},{"damage":0.0,"enemies":"3 Sentries","floor":8.0,"turns":1.0},{"damage":2,"enemies":"Small Slimes","floor":11,"turns":3},{"damage":0,"enemies":"2 Louse","floor":12,"turns":1},{"damage":20,"enemies":"Lagavulin","floor":14,"turns":5},{"damage":34,"enemies":"Slime Boss","floor":16,"turns":7},{"damage":14,"enemies":"Chosen","floor":18,"turns":4},{"damage":11,"enemies":"Spheric Guardian","floor":20,"turns":3},{"damage":36,"enemies":"Snecko","floor":22,"turns":4},{"damage":50,"enemies":"Gremlin Leader","floor":23,"turns":5}],"seed_played":"-4790003400034725381","potions_obtained":[{"floor":1.0,"key":"SmokeBomb"},{"floor":6.0,"key":"Dexterity Potion"},{"floor":8.0,"key":"FocusPotion"},{"floor":12,"key":"Fruit Juice"},{"floor":18,"key":"Weak Potion"},{"floor":20,"key":"SpeedPotion"}],"is_trial":false,"path_per_floor":["M","$","?","?","?","E","R","E","T","?","M","M","?","E","R","B",null,"M","?","M","$","M","E"],"character_chosen":"DEFECT","items_purchased":["Bandage Up","DollysMirror","Storm"],"campfire_rested":1,"item_purchase_floors":[2,21,21],"current_hp_per_floor":[75,75,75,60,35,41,41,47,47,36,40,45,45,31,55,27,80,72,72,61,61,37,0,0],"gold":276,"neow_bonus":"THREE_ENEMY_KILL","is_daily":false,"chose_seed":false,"campfire_upgraded":1,"win_rate":0.0,"timestamp":1613063344,"path_taken":["M","$","?","?","?","E","R","E","T","?","M","M","?","E","R","BOSS","M","?","?","$","M","E"],"items_purchased_type":["Card","Relic","Card"],"build_version":"2020-12-22","purchased_purges":1,"victory":false,"max_hp_per_floor":[75,75,75,75,75,75,75,75,75,75,75,80,80,80,80,80,80,80,80,80,80,80,80,80],"card_choices":[{"not_picked":["Hello World","Compile Driver"],"picked":"Static Discharge","floor":1.0},{"not_picked":["Steam","Storm"],"picked":"Redo","floor":6.0},{"not_picked":["BootSequence","Consume"],"picked":"White Noise","floor":8.0},{"not_picked":["Go for the Eyes","Stack","Barrage"],"picked":"SKIP","floor":11},{"not_picked":["Heatsinks","Coolheaded"],"picked":"Ball Lightning","floor":12},{"not_picked":["Conserve Battery","Leap"],"picked":"Defragment","floor":14},{"not_picked":["Reboot","Meteor Strike"],"picked":"Fission","floor":16},{"not_picked":["Steam","Coolheaded"],"picked":"Self Repair+1","floor":18},{"not_picked":["Doom and Gloom+1","Steam"],"picked":"Force Field","floor":20},{"not_picked":["Streamline","Rebound"],"picked":"Darkness+1","floor":22}],"player_experience":432885,"relics_obtained":[{"floor":6.0,"key":"WingedGreaves"},{"floor":8.0,"key":"Art of War"},{"floor":9.0,"key":"Pen Nib"},{"floor":14,"key":"War Paint"},{"floor":17,"key":"Tiny Chest"},{"floor":17,"key":"Symbiotic Virus"},{"floor":17,"key":"Turnip"}],"event_choices":[{"damage_healed":0.0,"max_hp_gain":0.0,"max_hp_loss":0.0,"gold_gain":0.0,"event_name":"Big Fish","player_choice":"Box","floor":3.0,"gold_loss":0.0,"damage_taken":0.0,"relics_obtained":["Shuriken"],"cards_obtained":["Regret"]},{"damage_healed":0.0,"max_hp_gain":0.0,"max_hp_loss":0.0,"gold_gain":0.0,"event_name":"Shining Light","player_choice":"Entered Light","floor":4.0,"gold_loss":0.0,"damage_taken":15.0,"cards_upgraded":["Bandage Up","Strike_B"]},{"damage_healed":0.0,"max_hp_gain":0.0,"max_hp_loss":0.0,"gold_gain":0.0,"event_name":"Scrap Ooze","player_choice":"Success","floor":5.0,"gold_loss":0.0,"damage_taken":25.0,"relics_obtained":["PreservedInsect"]},{"damage_healed":0.0,"max_hp_gain":0.0,"max_hp_loss":0.0,"gold_gain":75.0,"event_name":"World of Goop","player_choice":"Gather Gold","floor":10.0,"gold_loss":0.0,"damage_taken":11.0},{"damage_healed":0,"gold_gain":175,"player_choice":"AGREE","damage_taken":0,"max_hp_gain":0,"max_hp_loss":0,"event_name":"Liars Game","floor":13,"gold_loss":0,"cards_obtained":["Doubt"]},{"cards_removed":["Regret"],"damage_healed":0,"gold_gain":0,"player_choice":"Purged","damage_taken":0,"max_hp_gain":0,"max_hp_loss":0,"event_name":"Purifier","floor":19,"gold_loss":0}],"is_beta":false,"boss_relics":[{"not_picked":["Runic Dome","Black Star"],"picked":"Calling Bell"}],"items_purged_floors":[21],"is_endless":false,"potions_floor_spawned":[1,6,8,12,18,20],"killed_by":"Gremlin Leader","ascension_level":4}}