{"host":"nc31xc38ptxi6d4c","time":1613020669,"event":{"mods":["BaseMod","Curses Come First","Evolution","Minty Spire (QoL Compilation)","StSLib"],"gold_per_floor":[368,384,384,384,232,232,244,144,190,190,222,238,253,263,263,263,263],"floor_reached":16,"language":"ENG","playtime":790,"items_purged":["Strike_R","Strike_R"],"score":107,"play_id":"3acd09fb-8656-4549-bc31-3b67d47343f7","local_time":"20210210231749","is_ascension_mode":true,"campfire_choices":[{"data":"Armaments","floor":6,"key":"SMITH"},{"floor":15,"key":"RECALL"}],"circlet_count":0,"master_deck":["Strike_R+1","Defend_R+1","Defend_R","Defend_R","Defend_R","Bash","Body Slam","Shrug It Off","Iron Wave","Armaments+1"],"relics":["Burning Blood","EVO:Axolotl","Bag of Preparation","Frozen Egg 2"],"acts_visited":["Exordium"],"potions_floor_usage":[11,15],"damage_taken":[{"damage":3,"enemies":"Small Slimes","floor":1,"turns":3},{"damage":0,"enemies":"2 Louse","floor":2,"turns":3},{"damage":0,"enemies":"Jaw Worm","floor":7,"turns":4},{"damage":4,"enemies":"3 Sentries","floor":11,"turns":8},{"damage":0,"enemies":"Lots of Slimes","floor":12,"turns":5},{"damage":0,"enemies":"Gremlin Gang","floor":13,"turns":5},{"damage":0,"enemies":"3 Louse","floor":14,"turns":3},{"damage":75,"enemies":"Hexaghost","floor":16,"turns":16}],"seed_played":"-9119599541039338664","potions_obtained":[{"floor":2,"key":"AttackPotion"},{"floor":14,"key":"Fruit Juice"}],"is_trial":false,"path_per_floor":["M","M","?","?","$","R","M","$","T","?","E","M","M","M","R","B"],"character_chosen":"IRONCLAD","items_purchased":["Iron Wave","Armaments"],"campfire_rested":0,"item_purchase_floors":[5,5],"current_hp_per_floor":[59,65,65,49,49,49,55,55,55,48,50,56,62,68,73,0,0],"gold":263,"neow_bonus":"TWO_FIFTY_GOLD","is_daily":false,"chose_seed":false,"campfire_upgraded":1,"win_rate":0.0,"timestamp":1613020669,"path_taken":["M","M","?","?","$","R","M","$","T","?","E","?","?","?","R","BOSS"],"items_purchased_type":["Card","Card"],"build_version":"2020-12-22","purchased_purges":2,"victory":false,"max_hp_per_floor":[80,80,80,80,80,80,80,80,80,80,80,80,80,80,85,85,85],"card_choices":[{"not_picked":["Sever Soul","Dual Wield"],"picked":"Body Slam","floor":1},{"not_picked":["True Grit","Cleave"],"picked":"Shrug It Off","floor":2},{"not_picked":["Cleave","Evolve","Clothesline"],"picked":"SKIP","floor":7},{"not_picked":["Headbutt","Burning Pact","Evolve+1"],"picked":"SKIP","floor":11},{"not_picked":["Double Tap","Wild Strike","Twin Strike"],"picked":"SKIP","floor":12},{"not_picked":["Uppercut","Cleave","Thunderclap"],"picked":"SKIP","floor":13},{"not_picked":["Thunderclap","Battle Trance","True Grit"],"picked":"SKIP","floor":14}],"player_experience":140947,"relics_obtained":[{"floor":9,"key":"Bag of Preparation"},{"floor":11,"key":"Frozen Egg 2"}],"event_choices":[{"cards_removed":["Strike_R"],"damage_healed":0,"gold_gain":0,"player_choice":"Forget","damage_taken":0,"max_hp_gain":0,"max_hp_loss":0,"event_name":"Living Wall","floor":3,"gold_loss":0},{"damage_healed":0,"gold_gain":0,"player_choice":"Entered Light","damage_taken":16,"max_hp_gain":0,"max_hp_loss":0,"event_name":"Shining Light","floor":4,"gold_loss":0,"cards_upgraded":["Defend_R","Strike_R"]},{"cards_removed":["Strike_R"],"damage_healed":0,"gold_gain":0,"player_choice":"Card Removal","damage_taken":7,"max_hp_gain":0,"max_hp_loss":0,"event_name":"Golden Wing","floor":10,"gold_loss":0}],"is_beta":false,"boss_relics":[],"items_purged_floors":[5,8],"is_endless":false,"potions_floor_spawned":[2,14],"killed_by":"Hexaghost","ascension_level":1}}