{"host":"j5j96s76v36ug78u","time":1613051263,"event":{"mods":["BaseMod","Better Third Choice","Downfall","Highlight Path","Minty Spire (QoL Compilation)","Reliquary","StSLib"],"gold_per_floor":[99,111,125,125,125,35,89,108,8,0,14,26,26,26,37,133,133,33,53,65,79,64,74,74,74,159,109,126,136,136,236,255,350,350,350,364,374,19,69,82,82,134,149,149,149,149,149],"floor_reached":45,"language":"ENG","playtime":4696,"items_purged":["Regret","downfall:Malfunctioning"],"score":509,"play_id":"4dc8a100-196f-4e1f-9e00-98631c781feb","local_time":"20210211104743","is_ascension_mode":false,"campfire_choices":[{"data":"Slimebound:Split","floor":1,"key":"SMITH"},{"floor":9,"key":"RECALL"},{"data":"Slimebound:SelfFormingGoo","floor":13,"key":"SMITH"},{"data":"Slimebound:SelfFormingGoo","floor":18,"key":"SMITH"},{"data":"Slimebound:Grow","floor":35,"key":"SMITH"}],"circlet_count":0,"master_deck":["Slimebound:Strike_Slimebound","Slimebound:Strike_Slimebound","Slimebound:Defend_Slimebound+1","Slimebound:Defend_Slimebound","Slimebound:Defend_Slimebound","Slimebound:Defend_Slimebound+1","Slimebound:Split+1","Slimebound:CorrosiveSpit","Slimebound:Equalize+1","Slimebound:SplitLeeching+1","Slimebound:SplitMire","Slimebound:Replication","Slimebound:SplitBruiser+1","Slimebound:SelfFormingGoo+1","Slimebound:Grow+1","Slimebound:SelfFormingGoo+1","Slimebound:SplitMire","Slimebound:Equalize+1","Slimebound:SplitBruiser","Slimebound:LeechingTouch+1","Slimebound:DivideAndConquer","Slimebound:FormOfPuddle","J.A.X.","Slimebound:GrowthPunch","Slimebound:MassFeed","Slimebound:SplitBruiser","Slimebound:FirmFortitude","Slimebound:SplitMire","Slimebound:SplitBruiser+1","Slimebound:SplitLeeching+1","expansioncontent:StudyTheSpire+1","Slimebound:SplitLeeching+1","Slimebound:LeadByExample","Slimebound:Repurpose+1"],"relics":["Coffee Dripper","Bag of Preparation","downfall:HeartBlessingBlue","reliquary:Craggleroot","downfall:HeartBlessingRed","FossilizedHelix","reliquary:IridiumChain","MutagenicStrength","Slimebound:TarBlob","reliquary:BrokenClock","White Beast Statue","Torii","reliquary:NewFriend","Slimebound:AggressiveSlimeRelic"],"acts_visited":["Exordium","TheCity","TheBeyond"],"potions_floor_usage":[19,28,31,33,38,38,40,45],"damage_taken":[{"damage":1,"enemies":"Jaw Worm","floor":2,"turns":4},{"damage":5,"enemies":"Small Slimes","floor":3,"turns":5},{"damage":5,"enemies":"downfall:FleeingMerchant","floor":6,"turns":4},{"damage":0,"enemies":"Cultist","floor":8,"turns":3},{"damage":1,"enemies":"downfall:FleeingMerchant","floor":10,"turns":4},{"damage":0,"enemies":"2 Fungi Beasts","floor":11,"turns":3},{"damage":8,"enemies":"Lots of Slimes","floor":12,"turns":3},{"damage":8,"enemies":"Blue Slaver","floor":15,"turns":3},{"damage":24,"enemies":"DF_ARCHETYPE_STREAMLINE","floor":16,"turns":8},{"damage":2,"enemies":"3 Byrds","floor":19,"turns":4},{"damage":17,"enemies":"3 Cultists","floor":20,"turns":5},{"damage":25,"enemies":"Centurion and Healer","floor":21,"turns":7},{"damage":23,"enemies":"downfall:FleeingMerchant","floor":22,"turns":4},{"damage":17,"enemies":"Snake Plant","floor":23,"turns":4},{"damage":0,"enemies":"Snecko","floor":28,"turns":3},{"damage":19,"enemies":"Shelled Parasite and Fungi","floor":29,"turns":5},{"damage":32,"enemies":"downfall:Augmenter","floor":31,"turns":7},{"damage":17,"enemies":"3 Cultists","floor":32,"turns":5},{"damage":61,"enemies":"SI_MIRROR_ARCHETYPE","floor":33,"turns":10},{"damage":39,"enemies":"3 Darklings","floor":36,"turns":5},{"damage":14,"enemies":"3 Shapes","floor":37,"turns":4},{"damage":19,"enemies":"downfall:FleeingMerchant","floor":38,"turns":3},{"damage":40,"enemies":"downfall:FleeingMerchant","floor":39,"turns":9},{"damage":1,"enemies":"Maw","floor":40,"turns":7},{"damage":45,"enemies":"Jaw Worm Horde","floor":43,"turns":5},{"damage":32,"enemies":"Writhing Mass","floor":45,"turns":2}],"seed_played":"-7733374987679256799","potions_obtained":[{"floor":8,"key":"SteroidPotion"},{"floor":12,"key":"Strength Potion"},{"floor":16,"key":"Explosive Potion"},{"floor":21,"key":"Slimebound:SlimyTonguePotion"},{"floor":23,"key":"SneckoOil"},{"floor":28,"key":"Fire Potion"},{"floor":32,"key":"bronze:BurnAndBuffPotion"},{"floor":33,"key":"Fire Potion"},{"floor":37,"key":"SkillPotion"},{"floor":39,"key":"Slimebound:SpawnSlimePotion"},{"floor":40,"key":"PowerPotion"},{"floor":43,"key":"Regen Potion"}],"is_trial":false,"path_per_floor":["R","M","M","?","?","$","T","M","R","$","M","M","R","?","M","B",null,"R","M","M","M","$","M","T","?","?","?","M","M","T","?","M","B",null,"R","M","M","$","?","M","T","?","M","$","M"],"character_chosen":"SLIMEBOUND","items_purchased":["reliquary:BrokenClock","White Beast Statue","expansioncontent:StudyTheSpire+1"],"campfire_rested":0,"item_purchase_floors":[38,38,38],"current_hp_per_floor":[65,64,63,63,63,63,63,65,75,74,75,75,75,75,73,61,75,75,75,70,50,39,40,40,40,28,57,75,68,68,54,49,6,81,81,60,61,57,32,49,49,49,16,16,0,0,0],"gold":149,"neow_bonus":"BOSS_RELIC","is_daily":false,"chose_seed":false,"campfire_upgraded":4,"win_rate":0.0,"timestamp":1613051263,"path_taken":["R","M","M","?","?","$","T","?","R","?","M","M","R","?","M","BOSS","R","M","M","?","$","M","T","?","?","?","?","M","?","?","M","BOSS","R","M","M","$","?","M","T","?","M","?","?"],"items_purchased_type":["Relic","Relic","Card"],"build_version":"2020-12-22","purchased_purges":2,"victory":false,"max_hp_per_floor":[65,65,65,65,65,65,65,65,75,75,75,75,75,75,75,75,75,75,75,75,75,75,75,75,75,75,75,75,75,75,75,81,81,81,81,81,84,87,90,90,90,90,90,90,90,90,90],"card_choices":[{"not_picked":["Slimebound:Schlurp","Slimebound:ComboTackle"],"picked":"Slimebound:Equalize","floor":2},{"not_picked":["Slimebound:TongueLash","Slimebound:FinishingTackle"],"picked":"Slimebound:SplitLeeching","floor":3},{"not_picked":["Slimebound:ViciousTackle","Slimebound:LeechEnergy","Slimebound:ComboTackle"],"picked":"SKIP","floor":6},{"not_picked":["Slimebound:Prepare","Slimebound:LeechEnergy"],"picked":"Slimebound:SplitMire","floor":8},{"not_picked":["Slimebound:Schlurp","Slimebound:SamplingLick"],"picked":"Slimebound:Replication","floor":10},{"not_picked":["Slimebound:GoopSpray","Slimebound:Schlurp"],"picked":"Slimebound:SplitBruiser","floor":11},{"not_picked":["Slimebound:Dissolve","Slimebound:ItLooksTasty"],"picked":"Slimebound:SelfFormingGoo","floor":12},{"not_picked":["Slimebound:SplitMire","Slimebound:LeechingTouch"],"picked":"Slimebound:Grow","floor":15},{"not_picked":["Slimebound:PrepareCrush","Slimebound:RallyTheTroops"],"picked":"Slimebound:SelfFormingGoo","floor":16},{"not_picked":["Slimebound:GoopTackle","Slimebound:FinishingTackle+1","Slimebound:SpikyOuterGoop"],"picked":"SKIP","floor":19},{"not_picked":["Slimebound:Schlurp","Slimebound:LivingWall+1","Slimebound:SlimeSpikes"],"picked":"SKIP","floor":20},{"not_picked":["Slimebound:FinishingTackle","Slimebound:Schlurp"],"picked":"Slimebound:SplitMire","floor":21},{"not_picked":["Slimebound:SlimeBarrage","Slimebound:Prepare+1"],"picked":"Slimebound:Equalize+1","floor":22},{"not_picked":["Slimebound:RollThrough","Slimebound:BestDefense"],"picked":"Slimebound:SplitBruiser","floor":23},{"not_picked":["Slimebound:LeechEnergy","Slimebound:HauntingLick"],"picked":"Slimebound:LeechingTouch+1","floor":28},{"not_picked":["Slimebound:GoopSpray+1","Slimebound:LivingWall+1"],"picked":"Slimebound:DivideAndConquer","floor":29},{"not_picked":["Slimebound:SlimeSpikes","Slimebound:ItLooksTasty"],"picked":"Slimebound:FormOfPuddle","floor":31},{"not_picked":[],"picked":"J.A.X.","floor":31},{"not_picked":["Slimebound:LeechEnergy","Slimebound:ItLooksTasty"],"picked":"Slimebound:SplitBruiser","floor":32},{"not_picked":["Slimebound:SelfFormingGoo","Slimebound:MassRepurpose"],"picked":"Slimebound:FirmFortitude","floor":33},{"not_picked":["Slimebound:GoopTackle","Slimebound:ComboTackle"],"picked":"Slimebound:SplitMire","floor":36},{"not_picked":["Slimebound:MegaLick+1","Slimebound:SplitLeeching"],"picked":"Slimebound:SplitBruiser+1","floor":37},{"not_picked":["Slimebound:SamplingLick+1","Slimebound:GoopSpray+1"],"picked":"Slimebound:SplitLeeching+1","floor":38},{"not_picked":["Slimebound:BestDefense","Slimebound:LeadByExample"],"picked":"Slimebound:SplitLeeching+1","floor":39},{"not_picked":["Slimebound:SlimeSlap","Slimebound:RollThrough"],"picked":"Slimebound:LeadByExample","floor":40},{"not_picked":["Slimebound:SplitAcid+1","Slimebound:RollThrough+1"],"picked":"Slimebound:Repurpose+1","floor":43}],"player_experience":164830,"relics_obtained":[{"floor":24,"key":"FossilizedHelix"},{"floor":30,"key":"reliquary:IridiumChain"},{"floor":31,"key":"MutagenicStrength"},{"floor":39,"key":"Torii"},{"floor":41,"key":"reliquary:NewFriend"},{"floor":42,"key":"Slimebound:AggressiveSlimeRelic"}],"event_choices":[{"damage_healed":0,"gold_gain":0,"player_choice":"Box","damage_taken":0,"relics_obtained":["Bag of Preparation"],"max_hp_gain":0,"max_hp_loss":0,"event_name":"Big Fish","floor":4,"gold_loss":0,"cards_obtained":["Regret"]}],"is_beta":false,"boss_relics":[{"not_picked":["bronze:MakeshiftBattery","Astrolabe"],"picked":"reliquary:Craggleroot"},{"not_picked":["reliquary:RedPaperclip","Empty Cage"],"picked":"Slimebound:TarBlob"}],"items_purged_floors":[6,38],"is_endless":false,"potions_floor_spawned":[8,12,16,21,23,28,32,33,37,39,40,43],"killed_by":"Writhing Mass","ascension_level":0}}