{"host":"m4pe905ae9bldoe7","time":1613040730,"event":{"mods":["BaseMod","Bestiary","Block Reminder","Downfall","Minty Spire (QoL Compilation)","StSLib"],"gold_per_floor":[111,111,131,206,206,206,226,258,258,305,320,330,34,34,62,72,72,175,175,191,191,205,239,266,266,266],"floor_reached":25,"language":"ENG","playtime":889,"items_purged":["Strike_R"],"score":236,"play_id":"8930df2f-73d3-4912-b86f-73b86fc9276a","local_time":"20210211115210","is_ascension_mode":false,"campfire_choices":[{"data":"Dropkick","floor":6,"key":"SMITH"},{"floor":14,"key":"REST"},{"data":"Armaments","floor":17,"key":"SMITH"}],"circlet_count":0,"master_deck":["Strike_R+1","Strike_R","Strike_R","Strike_R","Defend_R+1","Defend_R","Defend_R","Defend_R","Bash","Dropkick+1","DeusExMachina","Burning Pact","Inflame","Sever Soul","Armaments+1","Berserk+1"],"relics":["Burning Blood","Charon\u0027s Ashes","Mango","Pear","Art of War","Omamori","Frozen Egg 2","Black Star","Red Mask","Regal Pillow"],"acts_visited":["Exordium","TheCity"],"potions_floor_usage":[15,18,23,25],"damage_taken":[{"damage":1,"enemies":"Cultist","floor":1,"turns":3},{"damage":5,"enemies":"2 Louse","floor":3,"turns":3},{"damage":6,"enemies":"Jaw Worm","floor":7,"turns":3},{"damage":23,"enemies":"Lagavulin","floor":8,"turns":4},{"damage":13,"enemies":"Lots of Slimes","floor":11,"turns":3},{"damage":11,"enemies":"3 Louse","floor":12,"turns":3},{"damage":22,"enemies":"Gremlin Nob","floor":15,"turns":4},{"damage":14,"enemies":"Blue Slaver","floor":16,"turns":3},{"damage":24,"enemies":"The Guardian","floor":18,"turns":8},{"damage":5,"enemies":"Chosen","floor":20,"turns":3},{"damage":35,"enemies":"2 Thieves","floor":22,"turns":4},{"damage":30,"enemies":"Masked Bandits","floor":23,"turns":4},{"damage":52,"enemies":"Slavers","floor":25,"turns":3}],"seed_played":"-1202167830560155038","potions_obtained":[{"floor":3,"key":"FearPotion"},{"floor":8,"key":"BloodPotion"},{"floor":12,"key":"Energy Potion"},{"floor":15,"key":"DuplicationPotion"},{"floor":23,"key":"SpeedPotion"}],"is_trial":false,"path_per_floor":["M","?","M","?","?","R","M","E","T","T","M","M","$","R","E","M","R","B",null,"M","?","M","?","T","E"],"character_chosen":"IRONCLAD","items_purchased":["Omamori","Sever Soul"],"campfire_rested":1,"item_purchase_floors":[13,13],"current_hp_per_floor":[61,45,46,35,35,35,35,32,42,42,35,30,30,61,65,57,57,39,104,104,104,75,51,51,0,0],"gold":266,"neow_bonus":"ONE_RARE_RELIC","is_daily":false,"chose_seed":false,"campfire_upgraded":2,"win_rate":0.0,"timestamp":1613040730,"path_taken":["M","?","M","?","?","R","M","E","T","T","M","?","$","R","E","M","R","BOSS","M","?","M","?","?","E"],"items_purchased_type":["Relic","Card"],"build_version":"2020-12-22","purchased_purges":1,"victory":false,"max_hp_per_floor":[80,80,80,80,80,80,80,94,104,104,104,104,104,104,104,104,104,104,104,104,104,104,104,104,104,104],"card_choices":[{"not_picked":["Intimidate","Thunderclap"],"picked":"Cleave","floor":1},{"not_picked":["Armaments","Clash"],"picked":"Dropkick","floor":3},{"not_picked":["Perfected Strike","Headbutt","Cleave"],"picked":"SKIP","floor":7},{"not_picked":["Thunderclap","Clash"],"picked":"Burning Pact","floor":8},{"not_picked":["Flame Barrier","True Grit"],"picked":"Inflame","floor":11},{"not_picked":["Fire Breathing","Flame Barrier","Spot Weakness"],"picked":"SKIP","floor":12},{"not_picked":["Anger","Power Through","Entrench"],"picked":"SKIP","floor":15},{"not_picked":["Power Through","True Grit"],"picked":"Armaments","floor":16},{"not_picked":["Reaper","Barricade+1"],"picked":"Berserk+1","floor":18},{"not_picked":["Warcry+1","Searing Blow","Flex"],"picked":"SKIP","floor":20},{"not_picked":["Entrench+1","Twin Strike","Clothesline"],"picked":"SKIP","floor":22}],"player_experience":562244,"relics_obtained":[{"floor":8,"key":"Mango"},{"floor":9,"key":"Pear"},{"floor":10,"key":"Art of War"},{"floor":15,"key":"Frozen Egg 2"},{"floor":23,"key":"Red Mask"},{"floor":24,"key":"Regal Pillow"}],"event_choices":[{"damage_healed":0,"gold_gain":0,"player_choice":"Entered Light","damage_taken":16,"max_hp_gain":0,"max_hp_loss":0,"event_name":"Shining Light","floor":2,"gold_loss":0,"cards_upgraded":["Defend_R","Strike_R"]},{"damage_healed":0,"gold_gain":75,"player_choice":"Gather Gold","damage_taken":11,"max_hp_gain":0,"max_hp_loss":0,"event_name":"World of Goop","floor":4,"gold_loss":0},{"cards_removed":["Cleave"],"damage_healed":0,"gold_gain":0,"player_choice":"Took Card","damage_taken":0,"max_hp_gain":0,"max_hp_loss":0,"event_name":"NoteForYourself","floor":5,"gold_loss":0,"cards_obtained":["DeusExMachina"]},{"damage_healed":0,"gold_gain":0,"player_choice":"Ignored","damage_taken":0,"max_hp_gain":0,"max_hp_loss":0,"event_name":"Cursed Tome","floor":21,"gold_loss":0},{"damage_healed":0,"gold_gain":0,"player_choice":"Fought Bandits","damage_taken":0,"max_hp_gain":0,"max_hp_loss":0,"event_name":"Masked Bandits","floor":23,"gold_loss":0}],"is_beta":false,"boss_relics":[{"not_picked":["Runic Cube","Snecko Eye"],"picked":"Black Star"}],"items_purged_floors":[13],"is_endless":false,"potions_floor_spawned":[3,8,12,15,23],"killed_by":"Slavers","ascension_level":0}}