{"host":"kcvncuxxsb6xpuus","time":1613050842,"event":{"mods":["BaseMod","Minty Spire (QoL Compilation)","Replay The Spire","StSLib"],"gold_per_floor":[119,44,44,44,44,44,71,71,94,108,127,152,52,66,66,168,168,185,170,170,45,60,60,89,101,101,132,143,161,0,26,26,26,26],"floor_reached":33,"language":"ZHS","playtime":2028,"items_purged":["Strike_R","Defend_R","Defend_R"],"score":331,"play_id":"b1a65127-7372-4923-880d-496119160a1c","local_time":"20210211214042","is_ascension_mode":true,"campfire_choices":[{"data":"Double Tap","floor":6.0,"key":"SMITH"},{"data":"Rampage","floor":15.0,"key":"SMITH"},{"data":"Rampage","floor":23.0,"key":"SMITH"},{"floor":32,"key":"REST"}],"circlet_count":0,"master_deck":["Strike_R","Strike_R","Defend_R","Defend_R","Bash","Double Tap+1","Heavy Blade","Shrug It Off+1","Spot Weakness","Bloodletting","Rampage+1","Reaper","Rampage+1","Double Tap+1","Limit Break","Dropkick+1","Anger+1"],"relics":["Burning Blood","Paper Frog","Self Forming Clay","Happy Flower","Orichalcum","Mark of Pain","Du-Vu Doll","CaptainsWheel","Question Card","Tiny Chest"],"acts_visited":["Exordium","TheCity"],"potions_floor_usage":[29,31,31],"damage_taken":[{"damage":5.0,"enemies":"Jaw Worm","floor":1.0,"turns":6.0},{"damage":56.0,"enemies":"Gremlin Nob","floor":7.0,"turns":6.0},{"damage":0.0,"enemies":"Small Slimes","floor":10.0,"turns":3.0},{"damage":0.0,"enemies":"Cultist","floor":11.0,"turns":3.0},{"damage":16.0,"enemies":"Lagavulin","floor":12.0,"turns":6.0},{"damage":8.0,"enemies":"Looter","floor":14.0,"turns":3.0},{"damage":31.0,"enemies":"Fading Forest","floor":16.0,"turns":11.0},{"damage":14.0,"enemies":"Shell Parasite","floor":18.0,"turns":4.0},{"damage":21.0,"enemies":"2 Thieves","floor":19.0,"turns":4.0},{"damage":12.0,"enemies":"3 Cultists","floor":22.0,"turns":5.0},{"damage":16.0,"enemies":"Replay:Snechameleon","floor":24.0,"turns":4.0},{"damage":16.0,"enemies":"Cultist and Chosen","floor":25.0,"turns":6.0},{"damage":53.0,"enemies":"Book of Stabbing","floor":27.0,"turns":7.0},{"damage":4,"enemies":"Snecko","floor":28,"turns":4},{"damage":5,"enemies":"Sentry and Sphere","floor":29,"turns":4},{"damage":10,"enemies":"Replay:Snechameleon","floor":31,"turns":5},{"damage":80,"enemies":"Automaton","floor":33,"turns":8}],"seed_played":"-2840701938417635334","potions_obtained":[{"floor":1.0,"key":"Regen Potion"},{"floor":16.0,"key":"Dexterity Potion"},{"floor":18.0,"key":"Swift Potion"},{"floor":24.0,"key":"Venom Potion"},{"floor":27.0,"key":"HeartOfIron"},{"floor":28,"key":"AttackPotion"},{"floor":29,"key":"SteroidPotion"}],"is_trial":false,"path_per_floor":["M","$","?","?","?","R","E","$","T","M","M","E","$","M","R","B",null,"M","M","?","$","M","R","E","M","T","E","M","M","?","E","R","B"],"character_chosen":"IRONCLAD","items_purchased":[],"campfire_rested":1,"item_purchase_floors":[],"current_hp_per_floor":[80,80,80,77,77,77,39,39,39,45,51,41,41,39,39,24,80,72,69,69,69,80,80,70,67,67,30,40,51,51,51,75,0,0],"gold":26,"neow_bonus":"ONE_RANDOM_RARE_CARD","is_daily":false,"chose_seed":false,"campfire_upgraded":3,"win_rate":0.0,"timestamp":1613050842,"path_taken":["M","$","?","?","?","R","E","$","T","M","M","E","$","M","R","BOSS","M","M","?","$","M","R","E","M","T","E","M","?","?","E","R","BOSS"],"items_purchased_type":[],"build_version":"2020-12-22","purchased_purges":3,"victory":false,"max_hp_per_floor":[80,80,80,80,80,80,80,80,80,80,80,80,80,80,80,80,80,80,80,80,80,80,80,80,80,80,80,80,80,80,80,80,80,80],"card_choices":[{"not_picked":["Massacre","Flame Barrier"],"picked":"Heavy Blade","floor":1.0},{"not_picked":["Burning Pact","Life Link"],"picked":"Spot Weakness","floor":7.0},{"not_picked":["Dropkick","True Grit"],"picked":"Bloodletting","floor":10.0},{"not_picked":["Clash","Abandon"],"picked":"Rampage","floor":11.0},{"not_picked":["Thunderclap","Entrench","Shrug It Off"],"picked":"SKIP","floor":12.0},{"not_picked":["Thunderclap","Entrench","Shrug It Off"],"picked":"SKIP","floor":12.0},{"not_picked":["Thunderclap","Entrench","Shrug It Off"],"picked":"SKIP","floor":12.0},{"not_picked":["Sword Boomerang","Sentinel","Seeing Red"],"picked":"SKIP","floor":14.0},{"not_picked":["Eclipse","Hemogenesis"],"picked":"Reaper","floor":16.0},{"not_picked":["Headbutt+1","Cleave","Sword Boomerang"],"picked":"SKIP","floor":18.0},{"not_picked":["Infernal Blade+1","Pommel Strike"],"picked":"Rampage","floor":19.0},{"not_picked":["Twin Strike","Wild Strike+1","True Grit"],"picked":"SKIP","floor":22.0},{"not_picked":["Armaments","Sever Soul"],"picked":"Limit Break","floor":24.0},{"not_picked":["Pommel Strike+1","Thunderclap+1"],"picked":"Dropkick+1","floor":25.0},{"not_picked":["Pommel Strike+1","Thunderclap","Shrug It Off"],"picked":"SKIP","floor":27.0},{"not_picked":["ReplayTheSpireMod:Limb From Limb","Thunderclap","Shockwave","Metallicize"],"picked":"SKIP","floor":28},{"not_picked":["Cleave","ReplayTheSpireMod:Corrosion Curse+1","Massacre"],"picked":"Anger+1","floor":29},{"not_picked":["Armaments","Seeing Red+1","Cleave+1","Wild Strike"],"picked":"SKIP","floor":31}],"player_experience":95785,"relics_obtained":[{"floor":7.0,"key":"Self Forming Clay"},{"floor":9.0,"key":"Happy Flower"},{"floor":12.0,"key":"Orichalcum"},{"floor":24.0,"key":"Du-Vu Doll"},{"floor":26.0,"key":"CaptainsWheel"},{"floor":27.0,"key":"Question Card"},{"floor":31,"key":"Tiny Chest"}],"event_choices":[{"cards_removed":["Strike_R"],"damage_healed":0.0,"max_hp_gain":0.0,"max_hp_loss":0.0,"gold_gain":0.0,"event_name":"Living Wall","player_choice":"Forget","floor":3.0,"gold_loss":0.0,"damage_taken":0.0},{"damage_healed":0.0,"max_hp_gain":0.0,"max_hp_loss":0.0,"gold_gain":0.0,"event_name":"Scrap Ooze","player_choice":"Success","floor":4.0,"gold_loss":0.0,"damage_taken":3.0,"relics_obtained":["Paper Frog"]},{"damage_healed":0.0,"max_hp_gain":0.0,"max_hp_loss":0.0,"gold_gain":0.0,"event_name":"Duplicator","player_choice":"Copied","floor":20.0,"gold_loss":0.0,"damage_taken":0.0,"cards_obtained":["Double Tap"]},{"damage_healed":0,"gold_gain":0,"player_choice":"Paid Fearfully","damage_taken":0,"max_hp_gain":0,"max_hp_loss":0,"event_name":"Masked Bandits","floor":30,"gold_loss":161}],"is_beta":false,"boss_relics":[{"not_picked":["Black Star","Honey Jar"],"picked":"Mark of Pain"}],"items_purged_floors":[2,13,21],"is_endless":false,"potions_floor_spawned":[1,16,18,24,27,28,29],"killed_by":"Automaton","ascension_level":1}}