{"host":"3d7yvplr5ovcyppx","time":1613032215,"event":{"mods":["AchievementEnabler","BaseMod","Hermit","Jorbs\u0027s Wanderer Trilogy","Minty Spire (QoL Compilation)","Quick Restart","Somnambulant","StSLib","The Cursed","The Disciple","The Servant 0.9.4"],"gold_per_floor":[112,112,112,132,97,124,137,153,179,209,221,247,279,310,322,436,448,480,492,518,530,542,584,610,622,634,672,684,706,718,744,756,863,875,900,912,329,341,355,384,384,401,427,445,445,495,514,27,27,27],"floor_reached":51,"language":"ENG","playtime":3462,"items_purged":[],"score":798,"play_id":"2a6d91c8-6551-410a-985f-a086491a5275","local_time":"20210211140015","is_ascension_mode":false,"campfire_choices":[{"floor":11,"key":"REST"},{"data":"Static Discharge","floor":15,"key":"SMITH"},{"data":"Dualcast","floor":25,"key":"SMITH"},{"data":"Fusion","floor":28,"key":"SMITH"},{"floor":30,"key":"REST"},{"data":"Electrodynamics","floor":32,"key":"SMITH"},{"data":"Defragment","floor":41,"key":"SMITH"},{"data":"Lockon","floor":45,"key":"SMITH"},{"data":"Loop","floor":49,"key":"SMITH"}],"circlet_count":0,"master_deck":["Strike_B+1","Strike_B+1","Strike_B+1","Strike_B+1","Defend_B+1","Defend_B+1","Defend_B+1","Defend_B+1","Zap+1","Dualcast+1","Conserve Battery","Compile Driver","Cold Snap","Fusion+1","Genetic Algorithm","Lockon+1","Gash","Static Discharge+1","All For One","Electrodynamics+1","Streamline+1","Aggregate","stsjorbsmod:Withering","White Noise+1","Leap+1","Ball Lightning","Tempest+1","Stack+1","Seek+1","FTL+1","Forethought+1","Defragment+1","Gash","Coolheaded+1","Capacitor+1","Chill+1","Fission+1","Redo+1","Loop+1","Chaos+1","Metamorphosis+1"],"relics":["Cracked Core","War Paint","PreservedInsect","MawBank","Philosopher\u0027s Stone","Nloth\u0027s Gift","Toxic Egg 2","White Beast Statue","Anchor","SacredBark","HandDrill","InkBottle","CaptainsWheel","Lantern","Mango","Lee\u0027s Waffle","Ancient Tea Set"],"acts_visited":["Exordium","TheCity","TheBeyond"],"potions_floor_usage":[16,16,24,27,31,33,35,38,39,40,42,44,46,47,50,50],"damage_taken":[{"damage":0,"enemies":"2 Louse","floor":1,"turns":3},{"damage":0,"enemies":"Small Slimes","floor":4,"turns":3},{"damage":1,"enemies":"Lagavulin","floor":6,"turns":7},{"damage":0,"enemies":"Jaw Worm","floor":7,"turns":4},{"damage":0,"enemies":"Looter","floor":8,"turns":3},{"damage":3,"enemies":"Gremlin Gang","floor":10,"turns":6},{"damage":0,"enemies":"3 Louse","floor":12,"turns":3},{"damage":0,"enemies":"Large Slime","floor":13,"turns":6},{"damage":11,"enemies":"Lots of Slimes","floor":14,"turns":5},{"damage":6,"enemies":"Slime Boss","floor":16,"turns":7},{"damage":0,"enemies":"Spheric Guardian","floor":18,"turns":3},{"damage":0,"enemies":"Chosen","floor":20,"turns":3},{"damage":19,"enemies":"Gremlin Leader","floor":23,"turns":2},{"damage":9,"enemies":"Snake Plant","floor":24,"turns":4},{"damage":14,"enemies":"Slavers","floor":27,"turns":4},{"damage":15,"enemies":"Centurion and Healer","floor":29,"turns":6},{"damage":1,"enemies":"Snecko","floor":31,"turns":4},{"damage":34,"enemies":"Collector","floor":33,"turns":9},{"damage":9,"enemies":"Orb Walker","floor":35,"turns":4},{"damage":0,"enemies":"3 Shapes","floor":38,"turns":1},{"damage":2,"enemies":"Sphere and 2 Shapes","floor":39,"turns":2},{"damage":5,"enemies":"Nemesis","floor":40,"turns":4},{"damage":0,"enemies":"4 Shapes","floor":42,"turns":3},{"damage":24,"enemies":"Jaw Worm Horde","floor":44,"turns":4},{"damage":4,"enemies":"Mind Bloom Boss Battle","floor":46,"turns":5},{"damage":0,"enemies":"Maw","floor":47,"turns":4},{"damage":18,"enemies":"Awakened One","floor":50,"turns":8}],"seed_played":"-7844076028695861679","potions_obtained":[{"floor":1,"key":"SmokeBomb"},{"floor":4,"key":"EssenceOfSteel"},{"floor":13,"key":"Strength Potion"},{"floor":14,"key":"Explosive Potion"},{"floor":16,"key":"FearPotion"},{"floor":23,"key":"Strength Potion"},{"floor":27,"key":"Explosive Potion"},{"floor":29,"key":"Swift Potion"},{"floor":31,"key":"EssenceOfDarkness"},{"floor":33,"key":"BlessingOfTheForge"},{"floor":35,"key":"EssenceOfSteel"},{"floor":38,"key":"DuplicationPotion"},{"floor":39,"key":"PowerPotion"},{"floor":40,"key":"Energy Potion"},{"floor":42,"key":"Explosive Potion"},{"floor":44,"key":"SkillPotion"},{"floor":46,"key":"Explosive Potion"},{"floor":47,"key":"PowerPotion"}],"is_trial":false,"path_per_floor":["M","?","?","M","?","E","M","M","T","M","R","M","M","M","R","B",null,"M","?","M","?","?","E","M","R","T","E","R","M","R","M","R","B",null,"M","?","$","M","M","E","R","M","T","M","R","?","M","$","R","B",null],"character_chosen":"DEFECT","items_purchased":["HandDrill","InkBottle","Forethought+1","Defragment","Gash","Lee\u0027s Waffle","Ancient Tea Set","Metamorphosis+1"],"campfire_rested":2,"item_purchase_floors":[37,37,37,37,37,48,48,48],"current_hp_per_floor":[54,54,42,42,60,59,59,59,59,56,75,75,75,64,64,58,75,75,75,75,75,75,56,47,47,47,33,33,18,40,39,39,5,75,66,75,75,75,73,68,68,68,68,44,44,54,54,96,96,78],"gold":27,"neow_bonus":"ONE_RARE_RELIC","is_daily":false,"chose_seed":false,"campfire_upgraded":7,"win_rate":0.0,"timestamp":1613032215,"path_taken":["M","?","?","M","?","E","M","M","T","?","R","M","M","M","R","BOSS","M","?","?","?","?","E","?","R","T","E","R","M","R","M","R","BOSS","M","?","$","?","M","E","R","M","T","M","R","?","M","$","R","BOSS"],"items_purchased_type":["Relic","Relic","Card","Card","Card","Relic","Relic","Card"],"build_version":"2020-12-22","purchased_purges":0,"victory":true,"max_hp_per_floor":[75,75,75,75,75,75,75,75,75,75,75,75,75,75,75,75,75,75,75,75,75,75,75,75,75,75,75,75,75,75,75,75,75,75,75,75,75,75,75,75,75,75,75,75,75,89,89,96,96,96],"card_choices":[{"not_picked":["Force Field","Beam Cell"],"picked":"Conserve Battery","floor":1},{"not_picked":["Gash","Go for the Eyes"],"picked":"Compile Driver","floor":4},{"not_picked":["Coolheaded","Blizzard"],"picked":"Cold Snap","floor":6},{"not_picked":["Lockon","Consume"],"picked":"Fusion","floor":7},{"not_picked":["Gash","Beam Cell"],"picked":"Genetic Algorithm","floor":8},{"not_picked":["Compile Driver","White Noise"],"picked":"Lockon","floor":10},{"not_picked":["Self Repair","Conserve Battery"],"picked":"Gash","floor":12},{"not_picked":["Compile Driver","Steam"],"picked":"Static Discharge","floor":13},{"not_picked":["Steam","Hologram"],"picked":"All For One","floor":14},{"not_picked":["Machine Learning","Amplify"],"picked":"Electrodynamics","floor":16},{"not_picked":["Leap","Conserve Battery"],"picked":"Streamline+1","floor":18},{"not_picked":["Redo","Sweeping Beam"],"picked":"White Noise+1","floor":20},{"not_picked":["Thunder Strike","Cold Snap"],"picked":"Leap+1","floor":23},{"not_picked":["Beam Cell","Streamline"],"picked":"Ball Lightning","floor":24},{"not_picked":["Steam+1","Scrape"],"picked":"Tempest+1","floor":27},{"not_picked":["Auto Shields+1","Hologram+1"],"picked":"BootSequence+1","floor":29},{"not_picked":["Compile Driver","Static Discharge"],"picked":"Stack+1","floor":31},{"not_picked":["Biased Cognition","Machine Learning"],"picked":"Seek+1","floor":33},{"not_picked":["Stack+1","Ball Lightning"],"picked":"FTL+1","floor":35},{"not_picked":["Skim+1","Cold Snap+1"],"picked":"Coolheaded+1","floor":38},{"not_picked":["Beam Cell","Reboot+1"],"picked":"Capacitor+1","floor":39},{"not_picked":["Conserve Battery+1","Redo+1"],"picked":"Chill+1","floor":40},{"not_picked":["Auto Shields+1","Go for the Eyes"],"picked":"Fission+1","floor":42},{"not_picked":["Leap+1","Steam+1"],"picked":"Redo+1","floor":44},{"not_picked":["Tempest+1","Aggregate+1"],"picked":"Loop","floor":46},{"not_picked":["BootSequence+1","Auto Shields+1"],"picked":"Chaos+1","floor":47}],"player_experience":6084,"relics_obtained":[{"floor":6,"key":"PreservedInsect"},{"floor":9,"key":"MawBank"},{"floor":23,"key":"Toxic Egg 2"},{"floor":26,"key":"White Beast Statue"},{"floor":27,"key":"Anchor"},{"floor":40,"key":"CaptainsWheel"},{"floor":43,"key":"Lantern"},{"floor":46,"key":"Mango"}],"event_choices":[{"damage_healed":0,"gold_gain":0,"player_choice":"Grow","damage_taken":0,"max_hp_gain":0,"max_hp_loss":0,"event_name":"Living Wall","floor":2,"gold_loss":0,"cards_upgraded":["Zap"]},{"damage_healed":0,"gold_gain":0,"player_choice":"Success","damage_taken":12,"relics_obtained":["War Paint"],"max_hp_gain":0,"max_hp_loss":0,"event_name":"Scrap Ooze","floor":3,"gold_loss":0},{"damage_healed":18,"gold_gain":0,"player_choice":"Healed","damage_taken":0,"max_hp_gain":0,"max_hp_loss":0,"event_name":"The Cleric","floor":5,"gold_loss":35},{"damage_healed":0,"gold_gain":0,"player_choice":"2 cards matched","damage_taken":0,"max_hp_gain":0,"max_hp_loss":0,"event_name":"Match and Keep!","floor":19,"gold_loss":0,"cards_obtained":["Aggregate","stsjorbsmod:Withering"]},{"damage_healed":0,"gold_gain":0,"player_choice":"Simplicity","damage_taken":0,"max_hp_gain":0,"max_hp_loss":0,"event_name":"Back to Basics","floor":21,"gold_loss":0,"cards_upgraded":["Strike_B","Strike_B","Strike_B","Strike_B","Defend_B","Defend_B"]},{"damage_healed":0,"gold_gain":0,"player_choice":"Traded Relic","damage_taken":0,"relics_obtained":["Nloth\u0027s Gift"],"max_hp_gain":0,"max_hp_loss":0,"event_name":"N\u0027loth","floor":22,"relics_lost":["Thread and Needle"],"gold_loss":0},{"cards_removed":["BootSequence"],"damage_healed":9,"gold_gain":0,"player_choice":"Offered Uncommon","damage_taken":0,"max_hp_gain":0,"max_hp_loss":0,"event_name":"Bonfire Elementals","floor":36,"gold_loss":0},{"damage_healed":0,"gold_gain":0,"player_choice":"Fight","damage_taken":0,"max_hp_gain":0,"max_hp_loss":0,"event_name":"MindBloom","floor":46,"gold_loss":0}],"is_beta":false,"boss_relics":[{"not_picked":["Tiny House","Runic Pyramid"],"picked":"Philosopher\u0027s Stone"},{"not_picked":["Calling Bell","Coffee Dripper"],"picked":"SacredBark"}],"items_purged_floors":[],"is_endless":false,"potions_floor_spawned":[1,4,13,14,16,23,27,29,31,33,35,38,39,40,42,44,46,47],"ascension_level":0}}