{"host":"d52brwsy6af8zvaq","time":1613085384,"event":{"mods":["AchievementEnabler","BaseMod","Bestiary","Highlight Path","Minty Spire (QoL Compilation)","Quick Restart","Relic Stats","ojb\u0027s Better Paths Mod"],"gold_per_floor":[117,117,137,150,167,200,200,231,283,283,316,24,24,39,39,113,113,128,138,158,168,181,181,181],"floor_reached":23,"language":"ENG","playtime":1190,"items_purged":["Parasite"],"score":430,"play_id":"819820bb-2ac5-42a0-9868-b33524dcd7dd","local_time":"20210211161624","is_ascension_mode":true,"campfire_choices":[{"data":"Consume","floor":7.0,"key":"SMITH"},{"floor":15.0,"key":"REST"}],"circlet_count":0,"master_deck":["AscendersBane","Strike_B","Strike_B","Strike_B","Defend_B","Defend_B","Defend_B","Defend_B","Zap","Dualcast","Chaos","Conserve Battery","FTL","BootSequence","Sweeping Beam","Consume+1","Turbo","Undo","Self Repair","Cold Snap","Go for the Eyes","Electrodynamics","Recycle"],"relics":["Cracked Core","Juzu Bracelet","Pantograph","Toy Ornithopter","Anchor","Membership Card","Snecko Eye"],"acts_visited":["Exordium","TheCity"],"potions_floor_usage":[22,23],"damage_taken":[{"damage":0.0,"enemies":"2 Louse","floor":1.0,"turns":3.0},{"damage":0.0,"enemies":"Cultist","floor":3.0,"turns":4.0},{"damage":5.0,"enemies":"Small Slimes","floor":4.0,"turns":4.0},{"damage":1.0,"enemies":"2 Fungi Beasts","floor":5.0,"turns":3.0},{"damage":4.0,"enemies":"3 Sentries","floor":6.0,"turns":7.0},{"damage":32.0,"enemies":"Gremlin Nob","floor":8.0,"turns":4.0},{"damage":38.0,"enemies":"3 Sentries","floor":11.0,"turns":8.0},{"damage":3.0,"enemies":"Large Slime","floor":14.0,"turns":6.0},{"damage":37.0,"enemies":"Hexaghost","floor":16.0,"turns":10.0},{"damage":0,"enemies":"Shell Parasite","floor":18,"turns":10},{"damage":21,"enemies":"Chosen","floor":19,"turns":6},{"damage":39,"enemies":"Snake Plant","floor":20,"turns":5},{"damage":8,"enemies":"Centurion and Healer","floor":21,"turns":12},{"damage":13,"enemies":"3 Cultists","floor":22,"turns":4},{"damage":29,"enemies":"Book of Stabbing","floor":23,"turns":4}],"seed_played":"3192214861436530487","potions_obtained":[{"floor":3.0,"key":"Fire Potion"},{"floor":4.0,"key":"Block Potion"},{"floor":8.0,"key":"FocusPotion"},{"floor":14.0,"key":"PowerPotion"},{"floor":16.0,"key":"FearPotion"},{"floor":21,"key":"Fire Potion"}],"is_trial":false,"path_per_floor":["M","?","M","M","M","E","R","E","T","?","E","$","?","M","R","B",null,"M","M","M","M","M","E"],"character_chosen":"DEFECT","items_purchased":["Membership Card","Self Repair","Cold Snap"],"campfire_rested":1,"item_purchase_floors":[12,12,12],"current_hp_per_floor":[71,71,71,66,65,61,61,29,29,48,10,10,10,14,36,36,65,72,58,26,25,24,0,0],"gold":181,"neow_bonus":"TEN_PERCENT_HP_BONUS","is_daily":false,"chose_seed":false,"campfire_upgraded":1,"win_rate":0.0,"timestamp":1613085384,"path_taken":["M","?","M","M","?","E","R","E","T","?","E","$","?","M","R","BOSS","M","M","M","M","M","E"],"items_purchased_type":["Relic","Card","Card"],"build_version":"2020-12-22","purchased_purges":1,"victory":false,"max_hp_per_floor":[78,78,78,78,78,78,78,78,78,78,78,75,75,75,75,75,75,75,75,75,75,75,75,75],"relic_stats":{"counters":[15,90],"Pantograph":25,"Snecko Eye":[65,77,63,69],"Juzu Bracelet":0,"obtain_stats":[{"Anchor":11,"Pantograph":8,"Snecko Eye":17,"Juzu Bracelet":6,"Membership Card":12,"Cracked Core":0,"Toy Ornithopter":9},{"Anchor":7,"Pantograph":6,"Snecko Eye":9,"Juzu Bracelet":5,"Membership Card":7,"Cracked Core":0,"Toy Ornithopter":6},{"Anchor":33,"Pantograph":25,"Snecko Eye":49,"Juzu Bracelet":21,"Membership Card":33,"Cracked Core":0,"Toy Ornithopter":25}],"Toy Ornithopter":15},"card_choices":[{"not_picked":["Sweeping Beam","Reinforced Body"],"picked":"Chaos","floor":1.0},{"not_picked":["Recycle","BootSequence"],"picked":"FTL","floor":3.0},{"not_picked":["Rebound","Turbo"],"picked":"BootSequence","floor":4.0},{"not_picked":["Double Energy","BootSequence"],"picked":"Sweeping Beam","floor":5.0},{"not_picked":["Skim","Multi-Cast"],"picked":"Consume","floor":6.0},{"not_picked":["Conserve Battery","Genetic Algorithm"],"picked":"Turbo","floor":8.0},{"not_picked":["Barrage","Go for the Eyes"],"picked":"Undo","floor":11.0},{"not_picked":["Undo","Double Energy"],"picked":"Go for the Eyes","floor":14.0},{"not_picked":["Creative AI","Fission"],"picked":"Electrodynamics","floor":16.0},{"not_picked":["Beam Cell","Rebound","Conserve Battery"],"picked":"SKIP","floor":18},{"not_picked":["Barrage","Gash","Aggregate"],"picked":"SKIP","floor":19},{"not_picked":["FTL","Sweeping Beam","Consume"],"picked":"SKIP","floor":20},{"not_picked":["Loop","Conserve Battery"],"picked":"Recycle","floor":21},{"not_picked":["Sweeping Beam","Ball Lightning","Turbo"],"picked":"SKIP","floor":22}],"player_experience":2231167,"relics_obtained":[{"floor":6.0,"key":"Juzu Bracelet"},{"floor":8.0,"key":"Pantograph"},{"floor":9.0,"key":"Toy Ornithopter"},{"floor":11.0,"key":"Anchor"}],"event_choices":[{"damage_healed":0.0,"max_hp_gain":0.0,"max_hp_loss":0.0,"gold_gain":0.0,"cards_transformed":["Strike_B"],"event_name":"Transmorgrifier","player_choice":"Transformed","floor":2.0,"gold_loss":0.0,"damage_taken":0.0,"cards_obtained":["Conserve Battery"]},{"damage_healed":19.0,"max_hp_gain":0.0,"max_hp_loss":0.0,"gold_gain":0.0,"event_name":"Mushrooms","player_choice":"Healed and dodged fight","floor":10.0,"gold_loss":0.0,"damage_taken":0.0,"cards_obtained":["Parasite"]},{"damage_healed":0.0,"max_hp_gain":0.0,"max_hp_loss":0.0,"gold_gain":0.0,"event_name":"Scrap Ooze","player_choice":"Fled","floor":13.0,"gold_loss":0.0,"damage_taken":0.0}],"is_beta":false,"boss_relics":[{"not_picked":["Calling Bell","Pandora\u0027s Box"],"picked":"Snecko Eye"}],"items_purged_floors":[12],"is_endless":false,"potions_floor_spawned":[3,4,5,8,14,16,19,20,21],"killed_by":"Book of Stabbing","ascension_level":20}}