{"host":"mnpd8gh7cwxsn5kh","time":1613070720,"event":{"mods":["BaseMod","Bestiary","Block Reminder","Colored Map","Colored Powertips","Highlight Path","Minty Spire (QoL Compilation)","Relic Sorter","Relic Stats"],"gold_per_floor":[117,130,144,219,219,251,251,251,251],"floor_reached":8,"language":"ENG","playtime":659,"items_purged":[],"score":95,"play_id":"3ee3346e-082a-44d3-ab59-f6b19ae352da","local_time":"20210211201200","is_ascension_mode":true,"campfire_choices":[{"floor":7,"key":"REST"}],"circlet_count":0,"master_deck":["AscendersBane","Strike_G","Strike_G","Strike_G","Strike_G","Strike_G","Defend_G","Defend_G","Defend_G","Defend_G","Defend_G","Survivor","Neutralize","Dagger Spray","Calculated Gamble","Storm of Steel"],"relics":["Ring of the Snake","NeowsBlessing","Juzu Bracelet","Akabeko"],"acts_visited":["Exordium"],"potions_floor_usage":[6],"damage_taken":[{"damage":0,"enemies":"2 Louse","floor":1,"turns":1},{"damage":0,"enemies":"Cultist","floor":2,"turns":1},{"damage":0,"enemies":"Small Slimes","floor":3,"turns":1},{"damage":27,"enemies":"3 Sentries","floor":6,"turns":9},{"damage":43,"enemies":"Lagavulin","floor":8,"turns":8}],"seed_played":"2705815775707392031","potions_obtained":[{"floor":2,"key":"Fire Potion"},{"floor":6,"key":"Fire Potion"}],"is_trial":false,"path_per_floor":["M","M","M","?","?","E","R","E"],"character_chosen":"THE_SILENT","items_purchased":[],"campfire_rested":1,"item_purchase_floors":[],"current_hp_per_floor":[59,59,59,48,48,21,40,0,0],"gold":251,"neow_bonus":"THREE_ENEMY_KILL","is_daily":false,"chose_seed":false,"campfire_upgraded":0,"win_rate":0.0,"timestamp":1613070720,"path_taken":["M","M","M","?","?","E","R","E"],"items_purchased_type":[],"build_version":"2020-12-22","purchased_purges":0,"victory":false,"max_hp_per_floor":[66,66,66,66,66,66,66,66,66],"relic_stats":{"counters":[5,20],"Juzu Bracelet":0,"obtain_stats":[{"NeowsBlessing":0,"Juzu Bracelet":5,"Akabeko":6,"Ring of the Snake":0},{"NeowsBlessing":0,"Juzu Bracelet":3,"Akabeko":4,"Ring of the Snake":0},{"NeowsBlessing":0,"Juzu Bracelet":3,"Akabeko":12,"Ring of the Snake":0}],"Ring of the Snake":[10]},"card_choices":[{"not_picked":["Blur","Prepared"],"picked":"Dagger Spray","floor":1},{"not_picked":["Bouncing Flask","Noxious Fumes"],"picked":"Calculated Gamble","floor":2},{"not_picked":["Calculated Gamble","Bane"],"picked":"Dagger Spray","floor":3},{"not_picked":["Backflip","Quick Slash"],"picked":"Storm of Steel","floor":6}],"player_experience":459136,"relics_obtained":[{"floor":6,"key":"Akabeko"}],"event_choices":[{"damage_healed":0,"gold_gain":75,"player_choice":"Gather Gold","damage_taken":11,"max_hp_gain":0,"max_hp_loss":0,"event_name":"World of Goop","floor":4,"gold_loss":0},{"cards_removed":["Dagger Spray"],"damage_healed":0,"gold_gain":0,"player_choice":"Gave Card","damage_taken":0,"relics_obtained":["Juzu Bracelet"],"max_hp_gain":0,"max_hp_loss":0,"event_name":"WeMeetAgain","floor":5,"gold_loss":0}],"is_beta":false,"boss_relics":[],"items_purged_floors":[],"is_endless":false,"potions_floor_spawned":[2,6],"killed_by":"Lagavulin","ascension_level":14}}