{"host":"mz5hf7l9u79ze5ha","time":1613062485,"event":{"mods":["AchievementEnabler","BaseMod","Bestiary","Better Third Choice","BetterRewards","Colored Map","Colored Powertips","Curses Come First","Downfall","Googly Eyes","Hermit","Hubris","Minty Spire (QoL Compilation)","Quick Restart","Rare Cards Sparkle","Relic Stats","Reliquary","Replay The Spire","StSLib","The Bladedancer","The Bug Knight","The Cursed","The Hierophant","The Marked","Unceasing Turn Reminder"],"gold_per_floor":[99,113,128,143,593,604,604,626,655,668,693,710,410,422,432,529,529,529,542,554,571,671,736,736,764,764,814,840,893,893,47,74,182,182,182,228,278,306,11,11,11,100,126,176,176,200,229,302,348,364,364,374,374,374],"floor_reached":52,"language":"ENG","playtime":4232,"items_purged":["hubris:Gluttony","hubris:Despair"],"score":827,"play_id":"50889302-1235-4afa-81f4-62429b4ad194","local_time":"20210211185445","is_ascension_mode":false,"campfire_choices":[{"floor":1,"key":"RECALL"},{"floor":13,"key":"REST"},{"data":"hexamod:VolcanoVisage","floor":18,"key":"SMITH"},{"floor":26,"key":"REST"},{"floor":30,"key":"REST"},{"data":"Normality","floor":35,"key":"PURGE"},{"data":"expansioncontent:DashGenerateEvil","floor":40,"key":"SMITH"},{"data":"hexamod:ForkedFlame","floor":45,"key":"SMITH"}],"circlet_count":0,"master_deck":["hexamod:Strike","hexamod:Strike","hexamod:Strike","hexamod:Strike","hexamod:Defend","hexamod:Defend","hexamod:Defend","hexamod:Defend","hexamod:Sear","hexamod:Float","hexamod:BurningTouch","hexamod:ThirdSeal","hexamod:Hexaguard","hexamod:GhostLash","hexamod:TimeWarp","hexamod:SpectersWail","hexamod:HeatMetal","hexamod:Hexaguard","hexamod:SearingWound","hexamod:SoulSteal","hexamod:GhostShield","hexamod:ThermalTransfer","hexamod:FirstSeal","hexamod:GhostOfSpireFuture","hexamod:VolcanoVisage+1","hexamod:VolcanoVisage","hexamod:GhostOfSpireFuture","hexamod:RainOfEmbers","hexamod:PhantomFireball+1","hexamod:SpectralAdrenaline","hexamod:FastForward","hexamod:InspiringFlames+1","hexamod:DynamicBlow+1","hexamod:HauntingEcho","expansioncontent:DashGenerateEvil+1","hexamod:GhostOfSpirePresent","hexamod:TimeWarp","hexamod:WildfireWeapon","Injury","hexamod:HeatCrush","hexamod:ForkedFlame+1","hexamod:ExtraCrispy","hexamod:GhostShield+1","hexamod:NightmareStrike+1","hexamod:InspiringFlames+1"],"relics":["hexamod:SpiritBrand","Replay:Bottled Flurry","Odd Mushroom","Pet Ghost","downfall:HeartBlessingGreen","downfall:HeartBlessingRed","downfall:HeartBlessingBlue","Busted Crown","downfall:CloakOfManyFaces","CultistMask","FaceOfCleric","NlothsMask","GremlinMask","SsserpentHead","Replay:Bandana","ReplayTheSpireMod:Ring of Addiction","SacredBark","Chameleon Ring","Ring of Fangs","reliquary:ExpiredCoupon","Gremlin Food","Mirror","Astrolabe","reliquary:Knoch","Bag of Marbles"],"acts_visited":["Exordium","TheCity","TheBeyond","TheEnding"],"potions_floor_usage":[8,9,16,23,25,25,28,28,28,29,38,46,48,50,50],"damage_taken":[{"damage":0,"enemies":"Small Slimes","floor":2,"turns":3},{"damage":0,"enemies":"2 Louse","floor":3,"turns":2},{"damage":0,"enemies":"Jaw Worm","floor":4,"turns":3},{"damage":14,"enemies":"Lots of Slimes","floor":6,"turns":5},{"damage":17,"enemies":"The Mushroom Lair","floor":8,"turns":3},{"damage":36,"enemies":"Lagavulin","floor":9,"turns":7},{"damage":1,"enemies":"3 Louse","floor":10,"turns":3},{"damage":6,"enemies":"Red Slaver","floor":12,"turns":2},{"damage":1,"enemies":"2 Fungi Beasts","floor":14,"turns":3},{"damage":1,"enemies":"3 Louse","floor":15,"turns":3},{"damage":15,"enemies":"SI_SHIV_ARCHETYPE","floor":16,"turns":9},{"damage":11,"enemies":"Spheric Guardian","floor":19,"turns":6},{"damage":1,"enemies":"Chosen","floor":20,"turns":5},{"damage":20,"enemies":"Centurion and Healer","floor":21,"turns":6},{"damage":0,"enemies":"downfall:FaceTrader","floor":22,"turns":7},{"damage":30,"enemies":"Snecko","floor":23,"turns":5},{"damage":51,"enemies":"Book of Stabbing","floor":25,"turns":8},{"damage":2,"enemies":"Snake Plant","floor":28,"turns":4},{"damage":13,"enemies":"Gremlin Leader","floor":29,"turns":6},{"damage":0,"enemies":"downfall:FleeingMerchant","floor":31,"turns":4},{"damage":15,"enemies":"Centurion and Healer","floor":32,"turns":7},{"damage":53,"enemies":"IC_MUSHROOM_ARCHETYPE","floor":33,"turns":9},{"damage":13,"enemies":"3 Shapes","floor":36,"turns":4},{"damage":0,"enemies":"Orb Walker","floor":38,"turns":4},{"damage":0,"enemies":"downfall:FleeingMerchant","floor":39,"turns":4},{"damage":11,"enemies":"3 Darklings","floor":43,"turns":6},{"damage":14,"enemies":"Jaw Worm Horde","floor":46,"turns":6},{"damage":4,"enemies":"Writhing Mass","floor":47,"turns":6},{"damage":34,"enemies":"Spire Growth","floor":48,"turns":5},{"damage":27,"enemies":"4 Shapes","floor":49,"turns":5},{"damage":166,"enemies":"DF_ARCHETYPE_ORBS","floor":50,"turns":11},{"damage":121,"enemies":"downfall:CharBossMerchant","floor":52,"turns":8}],"seed_played":"-2040997706509459921","potions_obtained":[{"floor":2,"key":"SteroidPotion"},{"floor":6,"key":"Fire Potion"},{"floor":8,"key":"Dexterity Potion"},{"floor":12,"key":"BlessingOfTheForge"},{"floor":14,"key":"ColorlessPotion"},{"floor":19,"key":"DuplicationPotion"},{"floor":27,"key":"bronze:BurnAndBuffPotion"},{"floor":27,"key":"SteroidPotion"},{"floor":27,"key":"Swift Potion"},{"floor":28,"key":"AttackPotion"},{"floor":32,"key":"ColorlessPotion"},{"floor":38,"key":"Fruit Juice"},{"floor":42,"key":"Regen Potion"},{"floor":42,"key":"hexamod:InfernoChargePotion"},{"floor":47,"key":"hexamod:SoulburnPotion"},{"floor":49,"key":"hexamod:SoulburnPotion"}],"is_trial":false,"path_per_floor":["R_BF","M","M","M","?","M","T","?","E","M","T","M","R","M","M","B",null,"R_BF","M","M","M","?","M","T","E","R","?","M","E","R","$","M","B",null,"R_BF","M","?","M","$","R","T","?","M","?","R","M","M","M","M","B",null,"E"],"character_chosen":"THE_SPIRIT","items_purchased":["expansioncontent:DashGenerateEvil","hexamod:GhostOfSpirePresent","Gremlin Food","Mirror","FairyPotion","reliquary:Knoch","Block Potion"],"campfire_rested":3,"item_purchase_floors":[31,31,31,31,31,39,39],"current_hp_per_floor":[77,77,77,77,77,63,63,46,10,9,9,3,39,38,37,29,87,87,83,87,74,81,52,52,9,35,35,41,36,63,71,64,19,92,92,78,78,94,95,95,95,95,92,92,92,86,90,106,87,29,110,0,0,0],"gold":374,"neow_bonus":"TEN_PERCENT_HP_BONUS","is_daily":false,"chose_seed":false,"campfire_upgraded":3,"win_rate":0.0,"timestamp":1613062485,"path_taken":["R_BF","M","M","M","?","M","T","?","E","M","?","M","R","?","M","BOSS","R_BF","M","M","M","?","?","T","E","R","?","M","E","R","$","M","BOSS","R_BF","M","?","M","$","R","T","?","M","?","R","M","M","?","M","BOSS","E"],"items_purchased_type":["Card","Card","Relic","Relic","Potion","Relic","Potion"],"build_version":"2020-12-22","purchased_purges":2,"victory":false,"max_hp_per_floor":[77,77,77,77,77,77,77,77,77,77,77,77,87,87,87,87,87,87,87,87,87,87,88,88,89,89,89,90,91,91,92,93,92,92,92,91,91,107,108,108,108,106,107,107,105,106,107,108,109,110,110,110,110,110],"relic_stats":{"SsserpentHead":300,"Busted Crown":76,"FaceOfCleric":16,"counters":[32,169],"Astrolabe":["Injury","hubris:Despair","Normality"],"obtain_stats":[{"SacredBark":27,"downfall:HeartBlessingGreen":13,"GremlinMask":22,"Pet Ghost":9,"SsserpentHead":22,"Replay:Bandana":25,"Chameleon Ring":27,"Ring of Fangs":27,"FaceOfCleric":22,"downfall:HeartBlessingBlue":13,"Replay:Bottled Flurry":7,"downfall:CloakOfManyFaces":22,"hexamod:SpiritBrand":0,"Gremlin Food":31,"downfall:HeartBlessingRed":13,"ReplayTheSpireMod:Ring of Addiction":27,"Astrolabe":34,"Odd Mushroom":8,"reliquary:ExpiredCoupon":29,"Busted Crown":17,"CultistMask":22,"Bag of Marbles":41,"reliquary:Knoch":39,"Mirror":31,"NlothsMask":22},{"SacredBark":17,"downfall:HeartBlessingGreen":8,"GremlinMask":15,"Pet Ghost":6,"SsserpentHead":15,"Replay:Bandana":17,"Chameleon Ring":17,"Ring of Fangs":17,"FaceOfCleric":15,"downfall:HeartBlessingBlue":8,"Replay:Bottled Flurry":4,"downfall:CloakOfManyFaces":15,"hexamod:SpiritBrand":0,"Gremlin Food":20,"downfall:HeartBlessingRed":8,"ReplayTheSpireMod:Ring of Addiction":17,"Astrolabe":22,"Odd Mushroom":5,"reliquary:ExpiredCoupon":19,"Busted Crown":11,"CultistMask":15,"Bag of Marbles":25,"reliquary:Knoch":25,"Mirror":20,"NlothsMask":15},{"SacredBark":80,"downfall:HeartBlessingGreen":28,"GremlinMask":67,"Pet Ghost":23,"SsserpentHead":67,"Replay:Bandana":80,"Chameleon Ring":80,"Ring of Fangs":80,"FaceOfCleric":67,"downfall:HeartBlessingBlue":28,"Replay:Bottled Flurry":13,"downfall:CloakOfManyFaces":67,"hexamod:SpiritBrand":0,"Gremlin Food":94,"downfall:HeartBlessingRed":28,"ReplayTheSpireMod:Ring of Addiction":80,"Astrolabe":110,"Odd Mushroom":16,"reliquary:ExpiredCoupon":90,"Busted Crown":43,"CultistMask":67,"Bag of Marbles":122,"reliquary:Knoch":122,"Mirror":94,"NlothsMask":67}]},"card_choices":[{"not_picked":["hexamod:FirstSeal","hexamod:SpectralAdrenaline"],"picked":"hexamod:BurningTouch","floor":2},{"not_picked":["hexamod:SpectralAdrenaline","hexamod:EmpoweredFlame"],"picked":"hexamod:ThirdSeal","floor":3},{"not_picked":["hexamod:NecessarySacrifice","hexamod:CatchUp"],"picked":"hexamod:Hexaguard","floor":4},{"not_picked":["hexamod:BacktrackSmack","hexamod:Hexaguard"],"picked":"hexamod:GhostLash","floor":4},{"not_picked":["hexamod:PhantomFireball","hexamod:GhostShield"],"picked":"hexamod:TimeWarp","floor":6},{"not_picked":["hexamod:Firestarter","hexamod:NightmareStrike"],"picked":"hexamod:SpectersWail","floor":6},{"not_picked":["hexamod:Firestarter","hexamod:Haunt"],"picked":"hexamod:HeatMetal","floor":8},{"not_picked":["hexamod:AdvancingGuard","hexamod:Firestarter"],"picked":"hexamod:Hexaguard","floor":8},{"not_picked":["hexamod:ShieldOfDarkness","hexamod:Hexaguard"],"picked":"hexamod:SearingWound","floor":9},{"not_picked":["hexamod:Haunt","hexamod:InspiringFlames"],"picked":"hexamod:SoulSteal","floor":10},{"not_picked":["hexamod:Firestarter","hexamod:HeatMetal"],"picked":"hexamod:GhostShield","floor":12},{"not_picked":["hexamod:InspiringFlames","hexamod:DynamicBlow"],"picked":"hexamod:ThermalTransfer","floor":14},{"not_picked":["hexamod:InspiringFlames","hexamod:SwordOfDarkness"],"picked":"hexamod:FirstSeal","floor":15},{"not_picked":["hexamod:SearingWound","hexamod:RadiantFlame"],"picked":"hexamod:GhostOfSpireFuture","floor":15},{"not_picked":["hexamod:SearingWound","hexamod:WildfireWeapon"],"picked":"hexamod:VolcanoVisage","floor":16},{"not_picked":["hexamod:UnleashSpirits","hexamod:TimeOfNeed"],"picked":"hexamod:VolcanoVisage","floor":16},{"not_picked":["hexamod:RecurringNightmare"],"picked":"SKIP","floor":19},{"not_picked":["hexamod:GhostflameBarrier+1"],"picked":"SKIP","floor":19},{"not_picked":["hexamod:BurningTouch+1"],"picked":"SKIP","floor":20},{"not_picked":["hexamod:HeatMetal+1"],"picked":"SKIP","floor":20},{"not_picked":[],"picked":"hexamod:GhostOfSpireFuture","floor":21},{"not_picked":[],"picked":"hexamod:RainOfEmbers","floor":21},{"not_picked":[],"picked":"hexamod:PhantomFireball+1","floor":23},{"not_picked":["hexamod:NightmareGuise"],"picked":"SKIP","floor":23},{"not_picked":["hexamod:BurningTouch"],"picked":"SKIP","floor":25},{"not_picked":["hexamod:SwordOfDarkness"],"picked":"SKIP","floor":25},{"not_picked":[],"picked":"hexamod:SpectralAdrenaline","floor":28},{"not_picked":[],"picked":"hexamod:FastForward","floor":28},{"not_picked":[],"picked":"hexamod:InspiringFlames+1","floor":29},{"not_picked":[],"picked":"hexamod:DynamicBlow+1","floor":29},{"not_picked":[],"picked":"hexamod:HauntingEcho","floor":31},{"not_picked":["hexamod:ThirdSeal"],"picked":"SKIP","floor":31},{"not_picked":["hexamod:Hexaguard"],"picked":"SKIP","floor":32},{"not_picked":["hexamod:HeatMetal"],"picked":"SKIP","floor":32},{"not_picked":[],"picked":"hexamod:TimeWarp","floor":33},{"not_picked":[],"picked":"hexamod:WildfireWeapon","floor":33},{"not_picked":["hexamod:ThermalTransfer"],"picked":"SKIP","floor":36},{"not_picked":["hexamod:HeatMetal+1"],"picked":"SKIP","floor":36},{"not_picked":[],"picked":"hexamod:HeatCrush","floor":38},{"not_picked":["hexamod:BurningTouch"],"picked":"SKIP","floor":38},{"not_picked":["hexamod:HauntingEcho"],"picked":"SKIP","floor":39},{"not_picked":[],"picked":"hexamod:ForkedFlame","floor":43},{"not_picked":[],"picked":"hexamod:ExtraCrispy","floor":43},{"not_picked":[],"picked":"hexamod:GhostShield+1","floor":46},{"not_picked":["hexamod:GhostflameBarrier+1"],"picked":"SKIP","floor":46},{"not_picked":[],"picked":"hexamod:NightmareStrike+1","floor":47},{"not_picked":["hexamod:SwordOfDarkness+1"],"picked":"SKIP","floor":47},{"not_picked":[],"picked":"hexamod:InspiringFlames+1","floor":48},{"not_picked":["hexamod:InspiringFlames+1"],"picked":"SKIP","floor":49}],"player_experience":169870,"relics_obtained":[{"floor":7,"key":"Replay:Bottled Flurry"},{"floor":8,"key":"Odd Mushroom"},{"floor":9,"key":"Pet Ghost"},{"floor":22,"key":"downfall:CloakOfManyFaces"},{"floor":25,"key":"Replay:Bandana"},{"floor":27,"key":"ReplayTheSpireMod:Ring of Addiction"},{"floor":27,"key":"SacredBark"},{"floor":27,"key":"Chameleon Ring"},{"floor":27,"key":"Ring of Fangs"},{"floor":29,"key":"reliquary:ExpiredCoupon"},{"floor":41,"key":"Bag of Marbles"}],"event_choices":[{"damage_healed":0,"gold_gain":0,"player_choice":"Fought Mushrooms","damage_taken":0,"max_hp_gain":0,"max_hp_loss":0,"event_name":"Mushrooms","floor":8,"gold_loss":0}],"is_beta":false,"boss_relics":[{"not_picked":["ChewingGum","Fusion Hammer"],"picked":"Busted Crown"},{"not_picked":["hubris:VirtuousBlindfold","hubris:BlackHole"],"picked":"Astrolabe"}],"items_purged_floors":[31,39],"is_endless":false,"potions_floor_spawned":[2,6,8,12,14,19,21,28,32,38,43,47,49],"killed_by":"downfall:CharBossMerchant","ascension_level":0}}