{"host":"40e4adzyl212zebh","time":1613040436,"event":{"mods":["BaseMod","Colored Map","Colored Powertips","Downfall","Minty Spire (QoL Compilation)","Quick Restart","StSLib"],"gold_per_floor":[99,110,560,579,579,579,606,406,420,14,14,49,49,149,160,262,262,262,274,274,5,5,5,5,35,51,51,51,51],"floor_reached":27,"language":"ENG","playtime":3852,"items_purged":["downfall:Icky"],"score":302,"play_id":"4d89f893-7f01-4eb5-91be-d0e92fe884c4","local_time":"20210211194716","is_ascension_mode":false,"campfire_choices":[{"floor":1,"key":"RECALL"},{"data":"bronze:Frontload","floor":8,"key":"SMITH"},{"data":"bronze:Frontload","floor":13,"key":"SMITH"},{"data":"bronze:Mutator","floor":18,"key":"SMITH"},{"data":"expansioncontent:DashGenerateEvil","floor":23,"key":"SMITH"}],"circlet_count":0,"master_deck":["bronze:Replicate","bronze:Goto+1","bronze:DigitalCarnage","bronze:Frontload+1","bronze:Shell","bronze:Repair","bronze:ItsAFeature","expansioncontent:AwakenDeath","bronze:Frontload+1","bronze:ChildClass","bronze:Shell","bronze:Mutator+1","bronze:FollowUp","bronze:Philosophize","bronze:ShipIt","bronze:ForLoop","bronze:ForceShield","bronze:BugBarrage","bronze:Safeguard","bronze:BugBarrage","expansioncontent:DashGenerateEvil+1","expansioncontent:LastStand"],"relics":["bronze:BronzeCore","Incense Burner","bronze:BottledCode","downfall:HeartBlessingRed","downfall:HeartBlessingBlue","Omamori","WingedGreaves","Thread and Needle","Pandora\u0027s Box","Singing Bowl","Mango"],"acts_visited":["Exordium","TheCity"],"potions_floor_usage":[12,26,27,27,27],"damage_taken":[{"damage":6,"enemies":"Jaw Worm","floor":2,"turns":5},{"damage":1,"enemies":"2 Louse","floor":4,"turns":3},{"damage":0,"enemies":"Small Slimes","floor":9,"turns":4},{"damage":0,"enemies":"downfall:FleeingMerchant","floor":10,"turns":4},{"damage":0,"enemies":"Lagavulin","floor":12,"turns":8},{"damage":0,"enemies":"downfall:Heads","floor":14,"turns":10},{"damage":0,"enemies":"2 Fungi Beasts","floor":15,"turns":5},{"damage":40,"enemies":"IC_STATUS_ARCHETYPE","floor":16,"turns":18},{"damage":0,"enemies":"Spheric Guardian","floor":19,"turns":3},{"damage":0,"enemies":"downfall:FleeingMerchant","floor":21,"turns":4},{"damage":26,"enemies":"Slavers","floor":25,"turns":8},{"damage":0,"enemies":"Sentry and Sphere","floor":26,"turns":8},{"damage":139,"enemies":"Gremlin Leader","floor":27,"turns":16}],"seed_played":"2486498353862194311","potions_obtained":[{"floor":9,"key":"AttackPotion"},{"floor":12,"key":"bronze:FreeFunctionsPotion"},{"floor":14,"key":"Fruit Juice"},{"floor":25,"key":"bronze:CleanCodePotion"},{"floor":26,"key":"Guardian:BlockOnCardUsePotion"}],"is_trial":false,"path_per_floor":["R","M","?","M","?","?","T","R","M","$","?","E","R","?","M","B",null,"R","M","?","$","?","R","T","E","M","E"],"character_chosen":"THE_AUTOMATON","items_purchased":["bronze:ItsAFeature","Omamori","expansioncontent:AwakenDeath","expansioncontent:DashGenerateEvil","expansioncontent:LastStand"],"campfire_rested":0,"item_purchase_floors":[10,10,10,21,21],"current_hp_per_floor":[77,71,71,70,70,67,67,77,77,77,59,66,66,73,77,44,77,77,77,63,63,63,63,63,74,88,0,0,0],"gold":51,"neow_bonus":"TEN_PERCENT_HP_BONUS","is_daily":false,"chose_seed":false,"campfire_upgraded":4,"win_rate":0.0,"timestamp":1613040436,"path_taken":["R","M","?","M","?","?","T","R","M","$","?","E","R","?","M","BOSS","R","M","?","$","?","R","T","E","M","E"],"items_purchased_type":["Card","Relic","Card","Card","Card"],"build_version":"2020-12-22","purchased_purges":1,"victory":false,"max_hp_per_floor":[77,77,77,77,77,67,67,77,77,77,77,77,77,77,77,77,77,77,77,82,82,82,82,82,98,105,105,105,105],"card_choices":[{"not_picked":["bronze:WhirlingStrike","bronze:Deprecate"],"picked":"bronze:DigitalCarnage","floor":2},{"not_picked":["bronze:BugBarrage","bronze:CutThrough"],"picked":"bronze:Frontload","floor":4},{"not_picked":["bronze:MaxOutput","bronze:DarkDash"],"picked":"bronze:Shell","floor":9},{"not_picked":["bronze:OilSpill","bronze:Branch"],"picked":"bronze:Repair","floor":10},{"not_picked":["bronze:Turbo","bronze:Allocate"],"picked":"bronze:Frontload","floor":12},{"not_picked":["bronze:Turbo","bronze:WhirlingStrike"],"picked":"bronze:ChildClass","floor":14},{"not_picked":["bronze:Shield","bronze:Invalidate","bronze:Philosophize"],"picked":"SKIP","floor":15},{"not_picked":["bronze:Break","bronze:FindAndReplace"],"picked":"bronze:Mutator","floor":16},{"not_picked":["bronze:Overheat","bronze:Turbo"],"picked":"bronze:BugBarrage","floor":19},{"not_picked":["bronze:BuggyMess","bronze:WhirlingStrike","bronze:DelayedSlice"],"picked":"SKIP","floor":21},{"not_picked":["bronze:ChildClass+1","bronze:Turbo+1","bronze:Invalidate"],"picked":"Singing Bowl","floor":25},{"not_picked":["bronze:BugBarrage","bronze:Turbo","bronze:CloningBeam+1"],"picked":"Singing Bowl","floor":26}],"player_experience":613642,"relics_obtained":[{"floor":12,"key":"Thread and Needle"},{"floor":24,"key":"Singing Bowl"},{"floor":25,"key":"Mango"}],"event_choices":[{"damage_healed":0,"gold_gain":0,"player_choice":"Success","damage_taken":18,"relics_obtained":["WingedGreaves"],"max_hp_gain":0,"max_hp_loss":0,"event_name":"Scrap Ooze","floor":11,"gold_loss":0}],"is_beta":false,"boss_relics":[{"not_picked":["Tiny House","bronze:PlatinumCore"],"picked":"Pandora\u0027s Box"}],"items_purged_floors":[10],"is_endless":false,"potions_floor_spawned":[9,12,14,25,26],"killed_by":"Gremlin Leader","ascension_level":0}}