{"host":"06gxn1c1bsk424jw","time":1613054055,"event":{"mods":["BaseMod","DeckTracker","Minty Spire (QoL Compilation)","SuperFastMode"],"gold_per_floor":[367,386,386,386,311,340,340,357,357,13,32,32,32,60,60,60,60],"floor_reached":16,"language":"KOR","playtime":674,"items_purged":["Strike_G","Defend_G"],"score":194,"play_id":"7baf40eb-6895-422d-9da1-5f2dcddead07","local_time":"20210211233415","is_ascension_mode":true,"campfire_choices":[{"floor":7.0,"key":"REST"},{"data":"Neutralize","floor":13.0,"key":"SMITH"},{"data":"Footwork","floor":15.0,"key":"SMITH"}],"circlet_count":0,"master_deck":["AscendersBane","Strike_G","Strike_G","Strike_G","Strike_G","Defend_G","Defend_G","Defend_G","Survivor","Neutralize+1","Die Die Die","Footwork+1","Dagger Throw"],"relics":["Ring of the Snake","Bird Faced Urn","Thread and Needle","Lee\u0027s Waffle","Pen Nib"],"acts_visited":[],"potions_floor_usage":[16,16],"damage_taken":[{"damage":7.0,"enemies":"2 Louse","floor":1.0,"turns":4.0},{"damage":5.0,"enemies":"Small Slimes","floor":2.0,"turns":4.0},{"damage":33.0,"enemies":"Gremlin Nob","floor":6.0,"turns":5.0},{"damage":1.0,"enemies":"Cultist","floor":8.0,"turns":3.0},{"damage":0.0,"enemies":"Red Slaver","floor":11.0,"turns":4.0},{"damage":11.0,"enemies":"Lagavulin","floor":14.0,"turns":7.0},{"damage":66,"enemies":"Hexaghost","floor":16,"turns":16}],"seed_played":"418684145498768286","potions_obtained":[{"floor":2.0,"key":"BlessingOfTheForge"},{"floor":8.0,"key":"SteroidPotion"},{"floor":11.0,"key":"Poison Potion"},{"floor":14.0,"key":"DuplicationPotion"}],"is_trial":false,"path_per_floor":["M","M","?","?","$","E","R","M","T","$","M","$","R","E","R","B"],"character_chosen":"THE_SILENT","items_purchased":["Footwork","Lee\u0027s Waffle"],"campfire_rested":1,"item_purchase_floors":[10,10],"current_hp_per_floor":[52,47,40,40,40,7,26,25,25,73,73,73,73,62,62,0,0],"gold":60,"neow_bonus":"TWO_FIFTY_GOLD","is_daily":false,"chose_seed":false,"campfire_upgraded":2,"win_rate":0.0,"timestamp":1613054055,"path_taken":["M","M","?","?","$","E","R","?","T","$","M","?","R","E","R","BOSS"],"items_purchased_type":["Card","Relic"],"build_version":"2020-12-22","purchased_purges":2,"victory":false,"max_hp_per_floor":[66,66,66,66,66,66,66,66,66,73,73,73,73,73,73,73,73],"card_choices":[{"not_picked":["Backflip","Deadly Poison","Sucker Punch"],"picked":"SKIP","floor":1.0},{"not_picked":["Dodge and Roll","Acrobatics","Sucker Punch"],"picked":"SKIP","floor":2.0},{"not_picked":["Backflip","Dagger Spray"],"picked":"Die Die Die","floor":6.0},{"not_picked":["Bane","Deflect","Underhanded Strike"],"picked":"SKIP","floor":8.0},{"not_picked":["Backflip","Acrobatics"],"picked":"Dagger Throw","floor":11.0},{"not_picked":["Dagger Spray","Cloak And Dagger","Reflex"],"picked":"SKIP","floor":14.0}],"player_experience":837089,"relics_obtained":[{"floor":6.0,"key":"Bird Faced Urn"},{"floor":9.0,"key":"Thread and Needle"},{"floor":14.0,"key":"Pen Nib"}],"event_choices":[{"cards_removed":["Injury"],"damage_healed":0.0,"max_hp_gain":0.0,"max_hp_loss":0.0,"gold_gain":0.0,"event_name":"Golden Wing","player_choice":"Card Removal","floor":3.0,"gold_loss":0.0,"damage_taken":7.0},{"cards_removed":["Defend_G"],"damage_healed":0.0,"max_hp_gain":0.0,"max_hp_loss":0.0,"gold_gain":0.0,"event_name":"Purifier","player_choice":"Purged","floor":4.0,"gold_loss":0.0,"damage_taken":0.0}],"is_beta":false,"boss_relics":[],"items_purged_floors":[5,10],"is_endless":false,"potions_floor_spawned":[2,8,11,14],"killed_by":"Hexaghost","ascension_level":16}}