{"host":"ow66nzv2xecjoor3","time":1613030919,"event":{"mods":["BaseMod","Bestiary","Block Reminder","Colored Powertips","Curses Come First","Highlight Path","Keyboard Shortcuts","Minty Spire (QoL Compilation)","Permanent Neow","Relic Stats","StSLib","UnlockEverythingMod"],"gold_per_floor":[116,116,129,141,12,12,45,61,61,87,87,117,135,210,210,284,284,304,304,316,332,347,347,378,378,378,397,397,422,433,467,479,568,580,610,622,644,656,680,692,733,745,757,456,475,489,489,521,521,521,521,521,521,0,33,33,33],"floor_reached":56,"language":"ENG","playtime":3285,"items_purged":["Strike_P","Strike_P+1"],"score":2243,"play_id":"97cc1074-9faf-4592-8e2b-6fccfe95cdd9","local_time":"20210211020839","is_ascension_mode":true,"campfire_choices":[{"data":"Vault","floor":6.0,"key":"SMITH"},{"data":"Wallop","floor":15.0,"key":"SMITH"},{"floor":23.0,"key":"REST"},{"data":"Blasphemy","floor":32.0,"key":"SMITH"},{"data":"TalkToTheHand","floor":40.0,"key":"SMITH"},{"floor":49.0,"key":"RECALL"},{"data":"Ghostly","floor":53.0,"key":"SMITH"}],"circlet_count":0,"master_deck":["AscendersBane","Strike_P+1","Strike_P+1","Defend_P+1","Defend_P+1","Defend_P+1","Defend_P+1","Eruption","Vigilance","Vault+1","Consecrate","ThirdEye","Wallop+1","SpiritShield","Blasphemy+1","Wireheading","ThirdEye+1","Weave","Crescendo+1","BattleHymn","Conclude","Ghostly+1","Ghostly","Ghostly","TalkToTheHand+1","BattleHymn","MasterReality","Swivel+1","DeceiveReality","DevaForm","CutThroughFate","Sanctity+1","Protect+1","WaveOfTheHand+1","FearNoEvil","CutThroughFate","Tantrum"],"relics":["PureWater","PreservedInsect","Pear","Regal Pillow","Anchor","Cursed Key","Enchiridion","Mango","Nunchaku","MawBank","Philosopher\u0027s Stone","Omamori","Centennial Puzzle","Toolbox","Frozen Eye","War Paint","Turnip"],"acts_visited":["Exordium","TheCity","TheBeyond","TheEnding"],"potions_floor_usage":[56],"damage_taken":[{"damage":3.0,"enemies":"2 Louse","floor":1.0,"turns":4.0},{"damage":1.0,"enemies":"Cultist","floor":3.0,"turns":5.0},{"damage":7.0,"enemies":"Jaw Worm","floor":4.0,"turns":4.0},{"damage":0.0,"enemies":"Lagavulin","floor":7.0,"turns":5.0},{"damage":3.0,"enemies":"Large Slime","floor":8.0,"turns":7.0},{"damage":0.0,"enemies":"Gremlin Nob","floor":10.0,"turns":4.0},{"damage":0.0,"enemies":"Lagavulin","floor":12.0,"turns":6.0},{"damage":6.0,"enemies":"Blue Slaver","floor":13.0,"turns":4.0},{"damage":0.0,"enemies":"Slime Boss","floor":16.0,"turns":7.0},{"damage":24.0,"enemies":"Chosen","floor":18.0,"turns":5.0},{"damage":0.0,"enemies":"Spheric Guardian","floor":20.0,"turns":2.0},{"damage":1.0,"enemies":"Centurion and Healer","floor":21.0,"turns":9.0},{"damage":12.0,"enemies":"Shelled Parasite and Fungi","floor":22.0,"turns":9.0},{"damage":20.0,"enemies":"Slavers","floor":24.0,"turns":6.0},{"damage":21.0,"enemies":"Snecko","floor":27.0,"turns":5.0},{"damage":6.0,"enemies":"Book of Stabbing","floor":29.0,"turns":5.0},{"damage":0.0,"enemies":"Snake Plant","floor":30.0,"turns":6.0},{"damage":0.0,"enemies":"Gremlin Leader","floor":31.0,"turns":5.0},{"damage":3.0,"enemies":"Collector","floor":33.0,"turns":6.0},{"damage":0.0,"enemies":"3 Shapes","floor":35.0,"turns":6.0},{"damage":0.0,"enemies":"Orb Walker","floor":37.0,"turns":3.0},{"damage":18.0,"enemies":"Jaw Worm Horde","floor":39.0,"turns":5.0},{"damage":0.0,"enemies":"Reptomancer","floor":41.0,"turns":6.0},{"damage":0.0,"enemies":"Spire Growth","floor":45.0,"turns":5.0},{"damage":0.0,"enemies":"Writhing Mass","floor":46.0,"turns":5.0},{"damage":6.0,"enemies":"3 Darklings","floor":48.0,"turns":8.0},{"damage":3.0,"enemies":"Time Eater","floor":50.0,"turns":9.0},{"damage":3.0,"enemies":"Donu and Deca","floor":51.0,"turns":10.0},{"damage":4.0,"enemies":"Shield and Spear","floor":55.0,"turns":8.0},{"damage":40,"enemies":"The Heart","floor":56,"turns":2}],"seed_played":"-3785179266540588399","potions_obtained":[{"floor":1.0,"key":"SkillPotion"},{"floor":8.0,"key":"AttackPotion"},{"floor":10.0,"key":"FearPotion"},{"floor":12.0,"key":"Weak Potion"},{"floor":18.0,"key":"Explosive Potion"},{"floor":30.0,"key":"Energy Potion"},{"floor":31.0,"key":"Fire Potion"},{"floor":33.0,"key":"Swift Potion"},{"floor":46.0,"key":"Explosive Potion"}],"is_trial":false,"path_per_floor":["M","?","M","M","$","R","E","M","T","E","?","E","M","?","R","B",null,"M","?","M","M","M","R","E","?","T","M","?","E","M","E","R","B",null,"M","?","M","$","M","R","E","?","T","$","M","M","?","M","R","B","B",null,"R","$","E","B"],"character_chosen":"WATCHER","items_purchased":["SteroidPotion","Toolbox","CutThroughFate","Frozen Eye","WaveOfTheHand","FearNoEvil","CutThroughFate","War Paint"],"campfire_rested":1,"item_purchase_floors":[5,44,44,54,54,54,54,54],"current_hp_per_floor":[58,58,57,50,50,50,60,57,57,57,57,57,51,40,40,40,69,45,24,24,23,11,49,43,43,43,22,22,16,16,16,16,13,38,38,38,38,38,20,20,20,20,20,20,20,20,20,14,14,11,8,37,37,37,33,0,0],"gold":33,"neow_bonus":"ONE_RANDOM_RARE_CARD","is_daily":false,"chose_seed":false,"campfire_upgraded":5,"win_rate":0.0,"timestamp":1613030919,"path_taken":["M","?","M","M","$","R","E","?","T","E","?","E","M","?","R","BOSS","M","?","M","M","M","R","E","?","T","M","?","E","M","E","R","BOSS","M","?","M","$","M","R","E","?","T","$","M","M","?","M","R","BOSS","BOSS","R","$","E","BOSS"],"items_purchased_type":["Potion","Relic","Card","Relic","Card","Card","Card","Relic"],"build_version":"2020-12-22","purchased_purges":2,"victory":false,"max_hp_per_floor":[68,68,68,68,68,68,78,78,78,78,78,78,78,78,78,78,78,78,78,78,78,78,78,92,92,92,92,46,46,46,46,46,46,46,46,46,46,46,46,46,46,46,46,46,46,46,46,46,46,46,46,46,46,46,46,46,46],"relic_stats":{"Regal Pillow":15,"Nunchaku":[20],"Centennial Puzzle":[15],"counters":[30,171],"PreservedInsect":356,"Turnip":[2],"War Paint":["WaveOfTheHand","Swivel"],"Cursed Key":1,"MawBank":156,"obtain_stats":[{"Regal Pillow":10,"Pear":7,"Enchiridion":19,"Mango":24,"PreservedInsect":2,"Omamori":41,"War Paint":54,"Cursed Key":17,"MawBank":31,"Frozen Eye":54,"Anchor":12,"Nunchaku":29,"Centennial Puzzle":43,"Toolbox":44,"Philosopher\u0027s Stone":34,"Turnip":55,"PureWater":0},{"Regal Pillow":6,"Pear":4,"Enchiridion":10,"Mango":14,"PreservedInsect":1,"Omamori":23,"War Paint":28,"Cursed Key":9,"MawBank":18,"Frozen Eye":28,"Anchor":7,"Nunchaku":16,"Centennial Puzzle":23,"Toolbox":23,"Philosopher\u0027s Stone":19,"Turnip":29,"PureWater":0},{"Regal Pillow":29,"Pear":18,"Enchiridion":51,"Mango":77,"PreservedInsect":4,"Omamori":124,"War Paint":161,"Cursed Key":46,"MawBank":98,"Frozen Eye":161,"Anchor":35,"Nunchaku":87,"Centennial Puzzle":124,"Toolbox":124,"Philosopher\u0027s Stone":104,"Turnip":169,"PureWater":0}]},"card_choices":[{"not_picked":["Pray","PathToVictory"],"picked":"JustLucky","floor":1.0},{"not_picked":["SashWhip","CrushJoints"],"picked":"Consecrate","floor":3.0},{"not_picked":["Sanctity","DeceiveReality"],"picked":"FollowUp","floor":4.0},{"not_picked":["Swivel","CrushJoints"],"picked":"ThirdEye","floor":7.0},{"not_picked":["Consecrate","Perseverance"],"picked":"Wallop","floor":8.0},{"not_picked":["LikeWater","SashWhip"],"picked":"SpiritShield","floor":10.0},{"not_picked":["PathToVictory","Ragnarok","CrushJoints"],"picked":"SKIP","floor":12.0},{"not_picked":["DeceiveReality","ThirdEye","FlyingSleeves"],"picked":"SKIP","floor":13.0},{"not_picked":["ConjureBlade","Judgement"],"picked":"Blasphemy","floor":16.0},{"not_picked":["Crescendo","PathToVictory"],"picked":"Wireheading","floor":18.0},{"not_picked":["Adaptation","FlyingSleeves"],"picked":"ThirdEye+1","floor":20.0},{"not_picked":["DeceiveReality","Crescendo"],"picked":"Weave","floor":21.0},{"not_picked":["Fasting2","EmptyFist"],"picked":"Crescendo+1","floor":22.0},{"not_picked":["Weave","Ragnarok"],"picked":"BattleHymn","floor":24.0},{"not_picked":["EmptyBody","Protect"],"picked":"Conclude","floor":27.0},{"not_picked":["FlyingSleeves","Evaluate"],"picked":"TalkToTheHand","floor":29.0},{"not_picked":["BowlingBash","Perseverance","ClearTheMind"],"picked":"SKIP","floor":30.0},{"not_picked":["CrushJoints","PathToVictory"],"picked":"BattleHymn","floor":31.0},{"not_picked":["Ragnarok","SpiritShield"],"picked":"MasterReality","floor":33.0},{"not_picked":["BowlingBash","Pray"],"picked":"Swivel","floor":35.0},{"not_picked":["ThirdEye","FlurryOfBlows","FlyingSleeves"],"picked":"SKIP","floor":37.0},{"not_picked":["Prostrate","SashWhip"],"picked":"DeceiveReality","floor":39.0},{"not_picked":["Adaptation","FlurryOfBlows"],"picked":"DevaForm","floor":41.0},{"not_picked":["Consecrate","Protect","Sanctity"],"picked":"SKIP","floor":45.0},{"not_picked":["Consecrate","Protect","Sanctity"],"picked":"SKIP","floor":45.0},{"not_picked":["Crescendo","FlyingSleeves"],"picked":"Sanctity+1","floor":46.0},{"not_picked":["JustLucky","ClearTheMind"],"picked":"Protect+1","floor":48.0},{"not_picked":["SignatureMove","Nirvana"],"picked":"Tantrum","floor":55.0}],"player_experience":2839778,"relics_obtained":[{"floor":7.0,"key":"Pear"},{"floor":10.0,"key":"Regal Pillow"},{"floor":12.0,"key":"Anchor"},{"floor":19.0,"key":"Enchiridion"},{"floor":24.0,"key":"Mango"},{"floor":29.0,"key":"Nunchaku"},{"floor":31.0,"key":"MawBank"},{"floor":41.0,"key":"Omamori"},{"floor":43.0,"key":"Centennial Puzzle"},{"floor":55.0,"key":"Turnip"}],"event_choices":[{"cards_removed":["JustLucky"],"damage_healed":0.0,"max_hp_gain":0.0,"max_hp_loss":0.0,"gold_gain":0.0,"event_name":"WeMeetAgain","player_choice":"Gave Card","floor":2.0,"gold_loss":0.0,"damage_taken":0.0,"relics_obtained":["PreservedInsect"]},{"damage_healed":0.0,"max_hp_gain":0.0,"max_hp_loss":0.0,"gold_gain":0.0,"event_name":"Liars Game","player_choice":"Ignored","floor":11.0,"gold_loss":0.0,"damage_taken":0.0},{"damage_healed":0.0,"max_hp_gain":0.0,"max_hp_loss":0.0,"gold_gain":75.0,"event_name":"World of Goop","player_choice":"Gather Gold","floor":14.0,"gold_loss":0.0,"damage_taken":11.0},{"damage_healed":0.0,"max_hp_gain":0.0,"max_hp_loss":0.0,"gold_gain":0.0,"event_name":"Cursed Tome","player_choice":"Obtained Book","floor":19.0,"gold_loss":0.0,"damage_taken":21.0},{"damage_healed":0.0,"max_hp_gain":0.0,"max_hp_loss":0.0,"gold_gain":0.0,"event_name":"Back to Basics","player_choice":"Simplicity","floor":25.0,"gold_loss":0.0,"damage_taken":0.0,"cards_upgraded":["Strike_P","Strike_P","Strike_P","Defend_P","Defend_P","Defend_P","Defend_P"]},{"damage_healed":0.0,"max_hp_gain":0.0,"max_hp_loss":46.0,"gold_gain":0.0,"event_name":"Ghosts","player_choice":"Became a Ghost","floor":28.0,"gold_loss":0.0,"damage_taken":0.0,"cards_obtained":["Ghostly","Ghostly","Ghostly"]},{"cards_removed":["FollowUp"],"damage_healed":0.0,"max_hp_gain":0.0,"max_hp_loss":0.0,"gold_gain":0.0,"event_name":"Falling","player_choice":"Removed Attack","floor":36.0,"gold_loss":0.0,"damage_taken":0.0},{"damage_healed":0.0,"max_hp_gain":0.0,"max_hp_loss":0.0,"gold_gain":0.0,"event_name":"Mysterious Sphere","player_choice":"Ignored","floor":42.0,"gold_loss":0.0,"damage_taken":0.0},{"damage_healed":0.0,"max_hp_gain":0.0,"max_hp_loss":0.0,"gold_gain":0.0,"event_name":"Tomb of Lord Red Mask","player_choice":"Ignored","floor":47.0,"gold_loss":0.0,"damage_taken":0.0}],"is_beta":false,"boss_relics":[{"not_picked":["Sozu","Busted Crown"],"picked":"Cursed Key"},{"not_picked":["Runic Dome","Astrolabe"],"picked":"Philosopher\u0027s Stone"}],"items_purged_floors":[5,44],"is_endless":false,"potions_floor_spawned":[1,8,10,12,18,30,31,33,37,39,46,48,55],"killed_by":"The Heart","ascension_level":20}}