{"host":"u6v0z43xi4vbzvq3","time":1613055446,"event":{"mods":["AchievementEnabler","BaseMod","BetterRewards","Colored Map","Conspire","Downfall","Googly Eyes","Hermit","Hubris","Infinite Spire","Minty Spire (QoL Compilation)","Quick Restart","Rare Cards Sparkle","Replay The Spire","Shop Mod","StSLib","SuperFastMode","The Construct"],"gold_per_floor":[116,116,166,222,234,234,250,250,322,9,27,40,3,119,119,217,217,231,231,251,286,286,286,286],"floor_reached":23,"language":"ENG","playtime":757,"items_purged":[],"score":183,"play_id":"0d89af8d-4edb-46b0-8002-de0fd81caf7e","local_time":"20210212015726","is_ascension_mode":false,"campfire_choices":[{"data":"hermit:GoldenBullet","floor":6,"key":"SMITH"},{"data":"hermit:WideOpen","floor":8,"key":"SMITH"},{"data":"hermit:Grudge","floor":15,"key":"SMITH"}],"circlet_count":0,"master_deck":["hermit:Strike_Hermit","hermit:Strike_Hermit","hermit:Strike_Hermit","hermit:Strike_Hermit","hermit:Defend_Hermit","hermit:Defend_Hermit","hermit:Defend_Hermit","hermit:Defend_Hermit","hermit:Snapshot","hermit:Covet","Regret","hermit:GoldenBullet+1","hermit:Ricochet","hermit:WideOpen+1","hermit:Determination","hermit:Brawl","hermit:TakeAim","hermit:Grudge+1","hermit:Manifest","hermit:DeadOrAlive","hermit:Grudge","ReplayTheSpireMod:Faulty Equipment","hermit:Deadeye+1"],"relics":["hermit:Momento","hubris:ToyBattleship","hubris:Icosahedron","Anchor","infinitespire:Bottled Soul","Darkstone Periapt","hermit:BartenderGlass","Nunchaku"],"acts_visited":["Exordium","TheCity"],"potions_floor_usage":[5],"damage_taken":[{"damage":3,"enemies":"conspire:RoseBush","floor":1,"turns":3},{"damage":4,"enemies":"Jaw Worm","floor":5,"turns":6},{"damage":0,"enemies":"Small Slimes","floor":7,"turns":2},{"damage":0,"enemies":"Blue Slaver","floor":11,"turns":1},{"damage":11,"enemies":"Gremlin Gang","floor":12,"turns":4},{"damage":5,"enemies":"Looter","floor":14,"turns":3},{"damage":46,"enemies":"Slime Boss","floor":16,"turns":7},{"damage":30,"enemies":"3 Byrds","floor":18,"turns":6},{"damage":0,"enemies":"Chosen","floor":20,"turns":4},{"damage":22,"enemies":"3 Cultists","floor":21,"turns":4},{"damage":59,"enemies":"Book of Stabbing","floor":23,"turns":5}],"seed_played":"7171277285047592434","potions_obtained":[{"floor":1,"key":"LifebloodPotion"},{"floor":16,"key":"Elixir"},{"floor":21,"key":"Elixir"}],"is_trial":false,"path_per_floor":["M","?","T","?","M","R","M","R","T","$","M","M","$","M","R","B",null,"M","?","M","M","AVR","E"],"character_chosen":"HERMIT","items_purchased":["Darkstone Periapt","hermit:Determination","hermit:Grudge"],"campfire_rested":0,"item_purchase_floors":[10,10,13],"current_hp_per_floor":[72,72,72,72,68,68,68,68,68,68,68,57,57,52,52,6,75,45,51,51,59,59,0,0],"gold":286,"neow_bonus":"RANDOM_EVENT","is_daily":false,"chose_seed":false,"campfire_upgraded":3,"win_rate":0.0,"timestamp":1613055446,"path_taken":["M","?","?","?","M","R","M","R","T","$","M","M","$","M","R","BOSS","M","?","?","M","AVR","E"],"items_purchased_type":["Relic","Card","Card"],"build_version":"2020-12-22","purchased_purges":0,"victory":false,"max_hp_per_floor":[75,75,75,75,75,75,75,75,75,75,75,75,75,75,75,75,75,75,81,81,81,81,81,81],"card_choices":[{"not_picked":["hermit:Dive","hermit:Ricochet"],"picked":"hermit:GoldenBullet","floor":1},{"not_picked":["hermit:LoneWolf","hermit:BodyArmor"],"picked":"hermit:Ricochet","floor":5},{"not_picked":["hermit:Vantage","hermit:Gestalt"],"picked":"hermit:WideOpen","floor":7},{"not_picked":["hermit:Shortfuse","hermit:HighCaliber"],"picked":"hermit:Brawl","floor":11},{"not_picked":["hermit:Misfire","hermit:Maintenance"],"picked":"hermit:TakeAim","floor":12},{"not_picked":["hermit:HighCaliber","hermit:Roulette"],"picked":"hermit:Manifest","floor":14},{"not_picked":["hermit:HighNoon","hermit:EternalForm"],"picked":"hermit:DeadOrAlive","floor":16},{"not_picked":["hermit:Roulette","hermit:Brawl"],"picked":"hermit:Grudge","floor":18},{"not_picked":["hermit:LowProfile","hermit:SprayPray"],"picked":"hermit:Deadeye+1","floor":20},{"not_picked":["hermit:GhostlyPresence+1","hermit:ItchyTrigger","hermit:BodyArmor"],"picked":"SKIP","floor":21}],"player_experience":142626,"relics_obtained":[{"floor":3,"key":"Anchor"},{"floor":9,"key":"infinitespire:Bottled Soul"}],"event_choices":[{"damage_healed":0,"gold_gain":0,"player_choice":"Box","damage_taken":0,"relics_obtained":["hubris:ToyBattleship"],"max_hp_gain":0,"max_hp_loss":0,"event_name":"Big Fish","floor":0,"gold_loss":0,"cards_obtained":["Regret"]},{"damage_healed":0,"gold_gain":56,"player_choice":"Gained Gold","damage_taken":0,"max_hp_gain":0,"max_hp_loss":0,"event_name":"Golden Wing","floor":4,"gold_loss":0},{"damage_healed":0,"gold_gain":0,"player_choice":"1 cards matched","damage_taken":0,"max_hp_gain":0,"max_hp_loss":0,"event_name":"Match and Keep!","floor":19,"gold_loss":0,"cards_obtained":["ReplayTheSpireMod:Faulty Equipment"]}],"is_beta":false,"boss_relics":[{"not_picked":["hubris:VirtuousBlindfold","Runic Dome"],"picked":"hermit:BartenderGlass"}],"items_purged_floors":[],"is_endless":false,"potions_floor_spawned":[1,16,21],"killed_by":"Book of Stabbing","ascension_level":0}}