{"host":"rtw1tnr74gozsrw1","time":1613074245,"event":{"mods":["BaseMod","Colored Map","Colored Powertips","Highlight Path","Infinite Spire","Minty Spire (QoL Compilation)","Replay The Spire","StSLib","The Cursed","The Jungle"],"gold_per_floor":[112,32,46,56,56,56,56,56],"floor_reached":7,"language":"ENG","playtime":175,"items_purged":[],"score":41,"play_id":"782a7b38-35ef-4727-b74c-73a9899fa2ba","local_time":"20210211211045","is_ascension_mode":false,"campfire_choices":[{"data":"TheCursedMod:CursedArmor","floor":6,"key":"SMITH"}],"circlet_count":0,"master_deck":["TheCursedMod:Strike_TheCursed","TheCursedMod:Strike_TheCursed","TheCursedMod:Strike_TheCursed","TheCursedMod:Defend_TheCursed","TheCursedMod:Defend_TheCursed","TheCursedMod:Defend_TheCursed","TheCursedMod:Defend_TheCursed","TheCursedMod:CursedWand","TheCursedMod:CleanUpWorkshop","TheCursedMod:Dregs","TheCursedMod:CircleOfCorruption","TheCursedMod:CircleOfBlood","TheCursedMod:CursedArmor+1","TheCursedMod:CursedSpellbook"],"relics":["TheCursedMod:BlackMagic101","NeowsBlessing"],"acts_visited":["Exordium"],"potions_floor_usage":[],"damage_taken":[{"damage":0,"enemies":"Jaw Worm","floor":1,"turns":1},{"damage":0,"enemies":"2 Louse","floor":3,"turns":1},{"damage":0,"enemies":"Cultist","floor":4,"turns":1},{"damage":0,"enemies":"Lagavulin","floor":7,"turns":2}],"seed_played":"5483198527957839136","potions_obtained":[{"floor":4,"key":"PowerPotion"}],"is_trial":false,"path_per_floor":["M","$","M","M","?","R","E"],"character_chosen":"THE_CURSED","items_purchased":["TheCursedMod:CircleOfBlood"],"campfire_rested":0,"item_purchase_floors":[2],"current_hp_per_floor":[75,75,75,75,75,75,75,75],"gold":56,"neow_bonus":"THREE_ENEMY_KILL","is_daily":false,"chose_seed":false,"campfire_upgraded":1,"win_rate":0.0,"timestamp":1613074245,"path_taken":["M","$","M","M","?","R","E"],"items_purchased_type":["Card"],"build_version":"2020-12-22","purchased_purges":0,"victory":false,"max_hp_per_floor":[75,75,75,75,75,75,75,75],"card_choices":[{"not_picked":["TheCursedMod:CircleOfFlame","TheCursedMod:RapidMovement"],"picked":"TheCursedMod:CircleOfCorruption","floor":1},{"not_picked":["TheCursedMod:SurpriseAttack","TheCursedMod:CursedShiv"],"picked":"TheCursedMod:CursedArmor","floor":3},{"not_picked":["TheCursedMod:SurpriseAttack","TheCursedMod:Evocation"],"picked":"TheCursedMod:CursedSpellbook","floor":4}],"player_experience":137034,"relics_obtained":[],"event_choices":[],"is_beta":false,"boss_relics":[],"items_purged_floors":[],"is_endless":false,"potions_floor_spawned":[4],"killed_by":"Lagavulin","ascension_level":0}}