{"host":"y76clbnovzmw9ubx","time":1613086884,"event":{"mods":["AchievementEnabler","BaseMod","Minty Spire (QoL Compilation)","Permanent Neow","Relic Stats"],"gold_per_floor":[113,133,5,5,5,30,30,65,65,65,65,83,100,128,128,206,206,220,232,282,296,306,341,355,370,395,395,407,436,448,473,473,547,547,562,580,580,35,35,63,78,98,98,98,98,112,112,130,130,130,130,130],"floor_reached":51,"language":"ENG","playtime":3525,"items_purged":["Shame","Strike_G"],"score":1597,"play_id":"463b1373-6284-4faf-a1d7-ada5cd71fe05","local_time":"20210211184124","is_ascension_mode":true,"campfire_choices":[{"floor":7,"key":"REST"},{"data":"Apotheosis","floor":11,"key":"SMITH"},{"data":"Infinite Blades","floor":15,"key":"SMITH"},{"floor":27,"key":"RECALL"},{"floor":32,"key":"REST"},{"floor":44,"key":"REST"},{"floor":47,"key":"REST"},{"floor":49,"key":"REST"}],"circlet_count":0,"master_deck":["AscendersBane","Strike_G","Defend_G","Defend_G","Defend_G","Defend_G","Defend_G","Survivor","Neutralize","Apotheosis+1","Slice","Crippling Poison","Calculated Gamble","Burst","Catalyst","Infinite Blades+1","Blur","Corpse Explosion","Dodge and Roll","Backflip","Acrobatics+1","Noxious Fumes","PiercingWail","Endless Agony+1","Infinite Blades+1","Cloak And Dagger","Blade Dance","A Thousand Cuts","Corpse Explosion+1","Heel Hook+1","Outmaneuver+1","Well Laid Plans","Envenom","Infinite Blades","Footwork","Dodge and Roll","Caltrops+1","Blade Dance","Finisher"],"relics":["Ring of the Snake","Thread and Needle","TungstenRod","Eternal Feather","Dead Branch","Ginger","Fusion Hammer","Mummified Hand","The Specimen","The Courier","Astrolabe","CaptainsWheel","Letter Opener","Pen Nib"],"acts_visited":["Exordium","TheCity","TheBeyond"],"potions_floor_usage":[8,8,21,23,28,29,31,40,46,50],"damage_taken":[{"damage":7,"enemies":"Small Slimes","floor":1,"turns":5},{"damage":1,"enemies":"2 Louse","floor":2,"turns":3},{"damage":23,"enemies":"3 Sentries","floor":6,"turns":11},{"damage":0,"enemies":"Lagavulin","floor":8,"turns":6},{"damage":0,"enemies":"Cultist","floor":12,"turns":4},{"damage":0,"enemies":"Blue Slaver","floor":13,"turns":3},{"damage":2,"enemies":"3 Sentries","floor":14,"turns":7},{"damage":12,"enemies":"Slime Boss","floor":16,"turns":10},{"damage":3,"enemies":"2 Thieves","floor":18,"turns":4},{"damage":5,"enemies":"Shell Parasite","floor":19,"turns":5},{"damage":0,"enemies":"3 Cultists","floor":21,"turns":3},{"damage":3,"enemies":"Snake Plant","floor":22,"turns":4},{"damage":4,"enemies":"Book of Stabbing","floor":23,"turns":8},{"damage":0,"enemies":"Snecko","floor":24,"turns":4},{"damage":0,"enemies":"Cultist and Chosen","floor":25,"turns":4},{"damage":3,"enemies":"3 Cultists","floor":28,"turns":5},{"damage":26,"enemies":"Gremlin Leader","floor":29,"turns":6},{"damage":0,"enemies":"Centurion and Healer","floor":30,"turns":3},{"damage":0,"enemies":"Book of Stabbing","floor":31,"turns":5},{"damage":5,"enemies":"Champ","floor":33,"turns":4},{"damage":2,"enemies":"Orb Walker","floor":35,"turns":3},{"damage":6,"enemies":"3 Shapes","floor":36,"turns":3},{"damage":28,"enemies":"Nemesis","floor":40,"turns":5},{"damage":8,"enemies":"Jaw Worm Horde","floor":41,"turns":3},{"damage":13,"enemies":"4 Shapes","floor":42,"turns":5},{"damage":0,"enemies":"Transient","floor":46,"turns":6},{"damage":1,"enemies":"Spire Growth","floor":48,"turns":3},{"damage":32,"enemies":"Awakened One","floor":50,"turns":9},{"damage":34,"enemies":"Time Eater","floor":51,"turns":2}],"seed_played":"5207007905587532560","potions_obtained":[{"floor":6,"key":"FearPotion"},{"floor":14,"key":"AttackPotion"},{"floor":16,"key":"BlessingOfTheForge"},{"floor":22,"key":"ColorlessPotion"},{"floor":25,"key":"SkillPotion"},{"floor":29,"key":"SpeedPotion"},{"floor":30,"key":"SneckoOil"},{"floor":31,"key":"Strength Potion"},{"floor":40,"key":"CunningPotion"}],"is_trial":false,"path_per_floor":["M","M","$","?","?","E","R","E","T","$","R","M","M","E","R","B",null,"M","M","?","M","M","E","M","M","T","R","M","E","M","E","R","B",null,"M","M","?","$","$","E","M","M","T","R","?","M","R","M","R","B","B"],"character_chosen":"THE_SILENT","items_purchased":["PowerPotion","CaptainsWheel","Envenom","Infinite Blades","Footwork"],"campfire_rested":5,"item_purchase_floors":[3,38,38,38,38],"current_hp_per_floor":[52,51,51,25,25,2,21,21,21,21,30,30,30,28,40,28,57,54,49,49,49,46,42,42,42,42,57,54,28,28,28,65,60,65,63,57,57,57,57,29,21,8,8,48,48,48,63,62,63,31,0,0],"gold":130,"neow_bonus":"RANDOM_COLORLESS_2","is_daily":false,"chose_seed":false,"campfire_upgraded":2,"win_rate":0.0,"timestamp":1613086884,"path_taken":["M","M","$","?","?","E","R","E","T","$","R","M","M","E","R","BOSS","M","M","?","M","M","E","M","M","T","R","?","E","M","E","R","BOSS","M","M","?","?","$","E","M","M","T","R","?","?","R","M","R","BOSS","BOSS"],"items_purchased_type":["Potion","Relic","Card","Card","Card"],"build_version":"2020-12-22","purchased_purges":2,"victory":false,"max_hp_per_floor":[66,66,66,66,66,66,66,66,66,66,66,66,66,66,66,66,66,66,66,66,66,66,66,66,66,66,66,66,66,66,66,66,66,66,66,66,66,66,66,66,66,66,66,66,63,63,63,63,63,63,63,63],"relic_stats":{"counters":[29,143],"Mummified Hand":[84],"Dead Branch":[304],"Astrolabe":["Corpse Explosion","Heel Hook","Outmaneuver"],"Eternal Feather":91,"Pen Nib":[9],"Ginger":[12],"Letter Opener":[150],"obtain_stats":[{"The Specimen":29,"Dead Branch":9,"Astrolabe":34,"Thread and Needle":4,"Eternal Feather":8,"The Courier":31,"Pen Nib":43,"Ginger":14,"Letter Opener":40,"CaptainsWheel":38,"Mummified Hand":23,"Fusion Hammer":17,"TungstenRod":6,"Ring of the Snake":0},{"The Specimen":17,"Dead Branch":4,"Astrolabe":20,"Thread and Needle":2,"Eternal Feather":4,"The Courier":19,"Pen Nib":25,"Ginger":7,"Letter Opener":23,"CaptainsWheel":22,"Mummified Hand":13,"Fusion Hammer":8,"TungstenRod":3,"Ring of the Snake":0},{"The Specimen":92,"Dead Branch":25,"Astrolabe":104,"Thread and Needle":8,"Eternal Feather":25,"The Courier":100,"Pen Nib":123,"Ginger":39,"Letter Opener":115,"CaptainsWheel":110,"Mummified Hand":73,"Fusion Hammer":49,"TungstenRod":19,"Ring of the Snake":0}],"TungstenRod":27,"Ring of the Snake":[58]},"card_choices":[{"not_picked":["HandOfGreed","Chrysalis"],"picked":"Apotheosis","floor":0},{"not_picked":["Poisoned Stab","Quick Slash"],"picked":"Slice","floor":1},{"not_picked":["Dodge and Roll","Calculated Gamble"],"picked":"Crippling Poison","floor":2},{"not_picked":["Dagger Throw","Outmaneuver"],"picked":"Calculated Gamble","floor":6},{"not_picked":["Blade Dance","Dagger Throw"],"picked":"Burst","floor":8},{"not_picked":["Cloak And Dagger","Distraction"],"picked":"Catalyst","floor":12},{"not_picked":["Terror","Predator"],"picked":"Infinite Blades","floor":13},{"not_picked":["Dodge and Roll","Grand Finale"],"picked":"Blur","floor":14},{"not_picked":["Unload","Venomology"],"picked":"Corpse Explosion","floor":16},{"not_picked":["PiercingWail","Deadly Poison"],"picked":"Dodge and Roll","floor":18},{"not_picked":["Dodge and Roll","Acrobatics"],"picked":"Backflip","floor":19},{"not_picked":["Deflect+1","PiercingWail"],"picked":"Acrobatics+1","floor":21},{"not_picked":["PiercingWail","Blade Dance"],"picked":"Noxious Fumes","floor":22},{"not_picked":["Heel Hook","Quick Slash","Dagger Spray"],"picked":"SKIP","floor":23},{"not_picked":["Deflect","Dagger Spray","Flying Knee"],"picked":"SKIP","floor":24},{"not_picked":["Dagger Throw","Quick Slash"],"picked":"PiercingWail","floor":25},{"not_picked":["Deflect","Dash"],"picked":"Endless Agony+1","floor":28},{"not_picked":["Underhanded Strike","Tools of the Trade"],"picked":"Infinite Blades","floor":29},{"not_picked":["Underhanded Strike","Heel Hook"],"picked":"Cloak And Dagger","floor":30},{"not_picked":["Dagger Spray","Sucker Punch"],"picked":"Blade Dance","floor":31},{"not_picked":["Bullet Time","Storm of Steel"],"picked":"A Thousand Cuts","floor":33},{"not_picked":["Quick Slash","Prepared"],"picked":"Well Laid Plans","floor":35},{"not_picked":["Dagger Spray","Deadly Poison","Underhanded Strike+1"],"picked":"SKIP","floor":36},{"not_picked":["Poisoned Stab","Quick Slash"],"picked":"Dodge and Roll","floor":40},{"not_picked":["Heel Hook+1","Underhanded Strike+1","Dagger Spray"],"picked":"SKIP","floor":41},{"not_picked":["Quick Slash","Endless Agony"],"picked":"Caltrops+1","floor":42},{"not_picked":["Masterful Stab+1","Terror"],"picked":"Blade Dance","floor":46},{"not_picked":["Dagger Spray","Dash"],"picked":"Finisher","floor":48}],"player_experience":3223263,"relics_obtained":[{"floor":6,"key":"TungstenRod"},{"floor":8,"key":"Eternal Feather"},{"floor":9,"key":"Dead Branch"},{"floor":14,"key":"Ginger"},{"floor":23,"key":"Mummified Hand"},{"floor":29,"key":"The Specimen"},{"floor":31,"key":"The Courier"},{"floor":40,"key":"Letter Opener"},{"floor":43,"key":"Pen Nib"}],"event_choices":[{"damage_healed":0,"gold_gain":0,"player_choice":"Success","damage_taken":26,"relics_obtained":["Thread and Needle"],"max_hp_gain":0,"max_hp_loss":0,"event_name":"Scrap Ooze","floor":4,"gold_loss":0},{"damage_healed":0,"gold_gain":0,"player_choice":"Ignored","damage_taken":0,"max_hp_gain":0,"max_hp_loss":0,"event_name":"Golden Wing","floor":5,"gold_loss":0},{"damage_healed":0,"gold_gain":50,"player_choice":"Pray","damage_taken":0,"max_hp_gain":0,"max_hp_loss":0,"event_name":"Golden Shrine","floor":20,"gold_loss":0},{"damage_healed":0,"gold_gain":0,"player_choice":"Upgraded","damage_taken":0,"max_hp_gain":0,"max_hp_loss":0,"event_name":"Upgrade Shrine","floor":37,"gold_loss":0,"cards_upgraded":["Infinite Blades"]},{"damage_healed":0,"gold_gain":0,"player_choice":"Max HP","damage_taken":0,"max_hp_gain":0,"max_hp_loss":3,"event_name":"Winding Halls","floor":45,"gold_loss":0}],"is_beta":false,"boss_relics":[{"not_picked":["Cursed Key","Black Star"],"picked":"Fusion Hammer"},{"not_picked":["Velvet Choker","HoveringKite"],"picked":"Astrolabe"}],"items_purged_floors":[3,38],"is_endless":false,"potions_floor_spawned":[6,14,16,22,25,29,30,31,35,40],"killed_by":"Time Eater","ascension_level":20}}