{"host":"Luke","time":1613082671,"event":{"mods":["BaseMod","Downfall","Hermit","Minty Spire (QoL Compilation)","StSLib"],"gold_per_floor":[99,117,292,292,311,324,349,129,8,28,46,69,54,67,77,77,77,77],"floor_reached":16,"language":"ENG","playtime":1689,"items_purged":["Doubt"],"score":94,"play_id":"a9f33af7-87ce-433c-bfe3-38d3593b48ab","local_time":"20210211223111","is_ascension_mode":false,"campfire_choices":[{"floor":1,"key":"RECALL"}],"circlet_count":0,"master_deck":["Guardian:Strike_Guardian","Guardian:Strike_Guardian","Guardian:Strike_Guardian","Guardian:Strike_Guardian","Guardian:Defend_Guardian","Guardian:Defend_Guardian","Guardian:Defend_Guardian","Guardian:Defend_Guardian","Guardian:CurlUp","Guardian:TwinSlam","Guardian:Gem_Yellow","Guardian:EvasiveProtocol","Guardian:Gem_Lightblue","Guardian:Clone","Guardian:Recover","Guardian:Suspension","Guardian:Incinerate","Guardian:PiercingHide","Guardian:SentryBeam","Guardian:TimeCapacitor","Guardian:Incinerate","Guardian:BodySlam","Guardian:BodySlam","Guardian:ArmoredProtocol","Guardian:Incinerate"],"relics":["Guardian:ModeShifter","Boot"],"acts_visited":["Exordium"],"potions_floor_usage":[8,15,16,16],"damage_taken":[{"damage":7,"enemies":"Small Slimes","floor":2,"turns":4},{"damage":7,"enemies":"2 Louse","floor":5,"turns":3},{"damage":11,"enemies":"Jaw Worm","floor":6,"turns":6},{"damage":5,"enemies":"downfall:FleeingMerchant","floor":8,"turns":4},{"damage":0,"enemies":"downfall:FleeingMerchant","floor":9,"turns":4},{"damage":9,"enemies":"Blue Slaver","floor":10,"turns":4},{"damage":13,"enemies":"Red Slaver","floor":11,"turns":3},{"damage":20,"enemies":"downfall:FleeingMerchant","floor":13,"turns":4},{"damage":5,"enemies":"Exordium Thugs","floor":14,"turns":5},{"damage":9,"enemies":"Large Slime","floor":15,"turns":5},{"damage":9,"enemies":"SI_SHIV_ARCHETYPE","floor":16,"turns":7}],"seed_played":"-4776281511900101520","potions_obtained":[{"floor":6,"key":"SkillPotion"},{"floor":10,"key":"SpeedPotion"},{"floor":11,"key":"SpeedPotion"},{"floor":15,"key":"AttackPotion"}],"is_trial":false,"path_per_floor":["R","M","?","?","M","M","T","$","$","M","M","T","$","M","M","B"],"character_chosen":"GUARDIAN","items_purchased":["Guardian:Recover","Guardian:Suspension","Guardian:Incinerate","Guardian:SentryBeam","Guardian:TimeCapacitor"],"campfire_rested":0,"item_purchase_floors":[8,8,8,9,9],"current_hp_per_floor":[88,81,81,86,79,68,68,63,63,54,41,41,21,16,7,0,0,0],"gold":77,"neow_bonus":"TEN_PERCENT_HP_BONUS","is_daily":false,"chose_seed":false,"campfire_upgraded":0,"win_rate":0.0,"timestamp":1613082671,"path_taken":["R","M","?","?","M","M","T","?","$","M","M","?","$","?","M","BOSS"],"items_purchased_type":["Card","Card","Card","Card","Card"],"build_version":"2020-12-18","purchased_purges":1,"victory":false,"max_hp_per_floor":[88,88,88,93,93,93,93,93,93,93,93,93,93,93,93,93,93,93],"card_choices":[{"not_picked":["Guardian:Recover","Guardian:Repulse"],"picked":"Guardian:Gem_Yellow","floor":2},{"not_picked":["Guardian:CrystalBeam","Guardian:ShieldCharger"],"picked":"Guardian:EvasiveProtocol","floor":5},{"not_picked":["Guardian:Emergency","Guardian:ShieldCharger"],"picked":"Guardian:Gem_Lightblue","floor":6},{"not_picked":["Guardian:MultiBeam","Guardian:WalkerClaw"],"picked":"Guardian:Clone","floor":8},{"not_picked":["Guardian:Gem_Yellow","Guardian:Gem_Purple"],"picked":"Guardian:PiercingHide","floor":9},{"not_picked":["Guardian:RollAttack","Guardian:PiercingHide"],"picked":"Guardian:Incinerate","floor":10},{"not_picked":["Guardian:RefractedBeam","Guardian:Reroute"],"picked":"Guardian:BodySlam","floor":11},{"not_picked":["Guardian:Incinerate","Guardian:MultiBeam"],"picked":"Guardian:BodySlam","floor":13},{"not_picked":["Guardian:Gem_Cyan","Guardian:VentSteam"],"picked":"Guardian:ArmoredProtocol","floor":14},{"not_picked":["Guardian:PrismaticBarrier","Guardian:TimeCapacitor"],"picked":"Guardian:Incinerate","floor":15}],"player_experience":711685,"relics_obtained":[{"floor":12,"key":"Boot"}],"event_choices":[{"damage_healed":0,"gold_gain":0,"player_choice":"Donut","damage_taken":0,"max_hp_gain":5,"max_hp_loss":0,"event_name":"Big Fish","floor":4,"gold_loss":0}],"is_beta":true,"boss_relics":[],"items_purged_floors":[8],"is_endless":false,"potions_floor_spawned":[6,10,11,15],"killed_by":"SI_SHIV_ARCHETYPE","ascension_level":0}}