{"host":"mqhvlr3kpxebko0t","time":1613042309,"event":{"mods":["AchievementEnabler","BaseMod","Colored Map","Colored Powertips","KOR Keyword Fix","Keyboard Shortcuts","Minty Spire (QoL Compilation)","StSLib","SuperFastMode"],"gold_per_floor":[116,116,116,96,114,114,132,165,165,186,206,241,83,98,98,193,193,212,232,282,207,207,207,222,237,289,301,328,245,259,277,277,375,375,393,726,726,726,743,743,771,771,771,771,782,799,251,270,270,270],"floor_reached":51,"language":"KOR","playtime":1609,"items_purged":["Strike_G","Defend_G"],"score":1356,"play_id":"48ff5d1c-13a0-4672-868d-f6223f468845","local_time":"20210211201829","is_ascension_mode":true,"campfire_choices":[{"data":"Neutralize","floor":6.0,"key":"SMITH"},{"data":"Footwork","floor":15.0,"key":"SMITH"},{"data":"Flechettes","floor":23.0,"key":"SMITH"},{"floor":27.0,"key":"REST"},{"data":"Prepared","floor":32.0,"key":"SMITH"},{"data":"Panache","floor":40.0,"key":"SMITH"},{"data":"Backflip","floor":42.0,"key":"SMITH"},{"data":"Flash of Steel","floor":44.0,"key":"SMITH"},{"floor":49.0,"key":"REST"}],"circlet_count":0,"master_deck":["AscendersBane","Defend_G","Defend_G","Survivor","Neutralize+1","Backstab+1","Well Laid Plans+1","Heel Hook+1","Backflip+1","Flechettes+1","PiercingWail","Footwork+1","Acrobatics+1","After Image","Prepared+1","Finesse","Flash of Steel+1","Panache+1","Reflex"],"relics":["Astrolabe","Pantograph","Art of War","Odd Mushroom","HoveringKite","MawBank","Runic Pyramid","Darkstone Periapt","Singing Bowl","TwistedFunnel","Paper Crane"],"acts_visited":["Exordium","TheCity","TheBeyond"],"potions_floor_usage":[50],"damage_taken":[{"damage":4.0,"enemies":"2 Louse","floor":1.0,"turns":3.0},{"damage":1.0,"enemies":"Small Slimes","floor":5.0,"turns":4.0},{"damage":0.0,"enemies":"Cultist","floor":7.0,"turns":4.0},{"damage":20.0,"enemies":"Lagavulin","floor":8.0,"turns":11.0},{"damage":3.0,"enemies":"Looter","floor":10.0,"turns":2.0},{"damage":8.0,"enemies":"Blue Slaver","floor":11.0,"turns":3.0},{"damage":13.0,"enemies":"The Mushroom Lair","floor":12.0,"turns":5.0},{"damage":0.0,"enemies":"Large Slime","floor":14.0,"turns":5.0},{"damage":14.0,"enemies":"The Guardian","floor":16.0,"turns":14.0},{"damage":9.0,"enemies":"3 Byrds","floor":18.0,"turns":6.0},{"damage":0.0,"enemies":"Shell Parasite","floor":19.0,"turns":6.0},{"damage":6.0,"enemies":"Centurion and Healer","floor":24.0,"turns":5.0},{"damage":16.0,"enemies":"Sentry and Sphere","floor":25.0,"turns":6.0},{"damage":0.0,"enemies":"Snecko","floor":28.0,"turns":8.0},{"damage":3.0,"enemies":"Snake Plant","floor":30.0,"turns":4.0},{"damage":5.0,"enemies":"Centurion and Healer","floor":31.0,"turns":5.0},{"damage":18.0,"enemies":"Automaton","floor":33.0,"turns":9.0},{"damage":0.0,"enemies":"Orb Walker","floor":35.0,"turns":3.0},{"damage":0.0,"enemies":"3 Shapes","floor":39.0,"turns":3.0},{"damage":2.0,"enemies":"Nemesis","floor":41.0,"turns":5.0},{"damage":19.0,"enemies":"3 Darklings","floor":45.0,"turns":3.0},{"damage":0.0,"enemies":"Sphere and 2 Shapes","floor":46.0,"turns":3.0},{"damage":0.0,"enemies":"Maw","floor":48.0,"turns":4.0},{"damage":22,"enemies":"Time Eater","floor":50,"turns":7}],"seed_played":"576477099910010595","potions_obtained":[{"floor":4.0,"key":"Dexterity Potion"},{"floor":5.0,"key":"SpeedPotion"},{"floor":25.0,"key":"SkillPotion"}],"is_trial":false,"path_per_floor":["M","?","?","?","M","R","M","E","T","M","M","?","$","M","R","B",null,"M","M","?","?","?","R","M","M","T","R","M","$","M","M","R","B",null,"M","?","?","?","M","R","E","R","T","R","M","M","$","M","R","B",null],"character_chosen":"THE_SILENT","items_purchased":["Footwork","Finesse","TwistedFunnel","Paper Crane"],"campfire_rested":2,"item_purchase_floors":[13,29,47,47],"current_hp_per_floor":[55,48,48,48,47,47,47,27,27,24,16,3,3,3,3,14,49,40,40,40,40,40,40,34,18,18,36,36,36,33,28,28,35,54,54,54,44,44,44,44,42,42,42,42,25,27,27,27,46,42],"gold":270,"neow_bonus":"BOSS_RELIC","is_daily":false,"chose_seed":false,"campfire_upgraded":7,"win_rate":0.0,"timestamp":1613042309,"path_taken":["M","?","?","?","?","R","M","E","T","M","M","?","$","M","R","BOSS","M","M","?","?","?","R","?","M","T","R","M","$","M","?","R","BOSS","BOSS","M","?","?","?","M","R","E","R","T","R","M","M","$","M","R","BOSS"],"items_purchased_type":["Card","Card","Relic","Relic"],"build_version":"2020-12-22","purchased_purges":2,"victory":true,"max_hp_per_floor":[66,66,60,60,60,60,60,60,60,60,60,60,60,60,60,60,60,60,60,60,60,60,60,60,60,60,60,60,60,60,60,60,60,60,60,60,60,60,60,60,60,60,60,60,62,64,64,64,64,64],"card_choices":[{"not_picked":["Underhanded Strike","Backstab","Flying Knee"],"picked":"SKIP","floor":1.0},{"not_picked":["Deflect","Catalyst","Underhanded Strike"],"picked":"SKIP","floor":5.0},{"not_picked":["Expertise","Concentrate"],"picked":"Backflip","floor":7.0},{"not_picked":["Underhanded Strike","Quick Slash"],"picked":"Flechettes","floor":8.0},{"not_picked":["Cloak And Dagger","Sucker Punch"],"picked":"PiercingWail","floor":10.0},{"not_picked":["Poisoned Stab","Catalyst","Acrobatics"],"picked":"SKIP","floor":11.0},{"not_picked":["Prepared","Backstab"],"picked":"Acrobatics","floor":14.0},{"not_picked":["Tools of the Trade","Malaise"],"picked":"After Image","floor":16.0},{"not_picked":["Choke+1","Bane"],"picked":"Prepared","floor":18.0},{"not_picked":["Endless Agony","Sucker Punch","Dagger Throw"],"picked":"SKIP","floor":19.0},{"not_picked":["Choke","Sucker Punch","Distraction"],"picked":"SKIP","floor":24.0},{"not_picked":["Cloak And Dagger+1","Acrobatics","Deflect"],"picked":"SKIP","floor":25.0},{"not_picked":["Backflip","Poisoned Stab","Backstab"],"picked":"SKIP","floor":28.0},{"not_picked":["Riddle With Holes","Flechettes","Outmaneuver"],"picked":"SKIP","floor":30.0},{"not_picked":["Malaise","Dagger Spray","Infinite Blades"],"picked":"SKIP","floor":31.0},{"not_picked":["Slice","Backflip","Deadly Poison+1"],"picked":"SKIP","floor":35.0},{"not_picked":["Violence","Secret Technique"],"picked":"Flash of Steel","floor":37.0},{"not_picked":["Mind Blast","Thinking Ahead"],"picked":"Panache","floor":37.0},{"not_picked":["Deflect","Footwork","Terror"],"picked":"SKIP","floor":39.0},{"not_picked":["Dagger Throw","Blade Dance","Quick Slash"],"picked":"SKIP","floor":41.0},{"not_picked":["Escape Plan","Well Laid Plans+1","Underhanded Strike"],"picked":"Singing Bowl","floor":45.0},{"not_picked":["Sucker Punch","Quick Slash","Outmaneuver"],"picked":"Singing Bowl","floor":46.0},{"not_picked":["Accuracy+1","Riddle With Holes"],"picked":"Reflex","floor":48.0}],"player_experience":709895,"relics_obtained":[{"floor":8.0,"key":"Pantograph"},{"floor":9.0,"key":"Art of War"},{"floor":12.0,"key":"Odd Mushroom"},{"floor":26.0,"key":"MawBank"},{"floor":41.0,"key":"Darkstone Periapt"},{"floor":43.0,"key":"Singing Bowl"}],"event_choices":[{"cards_removed":["Strike_G"],"damage_healed":0.0,"max_hp_gain":0.0,"max_hp_loss":0.0,"gold_gain":0.0,"event_name":"Golden Wing","player_choice":"Card Removal","floor":2.0,"gold_loss":0.0,"damage_taken":7.0},{"damage_healed":0.0,"max_hp_gain":0.0,"max_hp_loss":6.0,"gold_gain":0.0,"event_name":"Golden Idol","player_choice":"Lose Max HP","floor":3.0,"gold_loss":0.0,"damage_taken":0.0,"relics_obtained":["Golden Idol"]},{"damage_healed":0.0,"max_hp_gain":0.0,"max_hp_loss":0.0,"gold_gain":0.0,"event_name":"The Woman in Blue","player_choice":"Bought 1 Potion","floor":4.0,"gold_loss":0.0,"damage_taken":0.0},{"damage_healed":0.0,"max_hp_gain":0.0,"max_hp_loss":0.0,"gold_gain":0.0,"event_name":"Mushrooms","player_choice":"Fought Mushrooms","floor":12.0,"gold_loss":0.0,"damage_taken":0.0},{"damage_healed":0.0,"max_hp_gain":0.0,"max_hp_loss":0.0,"gold_gain":50.0,"event_name":"Nest","player_choice":"Stole From Cult","floor":20.0,"gold_loss":0.0,"damage_taken":0.0},{"cards_removed":["Defend_G"],"damage_healed":0.0,"max_hp_gain":0.0,"max_hp_loss":0.0,"gold_gain":0.0,"event_name":"Beggar","player_choice":"Gave Gold","floor":21.0,"gold_loss":75.0,"damage_taken":0.0},{"cards_removed":["Defend_G"],"damage_healed":0.0,"max_hp_gain":0.0,"max_hp_loss":0.0,"gold_gain":0.0,"event_name":"Bonfire Elementals","player_choice":"Offered Basic","floor":22.0,"gold_loss":0.0,"damage_taken":0.0},{"damage_healed":0.0,"max_hp_gain":0.0,"max_hp_loss":0.0,"gold_gain":333.0,"event_name":"The Moai Head","player_choice":"Gave Idol","floor":36.0,"relics_lost":["Golden Idol"],"gold_loss":0.0,"damage_taken":0.0},{"damage_healed":0.0,"max_hp_gain":0.0,"max_hp_loss":0.0,"gold_gain":0.0,"event_name":"SensoryStone","player_choice":"Memory 3","floor":37.0,"gold_loss":0.0,"damage_taken":10.0},{"damage_healed":0.0,"max_hp_gain":0.0,"max_hp_loss":0.0,"gold_gain":0.0,"event_name":"Accursed Blacksmith","player_choice":"Forge","floor":38.0,"gold_loss":0.0,"damage_taken":0.0,"cards_upgraded":["Acrobatics"]}],"is_beta":false,"boss_relics":[{"not_picked":["Coffee Dripper","Cursed Key"],"picked":"HoveringKite"},{"not_picked":["Calling Bell","WristBlade"],"picked":"Runic Pyramid"}],"items_purged_floors":[13,47],"is_endless":false,"potions_floor_spawned":[5,10,14,25,28,31,39,45],"ascension_level":16}}