{"host":"m552uo5jodlktm3e","time":1613005395,"event":{"mods":["BaseMod","Colored Powertips","Downfall","Minty Spire (QoL Compilation)","Quick Restart","StSLib"],"gold_per_floor":[199,214,227,227,239,239,263,438,456,119,219,250,269,281,298,402,402,402,422,436,436,63,138,162,182,182,210,210,210,268,283,343,383,383,383],"floor_reached":33,"language":"ENG","playtime":1639,"items_purged":["Doubt","downfall:Haunted"],"score":296,"play_id":"0514ff51-6ff8-4fe5-b57d-6eaa9f5f3712","local_time":"20210210170315","is_ascension_mode":false,"campfire_choices":[{"data":"champ:Taunt","floor":1.0,"key":"SMITH"},{"data":"champ:FaceSlap","floor":6.0,"key":"SMITH"},{"floor":18.0,"key":"RECALL"},{"floor":28,"key":"REST"}],"circlet_count":0,"master_deck":["champ:Strike","champ:Strike","champ:Strike","champ:Strike","champ:Defend","champ:Defend","champ:Defend","champ:Defend","champ:Execute","champ:Taunt+1","champ:FaceSlap+1","champ:AdrenalArmor","champ:GladiatorStyle","champ:DeathBlow","champ:RapidStrikes","downfall:Malfunctioning","champ:MurderStrike+1","champ:ShieldThrow+1","champ:RecklessLeap+1","champ:VampiricStrike+1","champ:StanceDance","champ:Duel+1","Necronomicurse","Injury","Injury","champ:StanceDance","champ:ArenaPreparation+1","champ:Duel+1","champ:GutPunch+1","champ:BerserkersShout+1","champ:Duel+1"],"relics":["champ:ChampionCrown","Calipers","Bronze Scales","Molten Egg 2","downfall:ExtraCursedKey","Ice Cream","Fusion Hammer","Necronomicon","Ornamental Fan","Prayer Wheel","downfall:KnowingSkull"],"acts_visited":["TheCity"],"potions_floor_usage":[31,32,33],"damage_taken":[{"damage":26.0,"enemies":"Jaw Worm","floor":2.0,"turns":5.0},{"damage":1.0,"enemies":"2 Louse","floor":3.0,"turns":3.0},{"damage":21.0,"enemies":"Cultist","floor":5.0,"turns":4.0},{"damage":14.0,"enemies":"Blue Slaver","floor":9.0,"turns":3.0},{"damage":30.0,"enemies":"downfall:FleeingMerchant","floor":10.0,"turns":4.0},{"damage":33.0,"enemies":"Gremlin Nob","floor":12.0,"turns":3.0},{"damage":0.0,"enemies":"Red Slaver","floor":13.0,"turns":3.0},{"damage":14.0,"enemies":"Blue Slaver","floor":14.0,"turns":3.0},{"damage":27.0,"enemies":"2 Fungi Beasts","floor":15.0,"turns":2.0},{"damage":56.0,"enemies":"SI_SHIV_ARCHETYPE","floor":16.0,"turns":6.0},{"damage":20.0,"enemies":"Chosen","floor":19.0,"turns":3.0},{"damage":20.0,"enemies":"Shell Parasite","floor":20.0,"turns":3.0},{"damage":77.0,"enemies":"downfall:FleeingMerchant","floor":22.0,"turns":4.0},{"damage":51.0,"enemies":"Snake Plant","floor":25.0,"turns":2.0},{"damage":20,"enemies":"Slavers","floor":27,"turns":3},{"damage":43,"enemies":"Chosen and Byrds","floor":30,"turns":3},{"damage":48,"enemies":"Centurion and Healer","floor":31,"turns":4},{"damage":50,"enemies":"Snake Plant","floor":32,"turns":2},{"damage":35,"enemies":"DF_ARCHETYPE_CLAW","floor":33,"turns":3}],"seed_played":"-6540985323052436598","potions_obtained":[{"floor":2.0,"key":"DistilledChaos"},{"floor":12.0,"key":"SkillPotion"},{"floor":13.0,"key":"EntropicBrew"},{"floor":14.0,"key":"BlessingOfTheForge"},{"floor":27,"key":"Swift Potion"},{"floor":31,"key":"Fruit Juice"}],"is_trial":false,"path_per_floor":["R","M","M","?","M","R","T","?","M","$","?","E","M","M","M","B",null,"R","M","M","?","$","?","T","M","?","E","R","?","M","M","M","B"],"character_chosen":"THE_CHAMP","items_purchased":["Molten Egg 2","Ornamental Fan"],"campfire_rested":1,"item_purchase_floors":[10,22],"current_hp_per_floor":[90,84,83,71,70,70,70,70,66,66,66,63,63,59,52,46,90,90,90,90,74,67,67,67,56,38,38,66,57,54,46,35,0,0,0],"gold":383,"neow_bonus":"HUNDRED_GOLD","is_daily":false,"chose_seed":false,"campfire_upgraded":2,"win_rate":0.0,"timestamp":1613005395,"path_taken":["R","M","M","?","M","R","T","?","M","$","?","E","M","M","M","BOSS","R","M","M","?","$","?","T","?","?","E","R","?","?","M","M","BOSS"],"items_purchased_type":["Relic","Relic"],"build_version":"2020-12-22","purchased_purges":2,"victory":false,"max_hp_per_floor":[90,90,90,90,90,90,90,90,90,90,90,90,90,90,90,90,90,90,90,90,90,90,90,90,90,95,95,95,95,95,95,100,100,100,100],"card_choices":[{"not_picked":["champ:Encircle","champ:TornadoPunch"],"picked":"champ:FaceSlap","floor":2.0},{"not_picked":["champ:FancyFootwork","champ:DefensiveShout"],"picked":"champ:AdrenalArmor","floor":3.0},{"not_picked":["champ:PreciseThrust","champ:FlashCut"],"picked":"champ:GladiatorStyle","floor":5.0},{"not_picked":["champ:BerserkersShout","champ:EnragedBash"],"picked":"champ:DeathBlow","floor":9.0},{"not_picked":["champ:PerfectedStrike","champ:PreciseThrust"],"picked":"champ:RapidStrikes","floor":10.0},{"not_picked":["champ:FlashCut+1","champ:HeavySlash+1"],"picked":"champ:ShieldThrow+1","floor":12.0},{"not_picked":["champ:Backstep","champ:DefensiveShout"],"picked":"champ:RecklessLeap+1","floor":13.0},{"not_picked":["champ:PreemptiveStrike+1","champ:Encircle+1","champ:EndlessRage"],"picked":"SKIP","floor":14.0},{"not_picked":["champ:SkillfulDodge","champ:RecklessLeap+1","champ:PreciseThrust+1"],"picked":"SKIP","floor":15.0},{"not_picked":["champ:UltimateStance","champ:MurderStrike+1"],"picked":"champ:VampiricStrike+1","floor":16.0},{"not_picked":["champ:PreciseThrust+1","champ:Backstep"],"picked":"champ:StanceDance","floor":19.0},{"not_picked":["champ:ShieldWall+1","champ:RisingSlash+1"],"picked":"champ:Duel+1","floor":20.0},{"not_picked":["champ:PerfectedStrike+1","champ:FocusedBerserking","champ:CrownThrow+1"],"picked":"SKIP","floor":22.0},{"not_picked":["champ:DefensiveShout","champ:TornadoPunch+1"],"picked":"champ:StanceDance","floor":25.0},{"not_picked":["champ:IgnorePain","champ:AdrenalArmor"],"picked":"champ:ArenaPreparation+1","floor":27},{"not_picked":["champ:CrownThrow+1","champ:Backstep"],"picked":"champ:Duel+1","floor":30},{"not_picked":["champ:CrookedStrike+1","champ:Haymaker+1","champ:FancyFootwork+1"],"picked":"SKIP","floor":30},{"not_picked":["champ:Backstep","champ:BladeFlurry+1"],"picked":"champ:GutPunch+1","floor":31},{"not_picked":["champ:BringItOn","champ:Endure"],"picked":"champ:BerserkersShout+1","floor":31},{"not_picked":["champ:DefensiveShout+1","champ:CrownThrow+1"],"picked":"champ:Duel+1","floor":32},{"not_picked":["champ:Encircle+1","champ:BringItOn","champ:AdrenalArmor"],"picked":"SKIP","floor":32}],"player_experience":1036240,"relics_obtained":[{"floor":7.0,"key":"Bronze Scales"},{"floor":12.0,"key":"Ice Cream"},{"floor":21.0,"key":"Necronomicon"},{"floor":27,"key":"Prayer Wheel"}],"event_choices":[{"damage_healed":0.0,"max_hp_gain":0.0,"max_hp_loss":0.0,"gold_gain":0.0,"event_name":"Scrap Ooze","player_choice":"Success","floor":4.0,"gold_loss":0.0,"damage_taken":12.0,"relics_obtained":["Calipers"]}],"is_beta":false,"boss_relics":[{"not_picked":["SacredBark","Runic Pyramid"],"picked":"Fusion Hammer"}],"items_purged_floors":[10,22],"is_endless":false,"potions_floor_spawned":[2,12,13,14,16,20,27,31],"killed_by":"DF_ARCHETYPE_CLAW","ascension_level":0}}