{"host":"126yiuos2nq86se7","time":1613021592,"event":{"mods":["AchievementEnabler","Act Like it!","BaseMod","BetterRewards","Colored Map","Colored Powertips","Friendly Minions","Highlight Path","Hubris","Minty Spire (QoL Compilation)","Reimu??????","Remilia??????","StSLib","SuperFastMode","Td1madao Mod","The Animator","The Bug Knight","The Mystic"],"gold_per_floor":[116,16,34,34,44,57,57,67,67,77,88,99,99,134,134,238,238,255,45,60,60,60,60,13,13,13,31,31,47,67,67,67,164,164,174,174,185,35,54,54,73,73,96,96,115,126,143,143,143,143,143],"floor_reached":50,"language":"ENG","playtime":5242,"items_purged":["Strike_C","Strike_C","Black Spear","Here Defend Chip"],"score":600,"play_id":"01588932-3984-4307-97e2-eea8ecfbc62c","local_time":"20210211163312","is_ascension_mode":false,"campfire_choices":[{"floor":7,"key":"REST"},{"floor":15,"key":"REST"},{"data":"Machining","floor":23,"key":"SMITH"},{"floor":28,"key":"REST"},{"floor":32,"key":"REST"},{"data":"Awareness","floor":40,"key":"SMITH"},{"floor":49,"key":"REST"}],"circlet_count":0,"master_deck":["Strike_C","Defend_C","Defend_C","Defend_C","Defend_C","Knight Kick","Chip","Twin Teeth","Black Spear+1","Machining+1","Lore+1","Awareness+1","De Ware Chip","Afterwards","Im Angry","Afterwards","Panacea","Ruin Defend+1","Bursts","Preloading+1","Twin Teeth+1"],"relics":["Apod","hubris:Metronome","Bag of Marbles","TungstenRod","hubris:MysteriousPyramids","Blue Candle","Sozu","Bottled Flame","hubris:ScarierMask","PreservedInsect"],"acts_visited":["Exordium","TheCity","TheBeyond"],"potions_floor_usage":[12,14,14,33],"damage_taken":[{"damage":2,"enemies":"2 Louse","floor":1,"turns":3},{"damage":0,"enemies":"Small Slimes","floor":3,"turns":2},{"damage":3,"enemies":"Cultist","floor":5,"turns":3},{"damage":3,"enemies":"Blue Slaver","floor":6,"turns":4},{"damage":4,"enemies":"2 Fungi Beasts","floor":8,"turns":4},{"damage":13,"enemies":"Exordium Thugs","floor":10,"turns":5},{"damage":1,"enemies":"Blue Slaver","floor":11,"turns":4},{"damage":11,"enemies":"Gremlin Gang","floor":12,"turns":4},{"damage":16,"enemies":"3 Sentries","floor":14,"turns":5},{"damage":8,"enemies":"The Guardian","floor":16,"turns":9},{"damage":0,"enemies":"Chosen","floor":18,"turns":3},{"damage":23,"enemies":"Sentry and Sphere","floor":20,"turns":7},{"damage":25,"enemies":"Cultist and Chosen","floor":27,"turns":11},{"damage":17,"enemies":"Centurion and Healer","floor":29,"turns":4},{"damage":17,"enemies":"Snecko","floor":30,"turns":4},{"damage":37,"enemies":"hubris:MusketHawk","floor":33,"turns":13},{"damage":14,"enemies":"3 Darklings","floor":35,"turns":6},{"damage":18,"enemies":"Orb Walker","floor":37,"turns":3},{"damage":0,"enemies":"Jaw Worm Horde","floor":39,"turns":4},{"damage":37,"enemies":"Transient","floor":41,"turns":5},{"damage":10,"enemies":"Spire Growth","floor":45,"turns":9},{"damage":1,"enemies":"3 Darklings","floor":46,"turns":6},{"damage":0,"enemies":"Sphere and 2 Shapes","floor":47,"turns":3},{"damage":68,"enemies":"Awakened One","floor":50,"turns":18}],"seed_played":"2357807436044148961","potions_obtained":[{"floor":3,"key":"Energy Potion"},{"floor":6,"key":"Dexterity Potion"},{"floor":11,"key":"Strength Potion"},{"floor":12,"key":"Fruit Juice"},{"floor":14,"key":"AttackPotion"}],"is_trial":false,"path_per_floor":["M","$","M","?","M","M","R","M","T","M","M","M","?","E","R","B",null,"M","$","M","?","?","R","$","?","T","M","R","M","M","?","R","B",null,"M","?","M","$","M","R","M","?","T","?","M","M","M","?","R","B"],"character_chosen":"TD1MADAO_CLASS","items_purchased":["Twin Teeth","Awareness","Black Spear","Machining","hubris:Metronome","Bag of Marbles","Panacea","Here Defend Chip"],"campfire_rested":5,"item_purchase_floors":[0,0,0,0,0,0,19,24],"current_hp_per_floor":[37,37,38,32,29,28,49,49,49,39,40,35,21,6,28,24,75,75,75,54,54,54,54,54,54,54,35,57,43,28,15,39,16,80,72,72,54,54,58,58,23,23,23,23,23,29,32,32,56,0,0],"gold":143,"neow_bonus":"","is_daily":false,"chose_seed":false,"campfire_upgraded":2,"win_rate":0.0,"timestamp":1613021592,"path_taken":["M","$","M","?","M","M","R","M","T","M","M","M","?","E","R","BOSS","M","$","M","?","?","R","$","?","T","M","R","M","M","?","R","BOSS","M","?","M","$","M","R","M","?","T","?","M","M","?","?","R","BOSS"],"items_purchased_type":["Card","Card","Card","Card","Relic","Relic","Card","Card"],"build_version":"2020-12-22","purchased_purges":4,"victory":false,"max_hp_per_floor":[70,70,70,70,70,70,70,70,70,70,70,75,75,75,75,75,75,75,75,75,75,75,75,75,75,75,75,75,75,75,80,80,80,80,80,80,80,80,80,80,80,80,80,80,80,80,80,80,80,80,80],"card_choices":[{"not_picked":["Revenge","Floating Swing Kick","E MP"],"picked":"SKIP","floor":1},{"not_picked":["White Contract","Sudden Beat"],"picked":"Lore","floor":3},{"not_picked":["Floating Swing Kick","Trader","Machining"],"picked":"SKIP","floor":5},{"not_picked":["Break Into","Sudden Beat"],"picked":"Awareness","floor":6},{"not_picked":["Lunge","Fire Up"],"picked":"De Ware Chip","floor":8},{"not_picked":["Sudden Beat","New Defend Magic"],"picked":"Black Spear","floor":10},{"not_picked":["Three Hit","Pod Laser","Black Shadow"],"picked":"SKIP","floor":11},{"not_picked":["Cursed Blade","Reflection Mechanism","Sudden Beat"],"picked":"SKIP","floor":12},{"not_picked":["Rupture","De Ware Chip"],"picked":"Afterwards","floor":14},{"not_picked":["Black Contract","Memory Alloy"],"picked":"Im Angry","floor":16},{"not_picked":["Thunder Jump","Light Attack"],"picked":"Afterwards","floor":18},{"not_picked":["Bugfix","Light Attack","Floating Swing Kick"],"picked":"SKIP","floor":20},{"not_picked":["Fire Up","Twin Teeth","Three Hit"],"picked":"SKIP","floor":27},{"not_picked":["Sub Weapons","New Defend Magic","Pod Laser"],"picked":"SKIP","floor":29},{"not_picked":["Preloading+1","Machining+1"],"picked":"Ruin Defend+1","floor":30},{"not_picked":["Moon Tear","Format All Data"],"picked":"Bursts","floor":33},{"not_picked":["Lunge","Rupture+1","Three Hit"],"picked":"SKIP","floor":35},{"not_picked":["Load Balancing+1","Fire Up+1","Lore"],"picked":"SKIP","floor":37},{"not_picked":["E MP","Machining","Twin Teeth"],"picked":"SKIP","floor":39},{"not_picked":["Rupture+1","Resistance+1","Recovery Mechanism+1"],"picked":"SKIP","floor":41},{"not_picked":["Cooling Song","Judgment"],"picked":"Preloading+1","floor":45},{"not_picked":["White Contract","Light Attack+1","Money Cant Rescue"],"picked":"SKIP","floor":46},{"not_picked":["Preloading+1","Rupture"],"picked":"Twin Teeth+1","floor":47}],"player_experience":1715711,"relics_obtained":[{"floor":9,"key":"hubris:MysteriousPyramids"},{"floor":14,"key":"Blue Candle"},{"floor":26,"key":"Bottled Flame"},{"floor":43,"key":"PreservedInsect"}],"event_choices":[{"cards_removed":["Strike_C"],"damage_healed":0,"gold_gain":0,"player_choice":"Card Removal","damage_taken":7,"max_hp_gain":0,"max_hp_loss":0,"event_name":"Golden Wing","floor":4,"gold_loss":0},{"damage_healed":0,"gold_gain":0,"player_choice":"Entered Light","damage_taken":15,"max_hp_gain":0,"max_hp_loss":0,"event_name":"Shining Light","floor":13,"gold_loss":0,"cards_upgraded":["Lore","Black Spear"]},{"damage_healed":0,"gold_gain":0,"player_choice":"Ignored","damage_taken":0,"max_hp_gain":0,"max_hp_loss":0,"event_name":"Ghosts","floor":21,"gold_loss":0},{"damage_healed":0,"gold_gain":0,"player_choice":"Ignored","damage_taken":0,"max_hp_gain":0,"max_hp_loss":0,"event_name":"Vampires","floor":22,"gold_loss":0},{"damage_healed":0,"gold_gain":0,"player_choice":"Shed Blood","damage_taken":19,"max_hp_gain":5,"max_hp_loss":0,"event_name":"Forgotten Altar","floor":31,"gold_loss":0},{"damage_healed":0,"gold_gain":0,"player_choice":"Ignored","damage_taken":0,"max_hp_gain":0,"max_hp_loss":0,"event_name":"Mysterious Sphere","floor":36,"gold_loss":0},{"damage_healed":0,"gold_gain":0,"player_choice":"Ignored","damage_taken":0,"max_hp_gain":0,"max_hp_loss":0,"event_name":"The Moai Head","floor":42,"gold_loss":0},{"damage_healed":0,"gold_gain":0,"player_choice":"Forge","damage_taken":0,"max_hp_gain":0,"max_hp_loss":0,"event_name":"Accursed Blacksmith","floor":44,"gold_loss":0,"cards_upgraded":["Awareness"]},{"cards_removed":["Awareness"],"damage_healed":0,"gold_gain":0,"player_choice":"Removed Power","damage_taken":0,"max_hp_gain":0,"max_hp_loss":0,"event_name":"Falling","floor":48,"gold_loss":0}],"is_beta":false,"boss_relics":[{"not_picked":["Calling Bell","hubris:CrackedHourglass"],"picked":"Sozu"},{"not_picked":["Runic Dome","SacredBark"],"picked":"hubris:ScarierMask"}],"items_purged_floors":[0,2,19,38],"is_endless":false,"potions_floor_spawned":[3,6,11,12,14,20,33,35,46,47],"killed_by":"Awakened One","ascension_level":0}}