{"host":"3d7yvplr5ovcyppx","time":1613040310,"event":{"mods":["AchievementEnabler","BaseMod","Hermit","Jorbs\u0027s Wanderer Trilogy","Minty Spire (QoL Compilation)","Quick Restart","Somnambulant","StSLib","The Cursed","The Disciple","The Servant 0.9.4"],"gold_per_floor":[117,128,128,144,159,188,188,188,188,218,234,247,274,286,286,384,384,404,421,440,440,459,459,487,499,511,623,660,692,704,704],"floor_reached":30,"language":"ENG","playtime":1522,"items_purged":[],"score":335,"play_id":"8256367f-c05e-4ffb-aa4d-cc89abd4c198","local_time":"20210211161510","is_ascension_mode":true,"campfire_choices":[{"data":"Storm","floor":8,"key":"SMITH"},{"data":"Redo","floor":15,"key":"SMITH"},{"data":"Storm","floor":23,"key":"SMITH"},{"floor":25,"key":"REST"}],"circlet_count":0,"master_deck":["Strike_B","Strike_B","Strike_B","Strike_B","Defend_B","Defend_B","Defend_B","Defend_B","Zap","Dualcast","Rip and Tear","Ball Lightning","Beam Cell","Storm+1","Storm+1","Creative AI+1","FTL","Redo+1","Genetic Algorithm","FTL","Doom and Gloom","Echo Form+1","Aggregate+1","Glacier+1","Defragment+1","Streamline+1","Machine Learning+1","Loop+1","Redo+1","White Noise"],"relics":["Cracked Core","Ancient Tea Set","Orichalcum","Question Card","Frozen Egg 2","Inserter","MawBank","PreservedInsect","Calipers","Mummified Hand","Torii"],"acts_visited":["Exordium","TheCity"],"potions_floor_usage":[5,5,6,6,6,10,16,19,19,19,27,28],"damage_taken":[{"damage":1,"enemies":"Cultist","floor":1,"turns":3},{"damage":0,"enemies":"2 Louse","floor":2,"turns":2},{"damage":2,"enemies":"Small Slimes","floor":4,"turns":3},{"damage":10,"enemies":"Exordium Thugs","floor":5,"turns":2},{"damage":13,"enemies":"Gremlin Nob","floor":6,"turns":3},{"damage":6,"enemies":"Lagavulin","floor":10,"turns":4},{"damage":4,"enemies":"Blue Slaver","floor":11,"turns":3},{"damage":1,"enemies":"2 Fungi Beasts","floor":12,"turns":3},{"damage":8,"enemies":"Gremlin Nob","floor":13,"turns":3},{"damage":5,"enemies":"Red Slaver","floor":14,"turns":3},{"damage":18,"enemies":"The Guardian","floor":16,"turns":7},{"damage":19,"enemies":"Shell Parasite","floor":18,"turns":5},{"damage":1,"enemies":"Chosen","floor":19,"turns":3},{"damage":9,"enemies":"Centurion and Healer","floor":20,"turns":4},{"damage":4,"enemies":"Chosen and Byrds","floor":22,"turns":4},{"damage":19,"enemies":"Book of Stabbing","floor":24,"turns":3},{"damage":19,"enemies":"Colosseum Slavers","floor":27,"turns":3},{"damage":8,"enemies":"Colosseum Nobs","floor":27,"turns":3},{"damage":0,"enemies":"Gremlin Leader","floor":28,"turns":2},{"damage":10,"enemies":"Shelled Parasite and Fungi","floor":29,"turns":3},{"damage":14,"enemies":"Slavers","floor":30,"turns":1}],"seed_played":"-5111678922749075897","potions_obtained":[{"floor":2,"key":"SteroidPotion"},{"floor":3,"key":"ColorlessPotion"},{"floor":3,"key":"DuplicationPotion"},{"floor":5,"key":"DuplicationPotion"},{"floor":6,"key":"EntropicBrew"},{"floor":12,"key":"Swift Potion"},{"floor":16,"key":"LiquidBronze"},{"floor":18,"key":"Weak Potion"},{"floor":20,"key":"Fire Potion"},{"floor":24,"key":"SteroidPotion"}],"is_trial":false,"path_per_floor":["M","M","?","M","M","E","?","R","T","E","M","M","E","M","R","B",null,"M","M","M","?","M","R","E","R","T","?","E","M","E"],"character_chosen":"DEFECT","items_purchased":[],"campfire_rested":1,"item_purchase_floors":[],"current_hp_per_floor":[74,74,74,72,62,49,49,49,49,43,39,38,30,25,25,7,75,56,55,46,46,42,42,23,45,45,18,18,8,0,0],"gold":704,"neow_bonus":"THREE_CARDS","is_daily":false,"chose_seed":false,"campfire_upgraded":3,"win_rate":0.0,"timestamp":1613040310,"path_taken":["M","M","?","M","?","E","?","R","T","E","M","M","E","M","R","BOSS","M","M","M","?","M","R","E","R","T","?","E","?","E"],"items_purchased_type":[],"build_version":"2020-12-22","purchased_purges":0,"victory":false,"max_hp_per_floor":[75,75,75,75,75,75,75,75,75,75,75,75,75,75,75,75,75,75,75,75,75,75,75,75,75,75,75,75,75,75,75],"card_choices":[{"not_picked":["Conserve Battery","Barrage"],"picked":"Rip and Tear","floor":0},{"not_picked":["Streamline","Cold Snap"],"picked":"Ball Lightning","floor":1},{"not_picked":["Conserve Battery","Gash"],"picked":"Beam Cell","floor":2},{"not_picked":["Hologram","White Noise"],"picked":"Storm","floor":4},{"not_picked":["Hologram","Streamline"],"picked":"Storm","floor":5},{"not_picked":["Sweeping Beam","Cold Snap"],"picked":"Creative AI","floor":6},{"not_picked":["Cold Snap","Auto Shields"],"picked":"FTL","floor":10},{"not_picked":["Go for the Eyes","Chill","Defragment"],"picked":"Redo","floor":11},{"not_picked":["Cold Snap","Steam Power","Conserve Battery"],"picked":"Genetic Algorithm","floor":12},{"not_picked":["Chaos","Scrape","Barrage"],"picked":"FTL","floor":13},{"not_picked":["Reprogram","Chill","Sweeping Beam"],"picked":"Doom and Gloom","floor":14},{"not_picked":["Multi-Cast","Biased Cognition+1","All For One"],"picked":"Echo Form+1","floor":16},{"not_picked":["Cold Snap","Coolheaded","Doom and Gloom"],"picked":"Aggregate+1","floor":18},{"not_picked":["Hologram","Ball Lightning","Stack"],"picked":"Glacier+1","floor":19},{"not_picked":["Lockon","Beam Cell","Rebound+1"],"picked":"Defragment+1","floor":20},{"not_picked":["Sweeping Beam","Steam+1","Redo"],"picked":"Streamline+1","floor":22},{"not_picked":["Turbo+1","Consume","Auto Shields"],"picked":"Machine Learning+1","floor":24},{"not_picked":["Redo","Barrage+1","Hello World+1"],"picked":"Loop+1","floor":27},{"not_picked":["Go for the Eyes","Reinforced Body","Glacier+1"],"picked":"Redo+1","floor":28},{"not_picked":["Conserve Battery+1","Compile Driver","Beam Cell"],"picked":"White Noise","floor":29}],"player_experience":12422,"relics_obtained":[{"floor":6,"key":"Ancient Tea Set"},{"floor":9,"key":"Orichalcum"},{"floor":10,"key":"Question Card"},{"floor":13,"key":"Frozen Egg 2"},{"floor":24,"key":"MawBank"},{"floor":26,"key":"PreservedInsect"},{"floor":27,"key":"Calipers"},{"floor":27,"key":"Mummified Hand"},{"floor":28,"key":"Torii"}],"event_choices":[{"damage_healed":0,"gold_gain":0,"player_choice":"Got Potions","damage_taken":0,"max_hp_gain":0,"max_hp_loss":0,"event_name":"Lab","floor":3,"gold_loss":0},{"damage_healed":0,"gold_gain":0,"player_choice":"Upgraded","damage_taken":0,"max_hp_gain":0,"max_hp_loss":0,"event_name":"Upgrade Shrine","floor":7,"gold_loss":0,"cards_upgraded":["Creative AI"]},{"damage_healed":0,"gold_gain":0,"player_choice":"Ignored","damage_taken":0,"max_hp_gain":0,"max_hp_loss":0,"event_name":"Ghosts","floor":21,"gold_loss":0},{"damage_healed":0,"gold_gain":0,"player_choice":"Fight","damage_taken":0,"max_hp_gain":0,"max_hp_loss":0,"event_name":"Colosseum","floor":27,"gold_loss":0},{"damage_healed":0,"gold_gain":0,"player_choice":"Fought Nobs","damage_taken":0,"max_hp_gain":0,"max_hp_loss":0,"event_name":"Colosseum","floor":27,"gold_loss":0}],"is_beta":false,"boss_relics":[{"not_picked":["SlaversCollar","Nuclear Battery"],"picked":"Inserter"}],"items_purged_floors":[],"is_endless":false,"potions_floor_spawned":[2,5,6,12,16,18,20,24,27],"killed_by":"Slavers","ascension_level":1}}