{"host":"1zjc08c6hob33401","time":1613077457,"event":{"mods":["AchievementEnabler","Act Like it!","Aspiration","BaseMod","Downfall","Elementarium","Energized Spire","Evolution","Friendly Minions","Gensokyo","GifTheSpireLib","Hubris","Infinite Spire","Jedi Mod","Menagerie","Minty Spire (QoL Compilation)","Pale of the Ancients","Quick Restart","Reliquary","Replay The Spire","Retaliation","Shop Mod","Spicy Shops","Spire Arcade","StS++","StSLib","Stuff the Spire","The Blue Laboratory","Wandering Minibosses","??????REMEMod"],"gold_per_floor":[195,213,213,213,213,213,228,228,228,228,255,274,274,370,370,370,370],"floor_reached":16,"language":"RUS","playtime":595,"items_purged":[],"score":132,"play_id":"34bbbdab-6e28-4670-a739-8170779e835e","local_time":"20210211230417","is_ascension_mode":true,"campfire_choices":[{"data":"Dagger Spray","floor":6.0,"key":"SMITH"},{"data":"Dash","floor":8.0,"key":"SMITH"},{"data":"Heel Hook","floor":13,"key":"SMITH"},{"floor":15,"key":"REST"}],"circlet_count":0,"master_deck":["Flying Knee","Bane","Dagger Spray+1","Strike_G","Strike_G","Defend_G","Defend_G","Defend_G","Defend_G","Defend_G","Survivor","Neutralize+1","REME_WheelOfFate+1","Dagger Throw","Heel Hook+1","Pain","Clumsy","Dash+1","Injury","Catalyst"],"relics":["Ring of the Snake","EVO:Axolotl","REME_ComplimentaryCards","Gensokyo:LunaticRedEyes","Gensokyo:NagashiBinaDoll","jedi:Pinwheel","reliquary:KillPill","jedi:gremlinknob"],"acts_visited":["Gensokyo:Gensokyo"],"potions_floor_usage":[11],"damage_taken":[{"damage":0.0,"enemies":"Gensokyo:Python","floor":1.0,"turns":5.0},{"damage":0.0,"enemies":"Gensokyo:3_Fairies","floor":2.0,"turns":2.0},{"damage":3.0,"enemies":"Gensokyo:2_Kodama","floor":7.0,"turns":2.0},{"damage":39,"enemies":"Gensokyo:Aya","floor":11,"turns":6},{"damage":1,"enemies":"Gensokyo:LivingMonolith","floor":12,"turns":2},{"damage":10,"enemies":"Gensokyo:3_Kodama","floor":14,"turns":5},{"damage":33,"enemies":"Gensokyo:Yukari","floor":16,"turns":2}],"seed_played":"4334656396620529677","potions_obtained":[{"floor":2.0,"key":"blueLaboratory:EnragingPotion"},{"floor":11,"key":"FearPotion"},{"floor":14,"key":"blueLaboratory:NullPotion"}],"is_trial":false,"path_per_floor":["M","M","?","?","?","R","M","R","T","?","E","M","R","M","R","B"],"character_chosen":"THE_SILENT","items_purchased":[],"campfire_rested":1,"item_purchase_floors":[],"current_hp_per_floor":[63,63,63,63,63,63,60,60,60,60,21,20,20,10,31,0,0],"gold":370,"neow_bonus":"UPGRADE_CARD","is_daily":false,"chose_seed":false,"campfire_upgraded":3,"win_rate":0.0,"timestamp":1613077457,"path_taken":["M","M","?","?","?","R","M","R","T","?","E","M","R","M","R","BOSS"],"items_purchased_type":[],"build_version":"2020-12-22","purchased_purges":0,"victory":false,"max_hp_per_floor":[70,70,70,70,70,70,70,70,70,70,70,70,70,70,70,70,70],"card_choices":[{"not_picked":["Hidden Blade","Acrobatics"],"picked":"Dagger Throw","floor":1.0},{"not_picked":["PiercingWail","Deadly Poison"],"picked":"Heel Hook","floor":2.0},{"not_picked":["jedi:pocketpoison","Phantasmal Killer"],"picked":"Dash","floor":7.0},{"not_picked":["StuffTheSpire:BumpUp","StuffTheSpire:ClusterCrunch"],"picked":"Catalyst","floor":11},{"not_picked":["StuffTheSpire:DoubleShiv","Backflip","StuffTheSpire:ClusterCrunch"],"picked":"SKIP","floor":12},{"not_picked":["Prepared","StuffTheSpire:BumpUp","Expertise"],"picked":"SKIP","floor":14}],"player_experience":763090,"relics_obtained":[{"floor":9.0,"key":"jedi:Pinwheel"},{"floor":11,"key":"jedi:gremlinknob"}],"event_choices":[],"is_beta":false,"boss_relics":[],"items_purged_floors":[],"is_endless":false,"potions_floor_spawned":[2,11,14],"killed_by":"Gensokyo:Yukari","ascension_level":7}}