{"host":"7sni158j623xchr2","time":1613010275,"event":{"mods":["BaseMod","Colored Map","Highlight Path","Minty Spire (QoL Compilation)","Permanent Neow","Potion Indicator Mod","Rare Cards Sparkle","Relic Sorter","Relic Stats","StSLib","everything is the same but u backflip on backflip"],"gold_per_floor":[110,124,1,1,1,1,34,34,34,66,86,66,99,113,113,217,217,232,242,255,11,22,22,38,73,96,125,125,54,54,54,54,154,154,166,18,18,100,155,155,180,180,180,190,207,207,233,245,245,245,245,245,3,28,28],"floor_reached":56,"language":"ENG","playtime":4186,"items_purged":["Alpha"],"score":1578,"play_id":"0d10a419-af7b-4bd6-bbdc-d94288640d2e","local_time":"20210210202435","is_ascension_mode":true,"campfire_choices":[{"data":"Consecrate","floor":6,"key":"SMITH"},{"data":"Crescendo","floor":8,"key":"SMITH"},{"data":"Meditate","floor":15,"key":"SMITH"},{"floor":23,"key":"REST"},{"floor":30,"key":"REST"},{"floor":32,"key":"REST"},{"floor":40,"key":"REST"},{"floor":42,"key":"RECALL"},{"floor":49,"key":"REST"},{"data":"Devotion","floor":52,"key":"SMITH"}],"circlet_count":0,"master_deck":["Eruption+1","Vigilance","FearNoEvil","Devotion+1","Crescendo+1","Weave","Vault","Meditate+1","DevaForm","Consecrate+1","Halt","CarveReality","Adaptation+1","EmptyFist","FlurryOfBlows+1","TalkToTheHand+1","CutThroughFate+1","MentalFortress","Brilliance+1","Pray","Dramatic Entrance+1","WaveOfTheHand+1","ThirdEye+1","SashWhip+1","Tantrum+1","SpiritShield","Wallop+1","CrushJoints+1","Wireheading+1","DeceiveReality","Deep Breath","ClearTheMind+1","EmptyMind+1","Master of Strategy","MentalFortress+1"],"relics":["Pandora\u0027s Box","Du-Vu Doll","Art of War","Torii","Pear","Molten Egg 2","Philosopher\u0027s Stone","Blue Candle","PreservedInsect","Tiny Chest","MutagenicStrength","SlaversCollar","Membership Card","White Beast Statue","GoldenEye","Kunai","Bottled Tornado","Pantograph","Orichalcum"],"acts_visited":["Exordium","TheCity","TheBeyond","TheEnding"],"potions_floor_usage":[7,13,14,39,48,50,50,54,55,55],"damage_taken":[{"damage":11,"enemies":"Jaw Worm","floor":1,"turns":3},{"damage":8,"enemies":"Small Slimes","floor":2,"turns":3},{"damage":8,"enemies":"Gremlin Nob","floor":7,"turns":4},{"damage":0,"enemies":"Lagavulin","floor":10,"turns":4},{"damage":0,"enemies":"2 Louse","floor":11,"turns":1},{"damage":0,"enemies":"3 Sentries","floor":13,"turns":2},{"damage":0,"enemies":"Gremlin Gang","floor":14,"turns":1},{"damage":0,"enemies":"Slime Boss","floor":16,"turns":4},{"damage":8,"enemies":"Chosen","floor":18,"turns":2},{"damage":1,"enemies":"Spheric Guardian","floor":19,"turns":3},{"damage":27,"enemies":"Snake Plant","floor":20,"turns":2},{"damage":0,"enemies":"Centurion and Healer","floor":22,"turns":4},{"damage":0,"enemies":"Snecko","floor":24,"turns":4},{"damage":13,"enemies":"Book of Stabbing","floor":25,"turns":5},{"damage":20,"enemies":"Gremlin Leader","floor":27,"turns":3},{"damage":9,"enemies":"Automaton","floor":33,"turns":5},{"damage":1,"enemies":"Orb Walker","floor":35,"turns":3},{"damage":43,"enemies":"2 Orb Walkers","floor":39,"turns":5},{"damage":0,"enemies":"Reptomancer","floor":41,"turns":2},{"damage":30,"enemies":"3 Darklings","floor":44,"turns":4},{"damage":0,"enemies":"Maw","floor":45,"turns":6},{"damage":0,"enemies":"Giant Head","floor":47,"turns":6},{"damage":15,"enemies":"Spire Growth","floor":48,"turns":3},{"damage":13,"enemies":"Time Eater","floor":50,"turns":7},{"damage":73,"enemies":"Shield and Spear","floor":54,"turns":4},{"damage":38,"enemies":"The Heart","floor":55,"turns":7}],"seed_played":"-5656882962416278976","potions_obtained":[{"floor":7,"key":"DuplicationPotion"},{"floor":11,"key":"BottledMiracle"},{"floor":12,"key":"SneckoOil"},{"floor":16,"key":"FearPotion"},{"floor":19,"key":"ColorlessPotion"},{"floor":22,"key":"StancePotion"},{"floor":39,"key":"Ambrosia"},{"floor":47,"key":"StancePotion"},{"floor":48,"key":"SkillPotion"},{"floor":54,"key":"Weak Potion"}],"is_trial":false,"path_per_floor":["M","M","$","?","?","R","E","R","T","E","M","?","E","M","R","B",null,"M","M","M","$","M","R","M","E","T","E","?","$","R","?","R","B",null,"M","$","?","T","?","R","E","R","T","M","M","?","E","M","R","B",null,"R","$","E","B",null],"character_chosen":"WATCHER","items_purchased":["FearPotion","Brilliance+1","Pray","Dramatic Entrance+1","Tantrum+1","Membership Card","Master of Strategy","Pantograph","BlessingOfTheForge"],"campfire_rested":5,"item_purchase_floors":[3,21,21,21,29,36,53,53,53],"current_hp_per_floor":[61,53,53,50,50,50,42,42,42,52,52,52,52,52,52,52,82,74,73,46,46,46,70,70,57,57,37,37,37,61,45,71,62,87,86,86,86,86,43,69,69,69,69,39,39,39,39,24,50,37,87,87,87,14,1],"gold":28,"neow_bonus":"BOSS_RELIC","is_daily":false,"chose_seed":false,"campfire_upgraded":4,"win_rate":0.0,"timestamp":1613010275,"path_taken":["M","M","$","?","?","R","E","R","T","E","M","?","E","?","R","BOSS","M","M","M","$","?","R","M","E","T","E","?","$","R","?","R","BOSS","M","$","?","?","?","R","E","R","T","M","M","?","E","M","R","BOSS","R","$","E","BOSS"],"items_purchased_type":["Potion","Card","Card","Card","Card","Relic","Card","Relic","Potion"],"build_version":"2020-12-22","purchased_purges":1,"victory":true,"max_hp_per_floor":[72,72,72,72,72,72,72,72,72,82,82,82,82,82,82,82,82,82,82,82,82,82,82,82,82,82,82,82,82,82,87,87,87,87,87,87,87,87,87,87,87,87,87,87,87,87,87,87,87,87,87,87,87,87,87],"relic_stats":{"Torii":13,"counters":[26,97],"Blue Candle":[0],"Pantograph":25,"Pandora\u0027s Box":["FearNoEvil","Alpha","Devotion","Crescendo","Weave","Vault","Meditate","DevaForm"],"Tiny Chest":1,"PreservedInsect":299,"Art of War":[3],"Kunai":[39],"Orichalcum":[0],"GoldenEye":[60],"obtain_stats":[{"Pear":10,"Torii":9,"Blue Candle":25,"PreservedInsect":26,"Bottled Tornado":47,"Orichalcum":54,"GoldenEye":39,"White Beast Statue":38,"Du-Vu Doll":4,"SlaversCollar":34,"MutagenicStrength":28,"Pantograph":53,"Pandora\u0027s Box":0,"Molten Egg 2":13,"Philosopher\u0027s Stone":17,"Tiny Chest":27,"Art of War":7,"Membership Card":36,"Kunai":41,"PureWater":0},{"Pear":4,"Torii":3,"Blue Candle":14,"PreservedInsect":14,"Bottled Tornado":22,"Orichalcum":25,"GoldenEye":18,"White Beast Statue":17,"Du-Vu Doll":2,"SlaversCollar":16,"MutagenicStrength":15,"Pantograph":24,"Pandora\u0027s Box":0,"Molten Egg 2":6,"Philosopher\u0027s Stone":8,"Tiny Chest":15,"Art of War":3,"Membership Card":17,"Kunai":19,"PureWater":0},{"Pear":14,"Torii":10,"Blue Candle":42,"PreservedInsect":42,"Bottled Tornado":76,"Orichalcum":90,"GoldenEye":58,"White Beast Statue":53,"Du-Vu Doll":6,"SlaversCollar":50,"MutagenicStrength":45,"Pantograph":86,"Pandora\u0027s Box":0,"Molten Egg 2":17,"Philosopher\u0027s Stone":22,"Tiny Chest":45,"Art of War":10,"Membership Card":53,"Kunai":60,"PureWater":0}]},"card_choices":[{"not_picked":["EmptyFist","SashWhip"],"picked":"Consecrate","floor":1},{"not_picked":["Crescendo","Devotion"],"picked":"Halt","floor":2},{"not_picked":["Collect","Study"],"picked":"CarveReality","floor":7},{"not_picked":["Meditate","Fasting2"],"picked":"Adaptation","floor":10},{"not_picked":["Evaluate","Worship"],"picked":"EmptyFist","floor":11},{"not_picked":["Ragnarok+1","MasterReality","Adaptation"],"picked":"SKIP","floor":13},{"not_picked":["Prostrate","WaveOfTheHand"],"picked":"FlurryOfBlows+1","floor":14},{"not_picked":["JustLucky+1","BowlingBash+1"],"picked":"TalkToTheHand+1","floor":18},{"not_picked":["SashWhip+1","BattleHymn"],"picked":"CutThroughFate+1","floor":19},{"not_picked":["WindmillStrike+1","FollowUp+1"],"picked":"MentalFortress","floor":20},{"not_picked":["ConjureBlade","FollowUp+1"],"picked":"WaveOfTheHand+1","floor":22},{"not_picked":["WheelKick+1","FollowUp+1"],"picked":"ThirdEye+1","floor":24},{"not_picked":["FlyingSleeves+1","EmptyBody"],"picked":"SashWhip+1","floor":25},{"not_picked":["WreathOfFlame","SashWhip+1","SandsOfTime+1"],"picked":"SKIP","floor":27},{"not_picked":["Blasphemy","DeusExMachina"],"picked":"SpiritShield","floor":33},{"not_picked":["WreathOfFlame","Adaptation+1"],"picked":"Wallop+1","floor":35},{"not_picked":["BowlingBash+1","EmptyBody"],"picked":"CrushJoints+1","floor":39},{"not_picked":["Conclude+1","Meditate+1"],"picked":"Wireheading+1","floor":41},{"not_picked":["Swivel","ThirdEye","SashWhip+1"],"picked":"SKIP","floor":44},{"not_picked":["Conclude+1","Consecrate+1"],"picked":"DeceiveReality","floor":45},{"not_picked":["Bandage Up","Blind"],"picked":"Deep Breath","floor":46},{"not_picked":["Judgement","SignatureMove+1"],"picked":"ClearTheMind+1","floor":47},{"not_picked":["Prostrate","WindmillStrike+1"],"picked":"EmptyMind+1","floor":48},{"not_picked":["ClearTheMind+1","WheelKick+1"],"picked":"MentalFortress+1","floor":54}],"player_experience":1775122,"relics_obtained":[{"floor":7,"key":"Art of War"},{"floor":9,"key":"Torii"},{"floor":10,"key":"Pear"},{"floor":13,"key":"Molten Egg 2"},{"floor":25,"key":"Blue Candle"},{"floor":26,"key":"PreservedInsect"},{"floor":27,"key":"Tiny Chest"},{"floor":38,"key":"White Beast Statue"},{"floor":39,"key":"GoldenEye"},{"floor":41,"key":"Kunai"},{"floor":47,"key":"Bottled Tornado"},{"floor":54,"key":"Orichalcum"}],"event_choices":[{"damage_healed":0,"gold_gain":0,"player_choice":"Success","damage_taken":3,"relics_obtained":["Du-Vu Doll"],"max_hp_gain":0,"max_hp_loss":0,"event_name":"Scrap Ooze","floor":4,"gold_loss":0},{"damage_healed":0,"gold_gain":0,"player_choice":"Grow","damage_taken":0,"max_hp_gain":0,"max_hp_loss":0,"event_name":"Living Wall","floor":5,"gold_loss":0,"cards_upgraded":["Eruption"]},{"damage_healed":0,"gold_gain":0,"player_choice":"Bought 1 Potion","damage_taken":0,"max_hp_gain":0,"max_hp_loss":0,"event_name":"The Woman in Blue","floor":12,"gold_loss":0},{"damage_healed":0,"gold_gain":0,"player_choice":"Inject Mutagens","damage_taken":0,"relics_obtained":["MutagenicStrength"],"max_hp_gain":0,"max_hp_loss":0,"event_name":"Drug Dealer","floor":28,"gold_loss":0},{"damage_healed":0,"gold_gain":0,"player_choice":"Shed Blood","damage_taken":21,"max_hp_gain":5,"max_hp_loss":0,"event_name":"Forgotten Altar","floor":31,"gold_loss":0},{"damage_healed":0,"gold_gain":0,"player_choice":"Upgraded","damage_taken":0,"max_hp_gain":0,"max_hp_loss":0,"event_name":"Upgrade Shrine","floor":37,"gold_loss":0,"cards_upgraded":["Adaptation"]},{"damage_healed":0,"gold_gain":0,"player_choice":"Fight","damage_taken":0,"max_hp_gain":0,"max_hp_loss":0,"event_name":"Mysterious Sphere","floor":39,"gold_loss":0},{"damage_healed":0,"gold_gain":0,"player_choice":"Memory 1","damage_taken":0,"max_hp_gain":0,"max_hp_loss":0,"event_name":"SensoryStone","floor":46,"gold_loss":0}],"is_beta":false,"boss_relics":[{"not_picked":["Busted Crown","Fusion Hammer"],"picked":"Philosopher\u0027s Stone"},{"not_picked":["Tiny House","Empty Cage"],"picked":"SlaversCollar"}],"items_purged_floors":[3],"is_endless":false,"potions_floor_spawned":[7,11,16,19,20,22,25,27,35,39,41,44,45,47,48,54],"ascension_level":3}}