{"host":"3c8x8j1h2jyrixpf","time":1613081929,"event":{"mods":["BaseMod","Colored Powertips","Highlight Path","Minty Spire (QoL Compilation)","StSLib"],"gold_per_floor":[117,42,42,59,59,88,88,122,149,184,184,198,55,55,55,153,153,165,182,148,159,179,179,199,234,234,246,246,280,52,52,52,155,155,167,217,234,234,234,234,234,260,260,260,260,275,275,305,305,305,305,305,30,62,62,62],"floor_reached":55,"language":"ENG","playtime":2536,"items_purged":["Strike_B"],"score":1093,"play_id":"a2fe4f69-6329-4326-8e85-e9a51aba1013","local_time":"20210211161849","is_ascension_mode":true,"campfire_choices":[{"data":"Lockon","floor":7,"key":"SMITH"},{"data":"Zap","floor":11,"key":"SMITH"},{"floor":15,"key":"REST"},{"floor":23,"key":"REST"},{"data":"Loop","floor":28,"key":"SMITH"},{"floor":32,"key":"REST"},{"floor":40,"key":"RECALL"},{"floor":44,"key":"DIG"},{"floor":47,"key":"REST"},{"floor":49,"key":"DIG"},{"floor":52,"key":"DIG"}],"circlet_count":0,"master_deck":["Defend_B","Defend_B","Defend_B","Defend_B+1","Zap+1","Dualcast","Cold Snap","Lockon+1","Ball Lightning+1","Cold Snap+1","Doom and Gloom+1","Core Surge+1","Self Repair+1","Genetic Algorithm+1","Coolheaded+1","Loop+1","Auto Shields+1","Chill+1","Streamline+1","Ball Lightning+1","Static Discharge","Biased Cognition","Loop","Storm+1","Capacitor+1"],"relics":["Cracked Core","Thread and Needle","Molten Egg 2","White Beast Statue","Centennial Puzzle","Nunchaku","PreservedInsect","Astrolabe","WingedGreaves","Pocketwatch","Girya","DataDisk","Fusion Hammer","TungstenRod","Happy Flower","Shovel","Incense Burner","War Paint","Lantern","Symbiotic Virus","Lee\u0027s Waffle","Shuriken"],"acts_visited":["Exordium","TheCity","TheBeyond","TheEnding"],"potions_floor_usage":[8,8,8,10,21,25,29,33,33,33,46,50,54,55,55],"damage_taken":[{"damage":0,"enemies":"2 Louse","floor":1,"turns":3},{"damage":0,"enemies":"Jaw Worm","floor":4,"turns":4},{"damage":10,"enemies":"Gremlin Nob","floor":6,"turns":3},{"damage":14,"enemies":"3 Sentries","floor":8,"turns":6},{"damage":16,"enemies":"Lagavulin","floor":10,"turns":5},{"damage":0,"enemies":"Cultist","floor":12,"turns":2},{"damage":5,"enemies":"Slime Boss","floor":16,"turns":7},{"damage":18,"enemies":"3 Byrds","floor":18,"turns":4},{"damage":0,"enemies":"Spheric Guardian","floor":19,"turns":3},{"damage":11,"enemies":"Centurion and Healer","floor":21,"turns":5},{"damage":41,"enemies":"Chosen and Byrds","floor":22,"turns":8},{"damage":13,"enemies":"Shelled Parasite and Fungi","floor":24,"turns":8},{"damage":19,"enemies":"Gremlin Leader","floor":25,"turns":5},{"damage":0,"enemies":"Centurion and Healer","floor":27,"turns":7},{"damage":7,"enemies":"Book of Stabbing","floor":29,"turns":4},{"damage":40,"enemies":"Collector","floor":33,"turns":10},{"damage":1,"enemies":"Orb Walker","floor":35,"turns":5},{"damage":2,"enemies":"Mind Bloom Boss Battle","floor":36,"turns":7},{"damage":0,"enemies":"3 Darklings","floor":37,"turns":4},{"damage":21,"enemies":"Giant Head","floor":42,"turns":9},{"damage":35,"enemies":"Writhing Mass","floor":46,"turns":3},{"damage":0,"enemies":"Reptomancer","floor":48,"turns":4},{"damage":19,"enemies":"Awakened One","floor":50,"turns":11},{"damage":64,"enemies":"Shield and Spear","floor":54,"turns":7},{"damage":58,"enemies":"The Heart","floor":55,"turns":3}],"seed_played":"-3234025365858086187","potions_obtained":[{"floor":6,"key":"EntropicBrew"},{"floor":8,"key":"BlessingOfTheForge"},{"floor":10,"key":"FocusPotion"},{"floor":12,"key":"Ancient Potion"},{"floor":18,"key":"LiquidMemories"},{"floor":21,"key":"SteroidPotion"},{"floor":22,"key":"DistilledChaos"},{"floor":25,"key":"Block Potion"},{"floor":29,"key":"SkillPotion"},{"floor":33,"key":"Explosive Potion"},{"floor":35,"key":"ColorlessPotion"},{"floor":36,"key":"EssenceOfSteel"},{"floor":42,"key":"CultistPotion"},{"floor":46,"key":"SteroidPotion"},{"floor":54,"key":"SteroidPotion"}],"is_trial":false,"path_per_floor":["M","$","?","M","T","E","R","E","T","E","R","M","$","?","R","B",null,"M","M","$","M","M","R","M","E","T","M","R","E","$","?","R","B",null,"M","?","M","?","?","R","$","E","T","R","?","M","R","E","R","B",null,"R","$","E","B"],"character_chosen":"DEFECT","items_purchased":["PreservedInsect","Loop","DataDisk","Static Discharge","Lee\u0027s Waffle","PowerPotion","LiquidBronze"],"campfire_rested":4,"item_purchase_floors":[13,20,30,30,53,53,53],"current_hp_per_floor":[68,68,68,68,68,58,58,44,44,28,28,28,28,28,48,43,62,54,54,54,43,12,32,29,20,20,30,30,33,33,33,53,23,57,66,68,68,65,65,65,65,54,54,54,65,30,49,59,59,50,61,61,72,8,0,0],"gold":62,"neow_bonus":"ONE_RARE_RELIC","is_daily":false,"chose_seed":false,"campfire_upgraded":3,"win_rate":0.0,"timestamp":1613081929,"path_taken":["M","$","?","M","?","E","R","E","T","E","R","M","$","?","R","BOSS","M","?","$","M","M","R","M","E","T","M","R","E","$","?","R","BOSS","M","?","M","?","?","R","$","E","T","R","?","?","R","E","R","BOSS","R","$","E","BOSS"],"items_purchased_type":["Relic","Card","Relic","Card","Relic","Potion","Potion"],"build_version":"2020-12-22","purchased_purges":1,"victory":false,"max_hp_per_floor":[68,68,68,68,68,68,68,68,68,68,68,68,68,68,68,68,68,68,68,68,68,68,68,68,68,68,68,68,68,68,68,68,68,68,68,68,68,65,65,65,65,65,65,65,65,65,65,65,65,65,65,65,72,72,72,72],"card_choices":[{"not_picked":["Gash","Barrage"],"picked":"Cold Snap","floor":1},{"not_picked":["Turbo","Barrage"],"picked":"Lockon","floor":4},{"not_picked":["Melter+1","Hyperbeam+1"],"picked":"Ball Lightning+1","floor":6},{"not_picked":["Barrage+1","Turbo","Steam"],"picked":"SKIP","floor":8},{"not_picked":["Stack","Redo"],"picked":"Cold Snap+1","floor":10},{"not_picked":["Sweeping Beam+1","Hyperbeam+1"],"picked":"Doom and Gloom+1","floor":12},{"not_picked":["Creative AI","Reboot"],"picked":"Core Surge+1","floor":16},{"not_picked":["Rip and Tear+1","Ball Lightning+1"],"picked":"Coolheaded+1","floor":18},{"not_picked":["Rebound+1","Stack"],"picked":"Skim","floor":19},{"not_picked":["Steam","Force Field"],"picked":"Auto Shields","floor":21},{"not_picked":["Stack","Self Repair"],"picked":"Chill+1","floor":22},{"not_picked":["Hologram","Sweeping Beam+1","Auto Shields"],"picked":"SKIP","floor":24},{"not_picked":["Barrage+1","All For One+1"],"picked":"Streamline+1","floor":25},{"not_picked":["Streamline+1","Sweeping Beam+1","Leap"],"picked":"SKIP","floor":27},{"not_picked":["Conserve Battery","Steam"],"picked":"Ball Lightning+1","floor":29},{"not_picked":["Machine Learning","Seek"],"picked":"Biased Cognition","floor":33},{"not_picked":["Turbo","Hologram"],"picked":"Loop","floor":35},{"not_picked":["Leap","Rebound+1"],"picked":"Storm+1","floor":36},{"not_picked":["Cold Snap+1","Conserve Battery+1","Heatsinks+1"],"picked":"SKIP","floor":37},{"not_picked":["Skim+1","Amplify"],"picked":"Capacitor+1","floor":42},{"not_picked":["Redo","Beam Cell+1","Lockon+1"],"picked":"SKIP","floor":46},{"not_picked":["Turbo+1","Ball Lightning+1","Gash+1"],"picked":"SKIP","floor":48},{"not_picked":["Coolheaded","Force Field","Ball Lightning+1"],"picked":"SKIP","floor":54}],"player_experience":229374,"relics_obtained":[{"floor":5,"key":"Molten Egg 2"},{"floor":6,"key":"White Beast Statue"},{"floor":8,"key":"Centennial Puzzle"},{"floor":10,"key":"Nunchaku"},{"floor":25,"key":"WingedGreaves"},{"floor":26,"key":"Pocketwatch"},{"floor":29,"key":"Girya"},{"floor":36,"key":"TungstenRod"},{"floor":42,"key":"Happy Flower"},{"floor":43,"key":"Shovel"},{"floor":44,"key":"Incense Burner"},{"floor":48,"key":"War Paint"},{"floor":49,"key":"Lantern"},{"floor":52,"key":"Symbiotic Virus"},{"floor":54,"key":"Shuriken"}],"event_choices":[{"damage_healed":0,"gold_gain":0,"player_choice":"Leave","damage_taken":0,"max_hp_gain":0,"max_hp_loss":0,"event_name":"The Cleric","floor":3,"gold_loss":0},{"damage_healed":0,"gold_gain":0,"player_choice":"Got Potions","damage_taken":0,"max_hp_gain":0,"max_hp_loss":0,"event_name":"Lab","floor":14,"gold_loss":0},{"cards_removed":["Reprogram"],"damage_healed":0,"gold_gain":0,"player_choice":"Elegance","damage_taken":0,"max_hp_gain":0,"max_hp_loss":0,"event_name":"Back to Basics","floor":31,"gold_loss":0},{"damage_healed":0,"gold_gain":0,"player_choice":"Fight","damage_taken":0,"max_hp_gain":0,"max_hp_loss":0,"event_name":"MindBloom","floor":36,"gold_loss":0},{"damage_healed":0,"gold_gain":0,"player_choice":"Max HP","damage_taken":0,"max_hp_gain":0,"max_hp_loss":3,"event_name":"Winding Halls","floor":38,"gold_loss":0},{"damage_healed":0,"gold_gain":0,"player_choice":"Ignored","damage_taken":0,"max_hp_gain":0,"max_hp_loss":0,"event_name":"Tomb of Lord Red Mask","floor":39,"gold_loss":0},{"cards_removed":["Skim"],"damage_healed":11,"gold_gain":0,"player_choice":"Offered Uncommon","damage_taken":0,"max_hp_gain":0,"max_hp_loss":0,"event_name":"Bonfire Elementals","floor":45,"gold_loss":0}],"is_beta":false,"boss_relics":[{"not_picked":["FrozenCore","Runic Pyramid"],"picked":"Astrolabe"},{"not_picked":["Calling Bell","Nuclear Battery"],"picked":"Fusion Hammer"}],"items_purged_floors":[2],"is_endless":false,"potions_floor_spawned":[6,8,10,12,16,18,19,21,22,24,25,27,29,33,35,36,37,42,46,48,54],"killed_by":"The Heart","ascension_level":9}}