{"host":"newqdrzxfhh2im9e","time":1613077593,"event":{"mods":["AchievementEnabler","BaseMod","Block Reminder","Colored Map","Minty Spire (QoL Compilation)","Rare Cards Sparkle","Shop Mod","StSLib"],"gold_per_floor":[211,16,16,16,36,36,51,82,148,160,184,296,308,339,351,363,363],"floor_reached":16,"language":"ENG","playtime":435,"items_purged":[],"score":100,"play_id":"02c6fb66-a5fd-48d4-a74e-4c24f7c45dff","local_time":"20210211130633","is_ascension_mode":false,"campfire_choices":[{"data":"FTL","floor":6,"key":"SMITH"},{"floor":10,"key":"RECALL"},{"data":"Chill","floor":15,"key":"SMITH"}],"circlet_count":0,"master_deck":["Strike_B","Strike_B","Strike_B","Strike_B","Defend_B","Defend_B","Defend_B","Defend_B","Zap","Dualcast","Chill+1","Leap","FTL+1","Auto Shields","Sweeping Beam","Skim","Rip and Tear"],"relics":["Cracked Core","PreservedInsect","MawBank"],"acts_visited":["Exordium"],"potions_floor_usage":[8],"damage_taken":[{"damage":2,"enemies":"2 Louse","floor":1,"turns":2},{"damage":4,"enemies":"Jaw Worm","floor":5,"turns":4},{"damage":0,"enemies":"Cultist","floor":7,"turns":3},{"damage":5,"enemies":"3 Sentries","floor":8,"turns":7},{"damage":21,"enemies":"Gremlin Gang","floor":11,"turns":5},{"damage":3,"enemies":"Exordium Wildlife","floor":14,"turns":3},{"damage":41,"enemies":"Hexaghost","floor":16,"turns":12}],"seed_played":"8566847291516484228","potions_obtained":[{"floor":1,"key":"SteroidPotion"},{"floor":14,"key":"SpeedPotion"}],"is_trial":false,"path_per_floor":["M","$","?","?","M","R","M","E","T","R","M","?","$","M","R","B"],"character_chosen":"DEFECT","items_purchased":["PreservedInsect","Leap"],"campfire_rested":0,"item_purchase_floors":[2,2],"current_hp_per_floor":[73,73,73,73,69,69,69,64,64,64,43,43,43,40,40,0,0],"gold":363,"neow_bonus":"HUNDRED_GOLD","is_daily":false,"chose_seed":false,"campfire_upgraded":2,"win_rate":0.0,"timestamp":1613077593,"path_taken":["M","$","?","?","M","R","?","E","T","R","?","?","$","M","R","BOSS"],"items_purchased_type":["Relic","Card"],"build_version":"2020-12-22","purchased_purges":0,"victory":false,"max_hp_per_floor":[75,75,75,75,75,75,75,75,75,75,75,75,75,75,75,75,75],"card_choices":[{"not_picked":["Hello World","Barrage"],"picked":"Chill","floor":1},{"not_picked":["Ball Lightning","Barrage"],"picked":"FTL","floor":5},{"not_picked":["Conserve Battery","Gash"],"picked":"Auto Shields","floor":7},{"not_picked":["Turbo","Cold Snap"],"picked":"Sweeping Beam","floor":8},{"not_picked":["Ball Lightning","Coolheaded"],"picked":"Skim","floor":11},{"not_picked":["Coolheaded","Reinforced Body"],"picked":"Rip and Tear","floor":14}],"player_experience":777862,"relics_obtained":[{"floor":8,"key":"MawBank"}],"event_choices":[{"damage_healed":0,"gold_gain":0,"player_choice":"Ignored","damage_taken":0,"max_hp_gain":0,"max_hp_loss":0,"event_name":"Golden Wing","floor":3,"gold_loss":0},{"damage_healed":0,"gold_gain":0,"player_choice":"Ignored","damage_taken":0,"max_hp_gain":0,"max_hp_loss":0,"event_name":"Purifier","floor":4,"gold_loss":0},{"damage_healed":0,"gold_gain":100,"player_choice":"Gold","damage_taken":0,"max_hp_gain":0,"max_hp_loss":0,"event_name":"Wheel of Change","floor":12,"gold_loss":0}],"is_beta":false,"boss_relics":[],"items_purged_floors":[],"is_endless":false,"potions_floor_spawned":[1,14],"killed_by":"Hexaghost","ascension_level":0}}