{"host":"ljaiy5ygc2blx6r2","time":1613026543,"event":{"mods":["BaseMod","Challenge The Spire","Colored Powertips","Conspire","Highlight Path","HornydragonMod","Koishi","Marisa（F雨　魔理沙）","Minty Spire (QoL Compilation)","Reimu（博丽灵梦）","Remilia（蕾米莉亚）","Replay The Spire","RumiaBox-露米娅的神秘盒子","SOS（斯巴达之子）","StSLib","TestMod","The Animator","The Bug Knight","The Cursed","The Disciple","The Gatherer","The Hierophant","The Necromancer","The Runesmith","The Senshi","UnlockEverythingMod","Yuri Mod","Yuyuko","[IsaacMod]以撒尖塔","【功能Mod】聪明的最终Boss","篝火指南"],"gold_per_floor":[117,57,57,131,131,166,166,191,191,227,227,352,352,392,392,521,621,598,538,538,538,562,611,611,623,648,662,662,674,674,798,798,926,926,940,920,1044,1109,1109,1109,1109,1109,1132,1147,1162,1162,1195,1195,1195,1195],"floor_reached":51,"language":"ZHS","playtime":1770,"items_purged":["Poor:ReiMu","Strike_MRS","Strike_MRS","ReplayTheSpireMod:Splinters","DoctorFetus+1","UpSweep"],"score":882,"play_id":"3cb7d893-2255-4402-ae91-8674de86061f","local_time":"20210211145543","is_ascension_mode":true,"campfire_choices":[{"floor":7.0,"key":"REST"},{"data":"DoctorFetus","floor":11.0,"key":"SMITH"},{"floor":15.0,"key":"REST"},{"data":"MillisecondPulsars","floor":30,"key":"SMITH"}],"circlet_count":0,"master_deck":["Strike_MRS","Strike_MRS","Defend_MRS","Defend_MRS","Defend_MRS","Defend_MRS","MasterSpark","SporeBomb","WitchOfGreed","BlazeAway","IllusionStar","GravityBeat","StarDustReverie","SporeBomb+1","MillisecondPulsars+1","MysteriousBeam","testmod-Mystery","MilkyWay","Jack Of All Trades","DragonMeteor","SprinkleStarSeal+1","GravityBeat+1","Singularity","Acceleration","DeepEcoloBomb","OortCloud","Orbital","ShootTheMoon","GravityBeat+1","AlicesGift","BinaryStars","PulseMagic+1","EarthLightRay+1","Acceleration+1","Occultation","Secret Weapon","EventHorizon+1","testmod-ChaoticCore+1","testmod-EternalityOfKhronos","testmod-BackupPower","MagicAbsorber","Madness","Madness","AsteroidBelt+1","LuminesStrike+1","OpenUniverse","testmod-Recap+1","OpenUniverse"],"relics":["MiniHakkero","testmod-TestBox","HushsDoor","testmod-RealStoneCalender","SteamSale","NeowsBlessing","Baka","Golden Idol","testmod-Justice","Replay:Bottled Eggs","Replay:Bottled Flurry","GodSword6","YidongShenshe:ReiMu","BelialBook","SteamSale","Replay:Wanted Poster","testmod-LifeArmor","Runesmith:AutoHammer","testmod-Charity","testmod-ThousandKnives","testmod-InjuryResistance","Bottled Lightning","Orichalcum","Replay:Rubber Ducky","Sling","Toy Ornithopter","HowToJump","Medical Kit","Pet Ghost","testmod-SaigiyounoYou","Frozen Egg 2","Juzu Bracelet","OrangePellets","Replay:Towering Pillar of Hats","testmod-FatalChain","Toolbox","ZombieArmy","Replay:Bandana","BFFS","Simple Rune","Thread and Needle","Nunchaku","TheBattery","SSSystem","Golden Idol","Replay:Baseball","BreadOfAWashokuLover","Frozen Eye"],"acts_visited":["Exordium","TheCity","TheBeyond"],"potions_floor_usage":[],"damage_taken":[{"damage":0.0,"enemies":"Small Slimes","floor":1.0,"turns":1.0},{"damage":0.0,"enemies":"Lagavulin","floor":6.0,"turns":1.0},{"damage":0.0,"enemies":"2 Louse","floor":8.0,"turns":1.0},{"damage":0.0,"enemies":"Jaw Worm","floor":10.0,"turns":3.0},{"damage":28.0,"enemies":"Gremlin Nob","floor":14.0,"turns":4.0},{"damage":18.0,"enemies":"The Guardian","floor":16.0,"turns":6.0},{"damage":2.0,"enemies":"Spheric Guardian","floor":18.0,"turns":4.0},{"damage":4.0,"enemies":"Chosen","floor":22.0,"turns":2.0},{"damage":6.0,"enemies":"Book of Stabbing","floor":23.0,"turns":4.0},{"damage":5.0,"enemies":"Centurion and Healer","floor":25.0,"turns":2.0},{"damage":3.0,"enemies":"Cultist and Chosen","floor":27.0,"turns":3.0},{"damage":0,"enemies":"Shelled Parasite and Fungi","floor":29,"turns":1},{"damage":0,"enemies":"Champ","floor":33,"turns":3},{"damage":2,"enemies":"3 Shapes","floor":35,"turns":3},{"damage":0,"enemies":"3 Darklings","floor":44,"turns":2},{"damage":5,"enemies":"4 Shapes","floor":45,"turns":2},{"damage":0,"enemies":"Giant Head","floor":47,"turns":3},{"damage":0,"enemies":"Replay:Hell Engine","floor":50,"turns":2}],"seed_played":"-6371866310252363698","potions_obtained":[{"floor":1.0,"key":"Death Potion"},{"floor":10.0,"key":"Weak Potion"},{"floor":10.0,"key":"Fire Potion"},{"floor":16.0,"key":"SpeedPotion"},{"floor":23.0,"key":"Elixir"}],"is_trial":false,"path_per_floor":["M","$","?","T","?","E","R","M","T","M","R","?","?","E","R","B",null,"M","?","$","$","M","E","R","M","T","M","R","M","R","?","R","B",null,"M","?","?","?","$","R","$","?","T","M","M","R","E","?","R","B",null],"character_chosen":"MARISA","items_purchased":["WitchOfGreed","BlazeAway","testmod-LifeArmor","Runesmith:AutoHammer","testmod-Charity","testmod-Mystery","conspire:TimeTravelPotion","testmod-ThousandKnives","testmod-InjuryResistance","MilkyWay","Jack Of All Trades","DragonMeteor","CultistPotion","Orichalcum","Replay:Rubber Ducky","Sling","Singularity","Acceleration","DeepEcoloBomb","HowToJump","Medical Kit","Pet Ghost","ShootTheMoon","SporeBomb","Juzu Bracelet","OrangePellets","Ice Cream","Bomb","Occultation","Secret Weapon","Replay:Towering Pillar of Hats","testmod-FatalChain","Toolbox","EventHorizon+1","testmod-ChaoticCore+1","ZombieArmy","Replay:Bandana","BFFS","testmod-EternalityOfKhronos","testmod-BackupPower","MagicAbsorber","Thread and Needle","Nunchaku","TheBattery","OpenUniverse","testmod-Recap+1","Replay:Baseball","BreadOfAWashokuLover","Frozen Eye"],"campfire_rested":2,"item_purchase_floors":[2,2,20,20,20,20,20,21,21,21,21,21,21,24,24,24,24,24,24,28,28,28,28,28,39,39,39,39,39,39,40,40,40,40,40,41,41,41,41,41,41,46,46,46,46,46,49,49,49],"current_hp_per_floor":[75,75,57,57,45,45,67,72,72,72,72,72,72,44,66,48,75,73,73,73,73,70,65,65,61,62,60,60,61,61,62,82,83,83,84,84,85,86,86,86,86,78,79,124,133,133,210,210,210,258],"gold":1195,"neow_bonus":"THREE_ENEMY_KILL","is_daily":false,"chose_seed":false,"campfire_upgraded":2,"win_rate":0.0,"timestamp":1613026543,"path_taken":["M","$","?","?","?","E","R","?","T","M","R","?","?","E","R","BOSS","M","?","?","$","M","E","R","M","T","M","R","?","R","?","R","BOSS","M","?","?","?","$","R","?","?","T","M","M","R","E","?","R","BOSS"],"items_purchased_type":["Card","Card","Relic","Relic","Relic","Card","Potion","Relic","Relic","Card","Card","Card","Potion","Relic","Relic","Relic","Card","Card","Card","Relic","Relic","Relic","Card","Card","Relic","Relic","Relic","Card","Card","Card","Relic","Relic","Relic","Card","Card","Relic","Relic","Relic","Card","Card","Card","Relic","Relic","Relic","Card","Card","Relic","Relic","Relic"],"build_version":"2020-12-22","purchased_purges":6,"victory":true,"max_hp_per_floor":[75,75,75,75,75,75,75,75,75,75,75,75,75,75,75,75,75,75,75,75,75,76,77,77,78,79,80,80,81,81,82,82,83,83,84,84,85,86,86,86,86,86,87,124,133,133,210,210,210,258],"card_choices":[{"not_picked":[],"picked":"DoctorFetus","floor":0.0},{"not_picked":["DoubleSpark","ShootTheMoon"],"picked":"SporeBomb","floor":1.0},{"not_picked":["EventHorizon","UnstableBomb"],"picked":"Bomb","floor":6.0},{"not_picked":["EnergyRecoil","LuminesStrike"],"picked":"IllusionStar","floor":8.0},{"not_picked":["UnstableBomb","RefractionSpark"],"picked":"GravityBeat","floor":10.0},{"not_picked":["ChargingUp","WitchOfGreed"],"picked":"StarDustReverie","floor":12.0},{"not_picked":["OneTimeOff","FairyDestructionRay"],"picked":"SporeBomb","floor":14.0},{"not_picked":["SuperNova","ManaRampage"],"picked":"MillisecondPulsars","floor":16.0},{"not_picked":["DoubleSpark","NonDirectionalLaser"],"picked":"MysteriousBeam","floor":18.0},{"not_picked":["EarthLightRay","OneTimeOff"],"picked":"SprinkleStarSeal+1","floor":22.0},{"not_picked":["IllusionStar","ChargingUp"],"picked":"GravityBeat+1","floor":23.0},{"not_picked":["WitchLeyline","MilkyWay"],"picked":"OortCloud","floor":25.0},{"not_picked":["NonDirectionalLaser","UnstableBomb"],"picked":"Orbital","floor":27.0},{"not_picked":["MeteoricShower+1","DC"],"picked":"GravityBeat+1","floor":29},{"not_picked":["StarBarrage","NonDirectionalLaser"],"picked":"AlicesGift","floor":31},{"not_picked":["MillisecondPulsars","StarDustReverie"],"picked":"BinaryStars","floor":33},{"not_picked":["UnstableBomb+1","DoubleSpark"],"picked":"PulseMagic+1","floor":35},{"not_picked":["Acceleration","MilkyWay"],"picked":"EarthLightRay+1","floor":37},{"not_picked":["Robbery+1","BlazeAway"],"picked":"Acceleration+1","floor":38},{"not_picked":["BlazingStar","DarkMatter+1"],"picked":"AsteroidBelt+1","floor":44},{"not_picked":["WitchLeyline","ChargeUpSpray"],"picked":"LuminesStrike+1","floor":45},{"not_picked":["GravityBeat+1","MagicAbsorber+1"],"picked":"OpenUniverse","floor":47}],"player_experience":206162,"relics_obtained":[{"floor":1.0,"key":"Baka"},{"floor":4.0,"key":"testmod-Justice"},{"floor":6.0,"key":"Replay:Bottled Flurry"},{"floor":9.0,"key":"GodSword6"},{"floor":14.0,"key":"BelialBook"},{"floor":16.0,"key":"SteamSale"},{"floor":23.0,"key":"Bottled Lightning"},{"floor":26.0,"key":"Toy Ornithopter"},{"floor":38,"key":"Frozen Egg 2"},{"floor":43,"key":"Simple Rune"},{"floor":47,"key":"SSSystem"}],"event_choices":[{"damage_healed":0.0,"max_hp_gain":0.0,"max_hp_loss":0.0,"gold_gain":0.0,"event_name":"Golden Idol","player_choice":"Take Damage","floor":3.0,"gold_loss":0.0,"damage_taken":18.0,"relics_obtained":["Golden Idol"]},{"damage_healed":0.0,"max_hp_gain":0.0,"max_hp_loss":0.0,"gold_gain":0.0,"event_name":"Scrap Ooze","player_choice":"Success","floor":5.0,"gold_loss":0.0,"damage_taken":12.0,"relics_obtained":["Replay:Bottled Eggs"]},{"damage_healed":0.0,"max_hp_gain":0.0,"max_hp_loss":0.0,"gold_gain":0.0,"event_name":"yidonshenshe","player_choice":"带走神社","floor":13.0,"gold_loss":0.0,"damage_taken":0.0,"relics_obtained":["YidongShenshe:ReiMu"],"cards_obtained":["Poor:ReiMu"]},{"damage_healed":0,"gold_gain":0,"player_choice":"Bought 1 Potion","damage_taken":0,"max_hp_gain":0,"max_hp_loss":0,"event_name":"The Woman in Blue","floor":36,"gold_loss":0},{"damage_healed":0,"gold_gain":0,"player_choice":"Embrace Madness","damage_taken":11,"max_hp_gain":0,"max_hp_loss":0,"event_name":"Winding Halls","floor":42,"gold_loss":0,"cards_obtained":["Madness","Madness"]},{"damage_healed":0,"gold_gain":0,"player_choice":"Swap Relic","damage_taken":0,"relics_obtained":["Golden Idol"],"max_hp_gain":0,"max_hp_loss":0,"event_name":"给自己的盒子","floor":48,"relics_lost":["Ice Cream"],"gold_loss":0}],"is_beta":false,"boss_relics":[{"not_picked":["testmod-GoldenSoul","Kintsugi"],"picked":"Replay:Wanted Poster"},{"not_picked":[]},{"not_picked":["Sozu","Coffee Dripper"],"picked":"testmod-SaigiyounoYou"},{"not_picked":[]}],"items_purged_floors":[20,21,28,39,40,49],"is_endless":false,"potions_floor_spawned":[1,10,16,23,25,29,44],"ascension_level":2}}