{"host":"rolltorest","time":1613008338,"event":{"mods":["BaseMod","Minty Spire (QoL Compilation)","Relic Stats","Slay the Relics Exporter","StSLib"],"gold_per_floor":[114,264,279,279,174,174,189,3,3,28,28,44,80,0,0,96,96,110,126,37,37,37,37,37,37],"floor_reached":24,"language":"ENG","playtime":645,"items_purged":[],"score":388,"play_id":"2d790e6f-f8c0-4959-83c6-f09491c7d12e","local_time":"20210210175218","is_ascension_mode":true,"campfire_choices":[{"data":"Neutralize","floor":6,"key":"SMITH"},{"data":"Bouncing Flask","floor":11,"key":"SMITH"},{"data":"Noxious Fumes","floor":15,"key":"SMITH"},{"floor":23,"key":"REST"}],"circlet_count":0,"master_deck":["AscendersBane","Strike_G","Strike_G","Strike_G","Defend_G","Defend_G","Defend_G","Defend_G","Defend_G","Survivor","Neutralize+1","Writhe","Sadistic Nature","Doubt","Slice","Masterful Stab","Well Laid Plans","Bouncing Flask+1","Deadly Poison","Die Die Die","Noxious Fumes+1","Malaise","Dodge and Roll","After Image","Dagger Spray+1","PiercingWail","Corpse Explosion","Outmaneuver","Night Terror"],"relics":["Ring of the Snake","Golden Idol","Oddly Smooth Stone","Membership Card","Ancient Tea Set","Anchor","Orrery","SlaversCollar"],"acts_visited":["Exordium","TheCity"],"potions_floor_usage":[13,16,19],"damage_taken":[{"damage":6,"enemies":"Small Slimes","floor":1,"turns":5},{"damage":0,"enemies":"Cultist","floor":3,"turns":4},{"damage":0,"enemies":"Jaw Worm","floor":7,"turns":4},{"damage":6,"enemies":"Exordium Wildlife","floor":10,"turns":4},{"damage":0,"enemies":"Looter","floor":12,"turns":3},{"damage":26,"enemies":"3 Sentries","floor":13,"turns":10},{"damage":10,"enemies":"The Guardian","floor":16,"turns":8},{"damage":0,"enemies":"Chosen","floor":18,"turns":5},{"damage":31,"enemies":"3 Byrds","floor":19,"turns":5},{"damage":4,"enemies":"Gremlin Leader","floor":24,"turns":3}],"seed_played":"1253582064386406708","potions_obtained":[{"floor":1,"key":"ColorlessPotion"},{"floor":7,"key":"Block Potion"},{"floor":13,"key":"Strength Potion"},{"floor":16,"key":"Dexterity Potion"}],"is_trial":false,"path_per_floor":["M","?","M","?","?","R","M","$","T","M","R","M","E","$","R","B",null,"M","M","$","?","?","R","E"],"character_chosen":"THE_SILENT","items_purchased":["Membership Card","Well Laid Plans","Orrery","Corpse Explosion"],"campfire_rested":1,"item_purchase_floors":[8,8,14,20],"current_hp_per_floor":[53,53,53,53,53,53,53,53,53,47,47,47,21,21,21,11,48,48,17,17,17,17,35,31,31],"gold":37,"neow_bonus":"RANDOM_COLORLESS_2","is_daily":false,"chose_seed":false,"campfire_upgraded":3,"win_rate":0.0,"timestamp":1613008338,"path_taken":["M","?","M","?","?","R","M","$","T","?","R","M","E","$","R","BOSS","M","M","$","?","?","R","E"],"items_purchased_type":["Relic","Card","Relic","Card"],"build_version":"2020-12-18","purchased_purges":0,"victory":false,"max_hp_per_floor":[66,66,66,60,60,60,60,60,60,60,60,60,60,60,60,60,60,60,60,60,60,60,60,60,60],"relic_stats":{"counters":[10,51],"Golden Idol":43,"obtain_stats":[{"SlaversCollar":17,"Anchor":13,"Golden Idol":4,"Oddly Smooth Stone":5,"Orrery":14,"Membership Card":8,"Ancient Tea Set":9,"Ring of the Snake":0},{"SlaversCollar":7,"Anchor":6,"Golden Idol":2,"Oddly Smooth Stone":2,"Orrery":6,"Membership Card":3,"Ancient Tea Set":3,"Ring of the Snake":0},{"SlaversCollar":38,"Anchor":30,"Golden Idol":9,"Oddly Smooth Stone":9,"Orrery":30,"Membership Card":13,"Ancient Tea Set":13,"Ring of the Snake":0}],"Ring of the Snake":[20]},"card_choices":[{"not_picked":["Violence","Panache"],"picked":"Sadistic Nature","floor":0},{"not_picked":["Backflip","Deflect","Outmaneuver"],"picked":"SKIP","floor":1},{"not_picked":["Dagger Throw","Cloak And Dagger"],"picked":"Slice","floor":3},{"not_picked":["Calculated Gamble","Cloak And Dagger"],"picked":"Masterful Stab","floor":7},{"not_picked":["Choke","Skewer"],"picked":"Bouncing Flask","floor":10},{"not_picked":["Poisoned Stab","Bane"],"picked":"Deadly Poison","floor":12},{"not_picked":["Distraction","Calculated Gamble"],"picked":"Die Die Die","floor":13},{"not_picked":["Deadly Poison","Escape Plan"],"picked":"Noxious Fumes","floor":14},{"not_picked":["Deflect","Dagger Throw"],"picked":"Malaise","floor":14},{"not_picked":["Blur","Concentrate"],"picked":"Dodge and Roll","floor":14},{"not_picked":["Grand Finale","Burst"],"picked":"After Image","floor":16},{"not_picked":["PiercingWail","Underhanded Strike"],"picked":"Dagger Spray+1","floor":18},{"not_picked":["Tactician","Night Terror"],"picked":"PiercingWail","floor":19}],"player_experience":1943868,"relics_obtained":[{"floor":9,"key":"Ancient Tea Set"},{"floor":13,"key":"Anchor"}],"event_choices":[{"damage_healed":0,"gold_gain":150,"player_choice":"AGREE","damage_taken":0,"max_hp_gain":0,"max_hp_loss":0,"event_name":"Liars Game","floor":2,"gold_loss":0,"cards_obtained":["Doubt"]},{"damage_healed":0,"gold_gain":0,"player_choice":"Lose Max HP","damage_taken":0,"relics_obtained":["Golden Idol"],"max_hp_gain":0,"max_hp_loss":6,"event_name":"Golden Idol","floor":4,"gold_loss":0},{"damage_healed":0,"gold_gain":0,"player_choice":"Paid Gold","damage_taken":0,"relics_obtained":["Oddly Smooth Stone"],"max_hp_gain":0,"max_hp_loss":0,"event_name":"WeMeetAgain","floor":5,"gold_loss":105},{"damage_healed":0,"gold_gain":0,"cards_transformed":["Strike_G","Strike_G"],"player_choice":"Became Test Subject","damage_taken":0,"max_hp_gain":0,"max_hp_loss":0,"event_name":"Drug Dealer","floor":21,"gold_loss":0,"cards_obtained":["Outmaneuver","Night Terror"]},{"damage_healed":0,"gold_gain":0,"player_choice":"Ignored","damage_taken":0,"max_hp_gain":0,"max_hp_loss":0,"event_name":"Vampires","floor":22,"gold_loss":0}],"is_beta":true,"boss_relics":[{"not_picked":["Fusion Hammer","Ectoplasm"],"picked":"SlaversCollar"}],"items_purged_floors":[],"is_endless":false,"potions_floor_spawned":[1,7,12,13,16],"killed_by":"Gremlin Leader","ascension_level":20}}