{"host":"29uuqgkzqd703i93","time":1613054711,"event":{"mods":["BaseMod","Minty Spire (QoL Compilation)"],"gold_per_floor":[109,109,128,144,1,17,33,33,83,83,103,103,103,123,123,228,228,215,225,3,17,17,17,17,17],"floor_reached":24,"language":"ENG","playtime":1221,"items_purged":[],"score":190,"play_id":"2877a327-908a-4539-82be-f72a681a2c94","local_time":"20210211154511","is_ascension_mode":false,"campfire_choices":[{"data":"Deadly Poison","floor":8.0,"key":"SMITH"},{"data":"Neutralize","floor":10.0,"key":"SMITH"},{"data":"Masterful Stab","floor":13.0,"key":"SMITH"},{"data":"Footwork","floor":15.0,"key":"SMITH"},{"floor":23,"key":"REST"}],"circlet_count":0,"master_deck":["Strike_G","Strike_G","Defend_G","Defend_G","Defend_G","Defend_G","Defend_G","Survivor","Neutralize+1","Bane","Masterful Stab+1","Tactician","Sucker Punch","Footwork+1","Deadly Poison+1","Cloak And Dagger","Dagger Spray","Burst","Deflect","Poisoned Stab+1","Terror","Blur+1","Grand Finale"],"relics":["Ring of the Snake","Ancient Tea Set","MealTicket","Empty Cage","Dream Catcher"],"acts_visited":["Exordium","TheCity"],"potions_floor_usage":[24,24,24],"damage_taken":[{"damage":0.0,"enemies":"Small Slimes","floor":1.0,"turns":4.0},{"damage":3.0,"enemies":"Jaw Worm","floor":3.0,"turns":3.0},{"damage":0.0,"enemies":"Cultist","floor":4.0,"turns":3.0},{"damage":0.0,"enemies":"Blue Slaver","floor":6.0,"turns":3.0},{"damage":0.0,"enemies":"Red Slaver","floor":7.0,"turns":3.0},{"damage":4.0,"enemies":"3 Louse","floor":11.0,"turns":4.0},{"damage":0.0,"enemies":"Blue Slaver","floor":14.0,"turns":3.0},{"damage":38.0,"enemies":"Hexaghost","floor":16.0,"turns":11.0},{"damage":4.0,"enemies":"2 Thieves","floor":18.0,"turns":4.0},{"damage":6.0,"enemies":"3 Byrds","floor":19.0,"turns":7.0},{"damage":33,"enemies":"Cultist and Chosen","floor":21,"turns":8},{"damage":71,"enemies":"Slavers","floor":24,"turns":7}],"seed_played":"-3716392129159863757","potions_obtained":[{"floor":0.0,"key":"Poison Potion"},{"floor":0.0,"key":"Swift Potion"},{"floor":0.0,"key":"Explosive Potion"},{"floor":11.0,"key":"ColorlessPotion"},{"floor":12.0,"key":"Fire Potion"},{"floor":14.0,"key":"DuplicationPotion"},{"floor":16.0,"key":"ColorlessPotion"},{"floor":18.0,"key":"Poison Potion"},{"floor":19.0,"key":"Explosive Potion"}],"is_trial":false,"path_per_floor":["M","?","M","M","$","M","M","R","T","R","M","?","R","M","R","B",null,"M","M","$","M","$","R","E"],"character_chosen":"THE_SILENT","items_purchased":["Ancient Tea Set","Dream Catcher","Terror"],"campfire_rested":1,"item_purchase_floors":[5,20,20],"current_hp_per_floor":[70,70,67,67,67,67,67,67,67,67,63,63,63,63,63,25,70,66,60,70,37,52,70,0,0],"gold":17,"neow_bonus":"THREE_SMALL_POTIONS","is_daily":false,"chose_seed":false,"campfire_upgraded":4,"win_rate":0.0,"timestamp":1613054711,"path_taken":["M","?","M","M","?","M","M","R","T","R","?","?","R","M","R","BOSS","M","M","$","M","?","R","E"],"items_purchased_type":["Relic","Relic","Card"],"build_version":"2020-12-22","purchased_purges":0,"victory":false,"max_hp_per_floor":[70,70,70,70,70,70,70,70,70,70,70,70,70,70,70,70,70,70,70,70,70,70,70,70,70],"card_choices":[{"not_picked":["Outmaneuver","Prepared"],"picked":"Bane","floor":1.0},{"not_picked":["Underhanded Strike","Reflex"],"picked":"Tactician","floor":3.0},{"not_picked":["Dagger Throw","All Out Attack"],"picked":"Sucker Punch","floor":4.0},{"not_picked":["Slice","Blade Dance"],"picked":"Footwork","floor":6.0},{"not_picked":["PiercingWail","Doppelganger"],"picked":"Deadly Poison","floor":7.0},{"not_picked":["Prepared","Backstab"],"picked":"Cloak And Dagger","floor":11.0},{"not_picked":["Acrobatics","Expertise"],"picked":"Dagger Spray","floor":14.0},{"not_picked":["Wraith Form v2","Glass Knife"],"picked":"Burst","floor":16.0},{"not_picked":["Prepared+1","Dagger Spray"],"picked":"Deflect","floor":18.0},{"not_picked":["Flechettes","Quick Slash"],"picked":"Poisoned Stab+1","floor":19.0},{"not_picked":["Expertise","PiercingWail"],"picked":"Blur+1","floor":21},{"not_picked":["Underhanded Strike","Dagger Throw+1"],"picked":"Grand Finale","floor":23}],"player_experience":78113,"relics_obtained":[{"floor":9.0,"key":"MealTicket"}],"event_choices":[{"damage_healed":0.0,"max_hp_gain":0.0,"max_hp_loss":0.0,"gold_gain":0.0,"cards_transformed":["Strike_G"],"event_name":"Living Wall","player_choice":"Change","floor":2.0,"gold_loss":0.0,"damage_taken":0.0,"cards_obtained":["Masterful Stab"]},{"damage_healed":0.0,"max_hp_gain":0.0,"max_hp_loss":0.0,"gold_gain":0.0,"event_name":"Lab","player_choice":"Got Potions","floor":12.0,"gold_loss":0.0,"damage_taken":0.0}],"is_beta":false,"boss_relics":[{"not_picked":["Ring of the Serpent","Coffee Dripper"],"picked":"Empty Cage"}],"items_purged_floors":[],"is_endless":false,"potions_floor_spawned":[3,11,14,16,18,19],"killed_by":"Slavers","ascension_level":0}}