{"host":"wuernuywc9gl215o","time":1613035876,"event":{"mods":["2.2 Compatiblity","AchievementEnabler","BaseMod","Bestiary","Block Reminder","Displayed Cursed Tome","Highlight Path","Key Reminder","Minty Spire (QoL Compilation)","Permanent Neow","Potion Indicator Mod","Quick Restart","Rare Cards Sparkle","Relic Stats","ojb\u0027s Info Mod"],"gold_per_floor":[110,120,132,132,152,183,183,196,196,229,247,247,263,275,275,352,352,292,18,18,18,18,18,18,18,18,18,18,18,18,18,18,18,18],"floor_reached":33,"language":"ENG","playtime":2298,"items_purged":["Strike_G"],"score":524,"play_id":"9ff7a549-86aa-46d9-8df5-2469368e3e50","local_time":"20210211093116","is_ascension_mode":true,"campfire_choices":[{"data":"Blade Dance","floor":7.0,"key":"SMITH"},{"floor":12.0,"key":"REST"},{"data":"Envenom","floor":15.0,"key":"SMITH"},{"floor":23.0,"key":"REST"},{"floor":28,"key":"REST"},{"floor":32,"key":"REST"}],"circlet_count":0,"master_deck":["AscendersBane","Strike_G","Strike_G","Strike_G","Defend_G","Defend_G","Defend_G","Defend_G","Defend_G","Survivor","Neutralize","Predator","Calculated Gamble","Blur","Envenom+1","Dagger Spray","Blade Dance+1","Cloak And Dagger","Blade Dance","Flying Knee","Finisher","Accuracy","Corpse Explosion","Dagger Throw","Accuracy","Cloak And Dagger","Sucker Punch","Catalyst","Acrobatics+1","Dodge and Roll+1","Slice","Blur","Blade Dance"],"relics":["Ring of the Snake","Bag of Marbles","Omamori","keyreminder:keyreminder","Matryoshka","Ectoplasm","Membership Card","Red Mask","Letter Opener","Paper Crane","Necronomicon","Regal Pillow","WarpedTongs"],"acts_visited":["Exordium","TheCity"],"potions_floor_usage":[27,33],"damage_taken":[{"damage":0.0,"enemies":"Jaw Worm","floor":1.0,"turns":6.0},{"damage":0.0,"enemies":"Cultist","floor":2.0,"turns":2.0},{"damage":0.0,"enemies":"2 Louse","floor":3.0,"turns":2.0},{"damage":3.0,"enemies":"2 Fungi Beasts","floor":5.0,"turns":3.0},{"damage":8.0,"enemies":"Gremlin Nob","floor":6.0,"turns":3.0},{"damage":8.0,"enemies":"Gremlin Gang","floor":8.0,"turns":4.0},{"damage":15.0,"enemies":"Lagavulin","floor":10.0,"turns":6.0},{"damage":4.0,"enemies":"Large Slime","floor":11.0,"turns":4.0},{"damage":0.0,"enemies":"3 Louse","floor":13.0,"turns":4.0},{"damage":11.0,"enemies":"Exordium Thugs","floor":14.0,"turns":4.0},{"damage":14.0,"enemies":"The Guardian","floor":16.0,"turns":14.0},{"damage":17.0,"enemies":"2 Thieves","floor":18.0,"turns":3.0},{"damage":16.0,"enemies":"Masked Bandits","floor":20.0,"turns":3.0},{"damage":8.0,"enemies":"Shell Parasite","floor":21.0,"turns":3.0},{"damage":10.0,"enemies":"Centurion and Healer","floor":22.0,"turns":3.0},{"damage":0.0,"enemies":"Snake Plant","floor":24.0,"turns":2.0},{"damage":1.0,"enemies":"3 Cultists","floor":25.0,"turns":4.0},{"damage":0,"enemies":"Snecko","floor":27,"turns":4},{"damage":12,"enemies":"Slavers","floor":30,"turns":3},{"damage":56,"enemies":"Collector","floor":33,"turns":7}],"seed_played":"5000999392908142249","potions_obtained":[{"floor":1.0,"key":"SpeedPotion"},{"floor":2.0,"key":"DistilledChaos"},{"floor":10.0,"key":"Ancient Potion"},{"floor":11.0,"key":"LiquidMemories"},{"floor":20.0,"key":"CultistPotion"},{"floor":22.0,"key":"DistilledChaos"},{"floor":25.0,"key":"Regen Potion"},{"floor":30,"key":"ColorlessPotion"}],"is_trial":false,"path_per_floor":["M","M","M","?","M","E","R","M","T","E","M","R","M","M","R","B",null,"M","$","?","M","M","R","M","M","T","M","R","?","E","?","R","B"],"character_chosen":"THE_SILENT","items_purchased":["Membership Card","Accuracy","Cloak And Dagger"],"campfire_rested":4,"item_purchase_floors":[19,19,19],"current_hp_per_floor":[59,59,59,59,56,48,48,40,40,25,21,40,40,29,29,15,53,36,36,20,12,2,21,21,20,20,32,51,30,18,18,52,0,0],"gold":18,"neow_bonus":"RANDOM_COMMON_RELIC","is_daily":false,"chose_seed":false,"campfire_upgraded":2,"win_rate":0.0,"timestamp":1613035876,"path_taken":["M","M","M","?","M","E","R","M","T","E","M","R","M","?","R","BOSS","M","$","?","M","M","R","M","M","T","M","R","?","E","?","R","BOSS"],"items_purchased_type":["Relic","Card","Card"],"build_version":"2020-12-22","purchased_purges":1,"victory":false,"max_hp_per_floor":[66,66,66,66,66,66,66,66,66,66,66,66,66,66,66,66,66,66,66,66,66,66,66,66,66,66,66,66,66,66,66,66,66,66],"relic_stats":{"Regal Pillow":15,"counters":[20,84],"Ectoplasm":223,"Necronomicon":[3],"Letter Opener":[50],"obtain_stats":[{"Regal Pillow":30,"Omamori":6,"Letter Opener":26,"Paper Crane":26,"WarpedTongs":31,"keyreminder:keyreminder":9,"Matryoshka":10,"Ectoplasm":17,"Bag of Marbles":0,"Red Mask":20,"Necronomicon":29,"Membership Card":19,"Ring of the Snake":0},{"Regal Pillow":19,"Omamori":5,"Letter Opener":17,"Paper Crane":17,"WarpedTongs":19,"keyreminder:keyreminder":6,"Matryoshka":7,"Ectoplasm":11,"Bag of Marbles":0,"Red Mask":13,"Necronomicon":18,"Membership Card":12,"Ring of the Snake":0},{"Regal Pillow":77,"Omamori":16,"Letter Opener":70,"Paper Crane":70,"WarpedTongs":77,"keyreminder:keyreminder":20,"Matryoshka":26,"Ectoplasm":52,"Bag of Marbles":0,"Red Mask":58,"Necronomicon":74,"Membership Card":55,"Ring of the Snake":0}],"Ring of the Snake":[40],"WarpedTongs":[7]},"card_choices":[{"not_picked":["Skewer","Finisher"],"picked":"Predator","floor":1.0},{"not_picked":["Flying Knee","Distraction"],"picked":"Calculated Gamble","floor":2.0},{"not_picked":["Backflip","Dodge and Roll"],"picked":"Blur","floor":3.0},{"not_picked":["Flechettes","Backflip"],"picked":"Dagger Spray","floor":5.0},{"not_picked":["Prepared","Poisoned Stab"],"picked":"Blade Dance","floor":6.0},{"not_picked":["Dagger Spray","Concentrate"],"picked":"Cloak And Dagger","floor":8.0},{"not_picked":["Sucker Punch","Prepared"],"picked":"Blade Dance","floor":10.0},{"not_picked":["Quick Slash","Slice"],"picked":"Flying Knee","floor":11.0},{"not_picked":["Expertise","Prepared"],"picked":"Finisher","floor":13.0},{"not_picked":["Night Terror","Crippling Poison"],"picked":"Accuracy","floor":14.0},{"not_picked":["Night Terror","Phantasmal Killer"],"picked":"Corpse Explosion","floor":16.0},{"not_picked":["Dodge and Roll","Poisoned Stab"],"picked":"Dagger Throw","floor":18.0},{"not_picked":["Poisoned Stab","Envenom"],"picked":"Sucker Punch","floor":20.0},{"not_picked":["Deadly Poison+1","Terror"],"picked":"Catalyst","floor":21.0},{"not_picked":["Blade Dance","Prepared"],"picked":"Acrobatics+1","floor":22.0},{"not_picked":["Bane","Accuracy"],"picked":"Dodge and Roll+1","floor":24.0},{"not_picked":["Eviscerate","Dagger Spray"],"picked":"Slice","floor":25.0},{"not_picked":["Crippling Poison","Backflip"],"picked":"Blur","floor":27},{"not_picked":["Accuracy","Distraction"],"picked":"Blade Dance","floor":30}],"player_experience":906812,"relics_obtained":[{"floor":6.0,"key":"Omamori"},{"floor":10.0,"key":"Matryoshka"},{"floor":20.0,"key":"Red Mask"},{"floor":26.0,"key":"Letter Opener"},{"floor":26.0,"key":"Paper Crane"},{"floor":30,"key":"Regal Pillow"}],"event_choices":[{"damage_healed":0.0,"max_hp_gain":0.0,"max_hp_loss":0.0,"gold_gain":0.0,"cards_transformed":["Strike_G"],"event_name":"Transmorgrifier","player_choice":"Transformed","floor":4.0,"gold_loss":0.0,"damage_taken":0.0,"cards_obtained":["Envenom"]},{"damage_healed":0.0,"max_hp_gain":0.0,"max_hp_loss":0.0,"gold_gain":0.0,"event_name":"Masked Bandits","player_choice":"Fought Bandits","floor":20.0,"gold_loss":0.0,"damage_taken":0.0},{"damage_healed":0,"gold_gain":0,"player_choice":"Obtained Book","damage_taken":21,"max_hp_gain":0,"max_hp_loss":0,"event_name":"Cursed Tome","floor":29,"gold_loss":0},{"damage_healed":0,"gold_gain":0,"player_choice":"Rummage","damage_taken":0,"relics_obtained":["WarpedTongs"],"max_hp_gain":0,"max_hp_loss":0,"event_name":"Accursed Blacksmith","floor":31,"gold_loss":0,"cards_obtained":["Pain"]}],"is_beta":false,"boss_relics":[{"not_picked":["SacredBark","Empty Cage"],"picked":"Ectoplasm"}],"items_purged_floors":[19],"is_endless":false,"potions_floor_spawned":[1,2,10,11,20,22,25,30],"killed_by":"Collector","ascension_level":17}}