{"host":"d02vqrhhew441p6s","time":1613055373,"event":{"mods":["BaseMod","Downfall","Halation","Hubris","Infinite Spire","Minty Spire (QoL Compilation)","StSLib","The Animator","The Death Knight","The Necromancer"],"gold_per_floor":[99,119,219,234,250,260,260,293,293,318,338,66,66,95,109,211,211,211,225,243,243,243,257,257,57,86,86,99,99,110,25,44,140,140,40,58,58,58,74,109,109,119,119,133,133,149,167,183,199,199,199,232,17,17,17,17,17,17],"floor_reached":56,"language":"ENG","playtime":4732,"items_purged":["Slimebound:Strike_Slimebound"],"score":523,"play_id":"8481c02f-0eff-4269-bffb-11cdc64df365","local_time":"20210211155613","is_ascension_mode":true,"campfire_choices":[{"data":"Slimebound:Split","floor":1,"key":"SMITH"},{"floor":13,"key":"REST"},{"floor":18,"key":"RECALL"},{"floor":25,"key":"REST"},{"data":"Slimebound:DuplicatedForm","floor":27,"key":"SMITH"},{"floor":29,"key":"REST"},{"data":"Slimebound:LevelUp","floor":35,"key":"SMITH"},{"data":"Slimebound:Darklings","floor":43,"key":"SMITH"},{"floor":45,"key":"REST"},{"floor":54,"key":"REST"}],"circlet_count":0,"master_deck":["Slimebound:Strike_Slimebound","Slimebound:Strike_Slimebound","Slimebound:Tackle","Slimebound:Defend_Slimebound","Slimebound:Defend_Slimebound","Slimebound:Defend_Slimebound","Slimebound:Defend_Slimebound","Slimebound:Split+1","Slimebound:CorrosiveSpit","Slimebound:Schlurp","Slimebound:Repurpose+1","Slimebound:SpikyOuterGoop","Slimebound:ComboTackle","Slimebound:GoopTackle","Slimebound:LeadByExample","Slimebound:GoopSpray","Slimebound:Darklings+1","Slimebound:SlimeTap","Slimebound:LevelUp","Slimebound:GrowthPunch","Slimebound:Nibble","Slimebound:DuplicatedForm+1","Slimebound:HauntingLick+1","Slimebound:SplitMire+1","Slimebound:RainOfGoop+1","Slimebound:Prepare","Slimebound:FormOfPuddle","Slimebound:PressTheAttack+1","Slimebound:Gluttony","Slimebound:LevelUp+1","Slimebound:Chomp","Slimebound:MassFeed","Slimebound:SlimeBarrage","Slimebound:Equalize","Slimebound:GoopSpray+1","Slimebound:LeechingTouch+1","Slimebound:Grow+1","Slimebound:PrepareCrush","Slimebound:RejuvenatingLick"],"relics":["Slimebound:AbsorbEndCombat","infinitespire:Bottled Soul","Slimebound:MaxSlimesRelic","Question Card","halation:PromiseList","hubris:MedicalManual","hubris:HollowSoul","Regal Pillow","sneckomod:BabySnecko","downfall:HeartBlessingRed","downfall:HeartBlessingGreen","infinitespire:Beetle Shell","halation:SmartPhone","downfall:HeartBlessingBlue","halation:AfternoonTea","infinitespire:PuzzleCube","Mercury Hourglass"],"acts_visited":["Exordium","TheCity","TheBeyond","TheEnding"],"potions_floor_usage":[10,12,16,23,30,32,33,44,47,48,50,50,55,55],"damage_taken":[{"damage":9,"enemies":"Jaw Worm","floor":2,"turns":3},{"damage":4,"enemies":"2 Louse","floor":4,"turns":2},{"damage":4,"enemies":"Cultist","floor":5,"turns":4},{"damage":5,"enemies":"Large Slime","floor":6,"turns":5},{"damage":23,"enemies":"Gremlin Nob","floor":8,"turns":4},{"damage":15,"enemies":"Lagavulin","floor":10,"turns":5},{"damage":20,"enemies":"Blue Slaver","floor":11,"turns":3},{"damage":0,"enemies":"downfall:FleeingMerchant","floor":12,"turns":4},{"damage":8,"enemies":"3 Sentries","floor":14,"turns":5},{"damage":15,"enemies":"3 Louse","floor":15,"turns":3},{"damage":15,"enemies":"IC_STATUS_ARCHETYPE","floor":16,"turns":5},{"damage":29,"enemies":"Chosen","floor":19,"turns":5},{"damage":5,"enemies":"Shell Parasite","floor":20,"turns":5},{"damage":49,"enemies":"Shelled Parasite and Fungi","floor":23,"turns":4},{"damage":28,"enemies":"Slavers","floor":26,"turns":4},{"damage":27,"enemies":"Cultist and Chosen","floor":28,"turns":5},{"damage":20,"enemies":"Centurion and Healer","floor":30,"turns":6},{"damage":0,"enemies":"downfall:FleeingMerchant","floor":31,"turns":4},{"damage":39,"enemies":"Snake Plant","floor":32,"turns":3},{"damage":0,"enemies":"WA_ARCHETYPE_CALM","floor":33,"turns":1},{"damage":21,"enemies":"3 Darklings","floor":36,"turns":4},{"damage":14,"enemies":"Orb Walker","floor":39,"turns":3},{"damage":24,"enemies":"Nemesis","floor":40,"turns":4},{"damage":19,"enemies":"Writhing Mass","floor":42,"turns":6},{"damage":31,"enemies":"4 Shapes","floor":44,"turns":5},{"damage":35,"enemies":"Spire Growth","floor":46,"turns":4},{"damage":17,"enemies":"Jaw Worm Horde","floor":47,"turns":3},{"damage":24,"enemies":"3 Darklings","floor":48,"turns":3},{"damage":10,"enemies":"4 Shapes","floor":49,"turns":3},{"damage":0,"enemies":"SI_POISON_ARCHETYPE","floor":50,"turns":1},{"damage":75,"enemies":"downfall:CharBossMerchant","floor":52,"turns":8},{"damage":39,"enemies":"downfall:NeowBoss","floor":55,"turns":13},{"damage":17,"enemies":"downfall:NeowBossFinal","floor":56,"turns":5}],"seed_played":"-5270243288376164453","potions_obtained":[{"floor":2,"key":"SneckoOil"},{"floor":6,"key":"Ancient Potion"},{"floor":10,"key":"Weak Potion"},{"floor":14,"key":"GamblersBrew"},{"floor":15,"key":"Energy Potion"},{"floor":20,"key":"Dexterity Potion"},{"floor":26,"key":"bronze:BurnAndBuffPotion"},{"floor":30,"key":"SpeedPotion"},{"floor":40,"key":"DeathKnight:BottledBloodEchoes"},{"floor":44,"key":"Fire Potion"},{"floor":47,"key":"sneckomod:MuddlingPotion"},{"floor":49,"key":"Swift Potion"},{"floor":52,"key":"sneckomod:MuddlingPotion"}],"is_trial":false,"path_per_floor":["R","M","?","M","M","M","T","E","?","E","M","$","R","E","M","B",null,"R","M","M","?","?","M","T","R","E","R","M","R","M","$","M","B",null,"R","M","?","?","M","E","T","M","R","M","R","M","M","M","M","B",null,"E","$","R","B","B"],"character_chosen":"SLIMEBOUND","items_purchased":["Slimebound:SlimeTap","Slimebound:LevelUp","halation:PromiseList","Slimebound:LevelUp","Slimebound:RejuvenatingLick","Swift Potion","SteroidPotion"],"campfire_rested":5,"item_purchase_floors":[12,12,12,31,53,53,53],"current_hp_per_floor":[71,64,64,62,64,67,67,46,46,35,17,25,46,44,31,24,71,71,59,62,62,62,36,36,71,49,49,30,66,52,60,38,35,71,81,56,56,56,44,33,33,48,48,34,74,72,59,41,49,45,90,44,35,77,66,0,0,0],"gold":17,"neow_bonus":"TEN_PERCENT_HP_BONUS","is_daily":false,"chose_seed":false,"campfire_upgraded":4,"win_rate":0.0,"timestamp":1613055373,"path_taken":["R","M","?","M","M","M","T","E","?","E","?","$","R","E","M","BOSS","R","M","M","?","?","M","T","R","E","R","M","R","M","$","M","BOSS","R","M","?","?","M","E","T","M","R","M","R","M","?","M","M","BOSS","E","$","R","BOSS","BOSS"],"items_purchased_type":["Card","Card","Relic","Card","Card","Potion","Potion"],"build_version":"2020-12-22","purchased_purges":1,"victory":false,"max_hp_per_floor":[71,71,71,71,71,71,71,71,71,71,71,71,71,71,71,71,71,71,71,71,71,71,71,71,71,71,71,71,71,71,71,71,71,71,81,81,81,81,81,81,81,84,84,84,84,84,84,84,90,90,90,90,90,90,90,90,90,90],"card_choices":[{"not_picked":["Slimebound:SplitMire","Slimebound:ComboTackle"],"picked":"Slimebound:Schlurp","floor":2},{"not_picked":["Slimebound:LeechEnergy","Slimebound:Prepare"],"picked":"Slimebound:Repurpose","floor":4},{"not_picked":["Slimebound:LeechingTouch","Slimebound:FormOfPuddle"],"picked":"Slimebound:SpikyOuterGoop","floor":5},{"not_picked":["Slimebound:Prepare","Slimebound:BestDefense"],"picked":"Slimebound:ComboTackle","floor":6},{"not_picked":["Slimebound:FinishingTackle","Slimebound:RollThrough"],"picked":"Slimebound:GoopTackle","floor":8},{"not_picked":["Slimebound:GoopSpray","Slimebound:SplitAcid"],"picked":"Slimebound:LeadByExample","floor":10},{"not_picked":["Slimebound:DivideAndConquer","Slimebound:PressTheAttack","Slimebound:LeechEnergy"],"picked":"Slimebound:GoopSpray","floor":11},{"not_picked":["Slimebound:Prepare","Slimebound:LeechEnergy","Slimebound:SamplingLick"],"picked":"Slimebound:Darklings","floor":12},{"not_picked":["Slimebound:SplitBruiser","Slimebound:Equalize","Slimebound:ComboTackle"],"picked":"Slimebound:GrowthPunch","floor":14},{"not_picked":["Slimebound:SplitBruiser","Slimebound:Schlurp","Slimebound:ItLooksTasty"],"picked":"Slimebound:Nibble","floor":15},{"not_picked":["Slimebound:RallyTheTroops","Slimebound:SlimeSlap","Slimebound:MassRepurpose"],"picked":"Slimebound:DuplicatedForm","floor":16},{"not_picked":["Slimebound:SplitBruiser","Slimebound:FinishingTackle","Slimebound:Grow"],"picked":"Slimebound:HauntingLick+1","floor":19},{"not_picked":["Slimebound:ComboTackle","Slimebound:RejuvenatingLick","Slimebound:SplitBruiser"],"picked":"Slimebound:SplitMire+1","floor":20},{"not_picked":["Slimebound:Repurpose","Slimebound:SplitAcid","Slimebound:DuplicatedForm"],"picked":"Slimebound:RainOfGoop+1","floor":23},{"not_picked":["Slimebound:RollThrough","Slimebound:LeechingTouch","Slimebound:PressTheAttack"],"picked":"Slimebound:Prepare","floor":26},{"not_picked":["Slimebound:SplitBruiser+1","Slimebound:FlameTackle+1","Slimebound:LeechingTouch"],"picked":"Slimebound:FormOfPuddle","floor":28},{"not_picked":["Slimebound:SamplingLick+1","Slimebound:MegaLick","Slimebound:ProtectTheBoss"],"picked":"Slimebound:PressTheAttack+1","floor":30},{"not_picked":["Slimebound:SplitSpecialist","Slimebound:Grow","Slimebound:PrepareCrush"],"picked":"Slimebound:Gluttony","floor":31},{"not_picked":["Slimebound:Prepare+1","Slimebound:HauntingLick+1","Slimebound:SplitMire+1"],"picked":"Slimebound:Chomp","floor":32},{"not_picked":["Slimebound:RallyTheTroops","Slimebound:CheckThePlaybook","Slimebound:Teamwork"],"picked":"Slimebound:MassFeed","floor":33},{"not_picked":["Slimebound:SplitAcid","Slimebound:Prepare+1","Slimebound:GoopTackle+1"],"picked":"Slimebound:SlimeBarrage","floor":36},{"not_picked":["Slimebound:SplitBruiser+1","Slimebound:FormOfPuddle","Slimebound:MassRepurpose"],"picked":"Slimebound:Equalize","floor":39},{"not_picked":["Slimebound:HauntingLick","Slimebound:Gluttony","Slimebound:SlimeBrawl+1"],"picked":"Slimebound:GoopSpray+1","floor":40},{"not_picked":["Slimebound:RollThrough+1","Slimebound:Schlurp+1","Slimebound:Replication"],"picked":"Slimebound:LeechingTouch+1","floor":42},{"not_picked":["Slimebound:SplitAcid+1","Slimebound:ServeAndProtect","Slimebound:Repurpose","Slimebound:SplitSpecialist"],"picked":"SKIP","floor":44},{"not_picked":["Slimebound:LivingWall","Slimebound:SamplingLick+1","Slimebound:PressTheAttack+1","Slimebound:GoopTackle"],"picked":"SKIP","floor":46},{"not_picked":["Slimebound:Prepare","Slimebound:Equalize","Slimebound:FinishingTackle"],"picked":"Slimebound:Grow+1","floor":47},{"not_picked":["Slimebound:Prepare","Slimebound:Nibble+1","Slimebound:SplitMire","Slimebound:SlimeSpikes"],"picked":"SKIP","floor":48},{"not_picked":["Slimebound:GrowthPunch+1","Slimebound:SplitSpecialist","Slimebound:GoopTackle+1","Slimebound:SplitLeeching+1"],"picked":"SKIP","floor":49},{"not_picked":["Slimebound:Equalize","Slimebound:SplitLeeching","Slimebound:MegaLick"],"picked":"Slimebound:PrepareCrush","floor":52}],"player_experience":534238,"relics_obtained":[{"floor":7,"key":"infinitespire:Bottled Soul"},{"floor":8,"key":"Slimebound:MaxSlimesRelic"},{"floor":10,"key":"Question Card"},{"floor":14,"key":"hubris:MedicalManual"},{"floor":26,"key":"infinitespire:Beetle Shell"},{"floor":40,"key":"halation:AfternoonTea"},{"floor":41,"key":"infinitespire:PuzzleCube"},{"floor":52,"key":"Mercury Hourglass"}],"event_choices":[],"is_beta":false,"boss_relics":[{"not_picked":["Snecko Eye","hubris:CrackedHourglass"],"picked":"hubris:HollowSoul"},{"not_picked":["halation:Risk","infinitespire:Cupcake"],"picked":"halation:SmartPhone"}],"items_purged_floors":[53],"is_endless":false,"potions_floor_spawned":[2,6,10,14,15,20,26,30,40,44,47,49,52],"killed_by":"downfall:NeowBossFinal","ascension_level":1}}