{"host":"23qk1co0p3p8qz56","time":1613022028,"event":{"mods":["100% Spire Juice","AchievementEnabler","Act Like it!","Arknights","BaseMod","Better Note","Better Third Choice","BetterRewards","CapriCore","Chen","Colored Map","DNKmod","Downfall","Duelist Mod","Friendly Minions","Gensokyo","Gold Saver","KinomotoSakuraMod(ñÿîVñ{?)","Koishi","LagranYue(ùfäiòNÅEåé)","Lobotomy","LobotomyExtend","Mari Mod (Legacy)","Mari\u0027s V1 Patch","MarisaÅiñ∂âJÅ@ñÇóùçπÅj","Minty Spire (QoL Compilation)","Prisma Mod","ReimuÅiîé??öÎÅj","RemiliaÅiÂQïƒ‰ª?Åj","RumiaBox-òIïƒ?ìIê_îÈ·¥éq","StSLib","The Administrix","The Alterego","The Animator","The Gatherer","The Immortal","The Senshi","Waifu the Spire","WarShipGirlsR/??è≠èóR mod","Yakumo Yukari mod","Yohane!","Yuyuko"],"gold_per_floor":[1020,1020,1030,285,385,385,399,418,471,392,405,421,421,434,434,534,534,534,544,544,544,643,669,669,682,682,700,712,532,543,563,563,666,666,679,697,697,717,717,717,736,765,765,782,800,800,318,163,163,163],"floor_reached":51,"language":"ENG","playtime":4693,"items_purged":[],"score":818,"play_id":"773364e1-2eb7-445d-a93b-d6f6a8701830","local_time":"20210210224028","is_ascension_mode":false,"campfire_choices":[{"data":"rmod:windflower","floor":6,"key":"SMITH"},{"data":"rmod:generalist","floor":13,"key":"SMITH"},{"data":"rmod:basicallowance","floor":15,"key":"SMITH"},{"data":"rmod:salvage","floor":24,"key":"SMITH"},{"data":"rmod:chargemoney","floor":32,"key":"SMITH"},{"floor":40,"key":"RECALL"},{"data":"rmod:chargemoney","floor":49,"key":"SMITH"}],"circlet_count":0,"master_deck":["rmod:strick+1","rmod:strick+1","rmod:strick+1","rmod:defend+1","rmod:defend+1","rmod:defend+1","rmod:basicallowance+1","rmod:maingunfire","rmod:firesupport+1","rmod:unsinkable","rmod:goodsister","rmod:expedition","rmod:bulid","rmod:openingtorpedo+1","rmod:windflower+1","rmod:generalist+1","rmod:salvage+1","rmod:maintain","rmod:fletcherpendant+1","rmod:aviationdawn","rmod:fletcherpendant+1","rmod:tearstotiara","rmod:fletcherpendant+1","rmod:mineteam","rmod:fletcher+1","rmod:salvage","rmod:fletcherpendant+1","rmod:firesupport+1","rmod:fletcher+1","rmod:supportaircraftcarrier","rmod:victimresponsibility+1","rmod:chargemoney+1","rmod:robin+1","rmod:fletcherpendant+1","rmod:fletcher+1","rmod:highspeedmaneuver","rmod:ammunitionsupply+1","rmod:fletcher+1","rmod:fletcherpendant+1","rmod:firesupport+1","rmod:salvage+1","rmod:diamondstrike+1","rmod:chargemoney+1","rmod:fletcherpendant+1","rmod:circuitoustactics","rmod:openingtorpedo+1","rmod:diamondstrike+1","rmod:salvage+1"],"relics":["rmod:firstchargereward","Kunai","Pear","Omamori","LagranYue:RandomDrawCardRelic","LetterFromLob","CrazyTorch:ReiMu","Anchor","Ice Cream","Toy Ornithopter","ZombieArmy","MariMod:MariFestivalBadge","RuthlessExorcism:ReiMu","StoneCalendar","Orrery","rmod:extraamm"],"acts_visited":["Exordium","TheCity","TheBeyond"],"potions_floor_usage":[16,25,25,27,36,50,50,50],"damage_taken":[{"damage":0,"enemies":"Cultist","floor":1,"turns":3},{"damage":0,"enemies":"Jaw Worm","floor":3,"turns":2},{"damage":0,"enemies":"Small Slimes","floor":7,"turns":2},{"damage":0,"enemies":"Exordium Thugs","floor":8,"turns":4},{"damage":0,"enemies":"3 Louse","floor":11,"turns":4},{"damage":0,"enemies":"Lots of Slimes","floor":12,"turns":3},{"damage":0,"enemies":"2 Fungi Beasts","floor":14,"turns":3},{"damage":234,"enemies":"Hexaghost","floor":16,"turns":6},{"damage":0,"enemies":"Spheric Guardian","floor":19,"turns":1},{"damage":0,"enemies":"theDuelist:KaibaA2","floor":23,"turns":4},{"damage":0,"enemies":"Shell Parasite","floor":25,"turns":3},{"damage":0,"enemies":"Chosen and Byrds","floor":27,"turns":4},{"damage":3,"enemies":"Snake Plant","floor":28,"turns":3},{"damage":6,"enemies":"Shelled Parasite and Fungi","floor":30,"turns":3},{"damage":0,"enemies":"3 Cultists","floor":31,"turns":2},{"damage":5,"enemies":"Collector","floor":33,"turns":6},{"damage":1,"enemies":"3 Darklings","floor":35,"turns":3},{"damage":0,"enemies":"3 Shapes","floor":36,"turns":2},{"damage":0,"enemies":"Jaw Worm Horde","floor":38,"turns":1},{"damage":2,"enemies":"Transient","floor":41,"turns":5},{"damage":13,"enemies":"Giant Head","floor":42,"turns":5},{"damage":0,"enemies":"Writhing Mass","floor":44,"turns":3},{"damage":0,"enemies":"Spire Growth","floor":45,"turns":3},{"damage":40,"enemies":"Time Eater","floor":50,"turns":7}],"seed_played":"245399001942365680","potions_obtained":[{"floor":8,"key":"AttackPotion"},{"floor":12,"key":"Explosive Potion"},{"floor":14,"key":"LiquidBronze"},{"floor":16,"key":"Energy Potion"},{"floor":19,"key":"Regen Potion"},{"floor":28,"key":"sneckomod:MuddlingPotion"},{"floor":31,"key":"Block Potion"},{"floor":33,"key":"Fire Potion"},{"floor":36,"key":"DistilledChaos"},{"floor":44,"key":"SpeedPotion"}],"is_trial":false,"path_per_floor":["M","T","M","$","?","R","M","M","T","$","M","M","R","M","R","B",null,"M","M","$","?","?","E","R","M","T","M","M","$","M","M","R","B",null,"M","M","?","M","?","R","M","E","T","M","M","?","$","$","R","B",null],"character_chosen":"PRAEFECT","items_purchased":["rmod:expedition","rmod:bulid","rmod:openingtorpedo","rmod:windflower","Anchor","Ice Cream","rmod:maintain","rmod:chargemoney","ZombieArmy","rmod:chargemoney","StoneCalendar","Orrery","rmod:extraamm"],"campfire_rested":0,"item_purchase_floors":[4,4,4,4,4,4,10,29,29,47,47,47,48],"current_hp_per_floor":[500,500,500,500,500,500,500,500,500,500,500,500,500,500,500,271,500,500,500,500,500,500,500,500,500,500,500,497,497,491,491,491,486,500,499,500,500,500,500,500,498,485,485,485,485,485,485,485,485,460],"gold":163,"neow_bonus":"THREE_CARDS","is_daily":false,"chose_seed":false,"campfire_upgraded":6,"win_rate":0.0,"timestamp":1613022028,"path_taken":["M","?","M","$","?","R","M","?","T","$","M","M","R","M","R","BOSS","M","M","$","?","?","E","R","M","T","M","?","$","M","M","R","BOSS","M","M","?","M","?","R","M","E","T","M","?","?","?","$","R","BOSS"],"items_purchased_type":["Card","Card","Card","Card","Relic","Relic","Card","Card","Relic","Card","Relic","Relic","Relic"],"build_version":"2020-12-22","purchased_purges":0,"victory":true,"max_hp_per_floor":[500,500,500,500,500,500,500,500,500,500,500,500,500,500,500,500,500,500,500,500,500,500,500,500,500,500,500,500,500,500,500,500,500,500,500,500,500,500,500,500,500,500,500,500,500,500,500,500,500,500],"card_choices":[{"not_picked":["rmod:capitalist","rmod:supportescort"],"picked":"rmod:firesupport","floor":0},{"not_picked":["rmod:steelsupply","rmod:aluminumsupply"],"picked":"rmod:unsinkable","floor":1},{"not_picked":["rmod:firesupport","rmod:circuitoustactics"],"picked":"rmod:goodsister","floor":3},{"not_picked":["rmod:firesupport","rmod:ammunitionsupply"],"picked":"rmod:generalist","floor":7},{"not_picked":["rmod:seals","rmod:circuitoustactics"],"picked":"rmod:salvage","floor":8},{"not_picked":["rmod:ammunitionsupply","rmod:intelligenceanalysis"],"picked":"rmod:aviationdawn","floor":11},{"not_picked":["rmod:firesupport","rmod:ammunitionsupply"],"picked":"rmod:tearstotiara","floor":12},{"not_picked":["rmod:shuttlebombing","rmod:launchingtorpedo"],"picked":"rmod:mineteam","floor":14},{"not_picked":["rmod:u235","rmod:stealaluminum"],"picked":"rmod:fletcher","floor":16},{"not_picked":["rmod:aviationdawn","rmod:unsinkable"],"picked":"rmod:salvage","floor":19},{"not_picked":["rmod:luckystar+1","rmod:unsinkable","rmod:tearstotiara"],"picked":"SKIP","floor":23},{"not_picked":["rmod:punchline","rmod:unsinkable+1"],"picked":"rmod:firesupport","floor":25},{"not_picked":["rmod:selfconfidence","rmod:sl"],"picked":"rmod:supportaircraftcarrier","floor":27},{"not_picked":["rmod:desperatesituation","rmod:mineteam"],"picked":"rmod:victimresponsibility+1","floor":28},{"not_picked":["rmod:wolves","rmod:aluminumsupply"],"picked":"rmod:robin+1","floor":30},{"not_picked":["rmod:heivgo+1","rmod:circuitoustactics","rmod:intelligenceanalysis"],"picked":"SKIP","floor":31},{"not_picked":["rmod:secretscript","rmod:auspiciousomen"],"picked":"rmod:highspeedmaneuver","floor":33},{"not_picked":["rmod:aluminumsupply+1","rmod:openingtorpedo"],"picked":"rmod:ammunitionsupply+1","floor":35},{"not_picked":["rmod:victimresponsibility","rmod:luckystar"],"picked":"rmod:fletcherpendant","floor":36},{"not_picked":["rmod:supportescort","rmod:steelsupply"],"picked":"rmod:firesupport+1","floor":38},{"not_picked":["rmod:fletcherpendant+1","rmod:aviationdawn"],"picked":"rmod:salvage+1","floor":41},{"not_picked":["rmod:robin+1","rmod:auspiciousomen","rmod:gendarmerie"],"picked":"SKIP","floor":42},{"not_picked":["rmod:advancebysurprise+1","rmod:ammunitionsupply+1"],"picked":"rmod:diamondstrike","floor":44},{"not_picked":["rmod:luckystar","rmod:victimresponsibility+1","rmod:spoils+1"],"picked":"SKIP","floor":45},{"not_picked":["rmod:salvage+1","rmod:highspeedmaneuver"],"picked":"rmod:fletcherpendant+1","floor":47},{"not_picked":["rmod:unsinkable","rmod:aviationdawn"],"picked":"rmod:circuitoustactics","floor":47},{"not_picked":["rmod:supportescort","rmod:unsinkable"],"picked":"rmod:openingtorpedo","floor":47},{"not_picked":["rmod:garrisonisland","rmod:victimresponsibility+1"],"picked":"rmod:diamondstrike","floor":47},{"not_picked":["rmod:ammunitionsupply+1","rmod:launchingtorpedo"],"picked":"rmod:salvage+1","floor":47}],"player_experience":151683,"relics_obtained":[{"floor":1,"key":"LetterFromLob"},{"floor":2,"key":"CrazyTorch:ReiMu"},{"floor":9,"key":"Toy Ornithopter"},{"floor":42,"key":"RuthlessExorcism:ReiMu"}],"event_choices":[{"damage_healed":0,"gold_gain":100,"player_choice":"Gold","damage_taken":0,"max_hp_gain":0,"max_hp_loss":0,"event_name":"Wheel of Change","floor":5,"gold_loss":0},{"damage_healed":0,"gold_gain":0,"player_choice":"Ignored","damage_taken":0,"max_hp_gain":0,"max_hp_loss":0,"event_name":"betterNote:BetterNote","floor":21,"gold_loss":0,"cards_obtained":["animator:Wiz"]},{"damage_healed":0,"gold_gain":99,"player_choice":"Steal","damage_taken":0,"max_hp_gain":0,"max_hp_loss":0,"event_name":"betterThird:BetterNest","floor":22,"gold_loss":0},{"damage_healed":0,"gold_gain":0,"player_choice":"Memory 1","damage_taken":0,"max_hp_gain":0,"max_hp_loss":0,"event_name":"SensoryStone","floor":37,"gold_loss":0},{"cards_removed":["rmod:strick"],"damage_healed":0,"gold_gain":0,"player_choice":"Purged","damage_taken":0,"max_hp_gain":0,"max_hp_loss":0,"event_name":"Purifier","floor":39,"gold_loss":0},{"cards_removed":["rmod:defend"],"damage_healed":0,"gold_gain":0,"player_choice":"Removed Skill","damage_taken":0,"max_hp_gain":0,"max_hp_loss":0,"event_name":"Falling","floor":46,"gold_loss":0}],"is_beta":false,"boss_relics":[{"not_picked":["Velvet Choker","Sozu","Empty Cage"]},{"not_picked":["LagranYue:SoulBurningRelic","SlaversCollar"],"picked":"MariMod:MariFestivalBadge"}],"items_purged_floors":[],"is_endless":false,"potions_floor_spawned":[8,12,14,16,19,28,31,33,36,44],"ascension_level":0}}