{"host":"w4b7hmige5bnqipq","time":1613023487,"event":{"mods":["2.2 Compatiblity","BaseMod","Colored Map","DeckTracker","Keyboard Shortcuts","Minty Spire (QoL Compilation)","Permanent Neow","Rare Cards Sparkle","SuperFastMode","everything is the same but u backflip on backflip","slay the spire mod where everything is the same but ironclad has a cowboy hat"],"gold_per_floor":[110,129,28,41,41,41,66,66,91,109,109,109,137,155,155,228,228,243,258,258,258,274,309,37,37,37,55,55,88,88,123,123,123,123],"floor_reached":33,"language":"KOR","playtime":1192,"items_purged":["Strike_G"],"score":626,"play_id":"97644657-9fcc-4e2c-9525-71fc112d77c7","local_time":"20210211150447","is_ascension_mode":true,"campfire_choices":[{"data":"Crippling Poison","floor":6.0,"key":"SMITH"},{"data":"A Thousand Cuts","floor":8.0,"key":"SMITH"},{"floor":12.0,"key":"REST"},{"data":"Blade Dance","floor":15.0,"key":"SMITH"},{"floor":25,"key":"REST"},{"floor":28,"key":"REST"},{"floor":32,"key":"REST"}],"circlet_count":0,"master_deck":["AscendersBane","Strike_G+1","Strike_G","Strike_G","Strike_G","Defend_G","Defend_G","Defend_G","Defend_G","Defend_G","Survivor","Neutralize+1","Crippling Poison+1","Heel Hook","Blade Dance+1","Backstab+1","A Thousand Cuts+1","Bouncing Flask","Masterful Stab","Envenom","Escape Plan","Acrobatics+1","Accuracy","Cloak And Dagger","Regret","Infinite Blades","Finisher"],"relics":["Ring of the Snake","Whetstone","Nunchaku","Darkstone Periapt","Bird Faced Urn","Cursed Key","Ninja Scroll","Calipers","Sundial","Toxic Egg 2"],"acts_visited":["Exordium","TheCity"],"potions_floor_usage":[23,27,27,29],"damage_taken":[{"damage":6.0,"enemies":"Cultist","floor":1.0,"turns":5.0},{"damage":1.0,"enemies":"Jaw Worm","floor":2.0,"turns":6.0},{"damage":2.0,"enemies":"Small Slimes","floor":4.0,"turns":4.0},{"damage":27.0,"enemies":"Lagavulin","floor":7.0,"turns":7.0},{"damage":8.0,"enemies":"Blue Slaver","floor":10.0,"turns":3.0},{"damage":8.0,"enemies":"Gremlin Nob","floor":13.0,"turns":3.0},{"damage":1.0,"enemies":"Looter","floor":14.0,"turns":2.0},{"damage":26.0,"enemies":"Slime Boss","floor":16.0,"turns":6.0},{"damage":7.0,"enemies":"3 Byrds","floor":18.0,"turns":3.0},{"damage":12.0,"enemies":"Spheric Guardian","floor":19.0,"turns":5.0},{"damage":14.0,"enemies":"Snake Plant","floor":22.0,"turns":4.0},{"damage":21,"enemies":"Gremlin Leader","floor":23,"turns":6},{"damage":15,"enemies":"Chosen and Byrds","floor":27,"turns":5},{"damage":16,"enemies":"Slavers","floor":29,"turns":4},{"damage":30,"enemies":"Gremlin Leader","floor":31,"turns":5},{"damage":70,"enemies":"Automaton","floor":33,"turns":6}],"seed_played":"781201477815320847","potions_obtained":[{"floor":1.0,"key":"PowerPotion"},{"floor":10.0,"key":"Explosive Potion"},{"floor":13.0,"key":"EssenceOfSteel"},{"floor":14.0,"key":"Energy Potion"},{"floor":19.0,"key":"Explosive Potion"},{"floor":22.0,"key":"Poison Potion"},{"floor":23,"key":"Weak Potion"},{"floor":27,"key":"PowerPotion"}],"is_trial":false,"path_per_floor":["M","M","$","M","$","R","E","R","T","M","T","R","E","M","R","B",null,"M","M","?","?","M","E","$","R","T","M","R","E","?","E","R","B"],"character_chosen":"THE_SILENT","items_purchased":["Blade Dance","Ninja Scroll"],"campfire_rested":4,"item_purchase_floors":[3,24],"current_hp_per_floor":[53,52,52,50,50,50,23,23,23,15,15,34,26,25,25,1,50,45,35,35,35,23,8,8,27,33,24,45,37,37,13,34,0,0],"gold":123,"neow_bonus":"UPGRADE_CARD","is_daily":false,"chose_seed":false,"campfire_upgraded":3,"win_rate":0.0,"timestamp":1613023487,"path_taken":["M","?","?","M","?","R","E","R","T","M","?","R","E","M","R","BOSS","M","M","?","?","M","E","$","R","T","M","R","E","?","E","R","BOSS"],"items_purchased_type":["Card","Relic"],"build_version":"2020-12-22","purchased_purges":1,"victory":false,"max_hp_per_floor":[66,66,66,66,66,66,66,66,66,66,66,66,66,66,66,66,66,66,66,66,66,66,66,66,66,72,72,72,72,72,72,72,72,72],"card_choices":[{"not_picked":["All Out Attack","Backflip"],"picked":"Crippling Poison","floor":1.0},{"not_picked":["Outmaneuver","Prepared"],"picked":"Heel Hook","floor":2.0},{"not_picked":["Caltrops","Concentrate"],"picked":"Backstab","floor":4.0},{"not_picked":["All Out Attack","Blur"],"picked":"A Thousand Cuts","floor":7.0},{"not_picked":["Blur","Noxious Fumes"],"picked":"Bouncing Flask","floor":10.0},{"not_picked":["Sucker Punch","Flying Knee"],"picked":"Masterful Stab","floor":13.0},{"not_picked":["Outmaneuver","Deflect","Eviscerate"],"picked":"SKIP","floor":14.0},{"not_picked":["Storm of Steel","A Thousand Cuts"],"picked":"Envenom","floor":16.0},{"not_picked":["Outmaneuver+1","Slice"],"picked":"Escape Plan","floor":18.0},{"not_picked":["Dodge and Roll","Poisoned Stab"],"picked":"Acrobatics+1","floor":19.0},{"not_picked":["Underhanded Strike","Endless Agony","Outmaneuver"],"picked":"SKIP","floor":22.0},{"not_picked":["Deflect","Quick Slash"],"picked":"Cloak And Dagger","floor":23},{"not_picked":["Backflip","Bane"],"picked":"Infinite Blades","floor":27},{"not_picked":["Dodge and Roll","Caltrops"],"picked":"Finisher","floor":29},{"not_picked":["Slice","Accuracy","Riddle With Holes+1"],"picked":"SKIP","floor":31}],"player_experience":733356,"relics_obtained":[{"floor":7.0,"key":"Whetstone"},{"floor":9.0,"key":"Nunchaku"},{"floor":11.0,"key":"Darkstone Periapt"},{"floor":13.0,"key":"Bird Faced Urn"},{"floor":26,"key":"Calipers"},{"floor":29,"key":"Sundial"},{"floor":31,"key":"Toxic Egg 2"}],"event_choices":[{"damage_healed":0.0,"max_hp_gain":0.0,"max_hp_loss":0.0,"gold_gain":0.0,"event_name":"Cursed Tome","player_choice":"Ignored","floor":20.0,"gold_loss":0.0,"damage_taken":0.0},{"damage_healed":0.0,"max_hp_gain":0.0,"max_hp_loss":0.0,"gold_gain":0.0,"event_name":"The Library","player_choice":"Read","floor":21.0,"gold_loss":0.0,"damage_taken":0.0,"cards_obtained":["Accuracy"]},{"damage_healed":0,"gold_gain":0,"player_choice":"Ignored","damage_taken":0,"max_hp_gain":0,"max_hp_loss":0,"event_name":"Ghosts","floor":30,"gold_loss":0}],"is_beta":false,"boss_relics":[{"not_picked":["Ectoplasm","Philosopher\u0027s Stone"],"picked":"Cursed Key"}],"items_purged_floors":[3],"is_endless":false,"potions_floor_spawned":[1,10,13,14,19,22,23,27],"killed_by":"Automaton","ascension_level":20}}