{"host":"okvf2hy7r209l3k2","time":1613012183,"event":{"mods":["BaseMod","Block Reminder","Colored Map","Colored Powertips","Downfall","Hermit","Highlight Path","Minty Spire (QoL Compilation)","Permanent Neow","Quick Restart","StSLib","The Cursed","The Disciple","The Hierophant","The Necromancer","The Runesmith","The Servant 0.9.4"],"gold_per_floor":[13,30,49,66,66,66,66,66],"floor_reached":7,"language":"ENG","playtime":1765,"items_purged":[],"score":43,"play_id":"40ad1bb7-996c-4aa0-8f75-8a5f869c9d76","local_time":"20210210175623","is_ascension_mode":false,"campfire_choices":[{"data":"hierophant:Blessing","floor":6.0,"key":"SMITH"}],"circlet_count":0,"master_deck":["hierophant:Strike_Hierophant","hierophant:Strike_Hierophant","hierophant:Strike_Hierophant","hierophant:Punish","hierophant:Defend_Hierophant","hierophant:Defend_Hierophant","hierophant:Defend_Hierophant","hierophant:ChurchCoffers","hierophant:SealAway","hierophant:Doubloon","hierophant:ConvertCurrency","hierophant:Blessing+1","hierophant:Doubloon","hierophant:Refuge"],"relics":["hierophant:PropheticMaskRelic","Bag of Marbles"],"acts_visited":["Exordium"],"potions_floor_usage":[],"damage_taken":[{"damage":5.0,"enemies":"2 Louse","floor":1.0,"turns":2.0},{"damage":6.0,"enemies":"Jaw Worm","floor":2.0,"turns":3.0},{"damage":0.0,"enemies":"Small Slimes","floor":3.0,"turns":2.0},{"damage":4.0,"enemies":"3 Louse","floor":4.0,"turns":3.0},{"damage":58,"enemies":"Gremlin Nob","floor":7,"turns":5}],"seed_played":"6392919890483861171","potions_obtained":[{"floor":1.0,"key":"bronze:BurnAndBuffPotion"}],"is_trial":false,"path_per_floor":["M","M","M","M","?","R","E"],"character_chosen":"HIEROPHANT","items_purchased":[],"campfire_rested":0,"item_purchase_floors":[],"current_hp_per_floor":[70,64,64,67,55,55,0,0],"gold":66,"neow_bonus":"REMOVE_TWO","is_daily":false,"chose_seed":false,"campfire_upgraded":1,"win_rate":0.0,"timestamp":1613012183,"path_taken":["M","M","M","M","?","R","E"],"items_purchased_type":[],"build_version":"2020-12-22","purchased_purges":0,"victory":false,"max_hp_per_floor":[75,75,75,75,75,75,75,75],"card_choices":[{"not_picked":["hierophant:DisplayOfPower","hierophant:Sermon"],"picked":"hierophant:SealAway","floor":1.0},{"not_picked":["hierophant:Doubloon","hierophant:OrnateBuckler"],"picked":"hierophant:ConvertCurrency","floor":2.0},{"not_picked":["hierophant:SealAway","hierophant:Embezzle"],"picked":"hierophant:Blessing","floor":3.0},{"not_picked":["hierophant:MirrorShield","hierophant:DisplayOfPower"],"picked":"hierophant:Refuge","floor":4.0}],"player_experience":232307,"relics_obtained":[],"event_choices":[{"damage_healed":0.0,"max_hp_gain":0.0,"max_hp_loss":0.0,"gold_gain":0.0,"event_name":"Scrap Ooze","player_choice":"Success","floor":5.0,"gold_loss":0.0,"damage_taken":12.0,"relics_obtained":["Bag of Marbles"]}],"is_beta":false,"boss_relics":[],"items_purged_floors":[],"is_endless":false,"potions_floor_spawned":[1],"killed_by":"Gremlin Nob","ascension_level":0}}