{"host":"fiyb7gvx7tok3jeh","time":1613081259,"event":{"mods":["BaseMod","Colored Map","Colored Powertips","DeckTracker","Googly Eyes","Highlight Path","Minty Spire (QoL Compilation)"],"gold_per_floor":[111,124,137,155,155,155,172,25,25,25,25,25,51,0,0,98,98,118,149,167,186,186,186,186,186],"floor_reached":24,"language":"ENG","playtime":1250,"items_purged":[],"score":245,"play_id":"68335f6d-9044-4a95-abe8-cdfbf31833ea","local_time":"20210212000739","is_ascension_mode":true,"campfire_choices":[{"data":"Eruption","floor":6,"key":"SMITH"},{"data":"LessonLearned","floor":10,"key":"SMITH"},{"floor":12,"key":"REST"},{"data":"ThirdEye","floor":15,"key":"SMITH"},{"floor":23,"key":"REST"}],"circlet_count":0,"master_deck":["Strike_P+1","Strike_P+1","Strike_P+1","Defend_P+1","Defend_P+1","Defend_P+1","Eruption+1","Vigilance","LessonLearned+1","ThirdEye+1","Consecrate+1","ClearTheMind","Establishment","DeusExMachina+1","Blasphemy","Conclude","Protect+1","FlurryOfBlows"],"relics":["PureWater","TeardropLocket","InkBottle","Sozu","Red Mask"],"acts_visited":["Exordium","TheCity"],"potions_floor_usage":[13,16,16,16,16,16,19],"damage_taken":[{"damage":0,"enemies":"2 Louse","floor":1,"turns":2},{"damage":7,"enemies":"Cultist","floor":2,"turns":3},{"damage":0,"enemies":"Jaw Worm","floor":3,"turns":3},{"damage":6,"enemies":"Exordium Thugs","floor":4,"turns":6},{"damage":6,"enemies":"Blue Slaver","floor":7,"turns":6},{"damage":32,"enemies":"Lagavulin","floor":13,"turns":9},{"damage":12,"enemies":"Hexaghost","floor":16,"turns":11},{"damage":0,"enemies":"Spheric Guardian","floor":18,"turns":3},{"damage":43,"enemies":"Masked Bandits","floor":19,"turns":5},{"damage":1,"enemies":"Chosen","floor":20,"turns":7},{"damage":4,"enemies":"3 Cultists","floor":21,"turns":3},{"damage":34,"enemies":"Shelled Parasite and Fungi","floor":24,"turns":2}],"seed_played":"5262305045880722666","potions_obtained":[{"floor":3,"key":"EntropicBrew"},{"floor":7,"key":"Block Potion"},{"floor":13,"key":"Strength Potion"}],"is_trial":false,"path_per_floor":["M","M","M","M","?","R","M","$","T","R","$","R","E","$","R","B",null,"M","?","M","M","?","R","M"],"character_chosen":"WATCHER","items_purchased":["Establishment","Dexterity Potion"],"campfire_rested":2,"item_purchase_floors":[8,14],"current_hp_per_floor":[51,44,44,38,38,38,32,32,32,32,32,53,21,21,21,9,56,56,13,12,8,8,29,0,0],"gold":186,"neow_bonus":"THREE_RARE_CARDS","is_daily":false,"chose_seed":false,"campfire_upgraded":3,"win_rate":0.0,"timestamp":1613081259,"path_taken":["M","M","M","M","?","R","M","$","T","R","?","R","E","?","R","BOSS","M","?","M","M","?","R","M"],"items_purchased_type":["Card","Potion"],"build_version":"2020-12-22","purchased_purges":0,"victory":false,"max_hp_per_floor":[72,72,72,72,72,72,72,72,72,72,72,72,72,72,72,72,72,72,72,72,72,72,72,72,72],"card_choices":[{"not_picked":["Wish","Judgement"],"picked":"LessonLearned","floor":0},{"not_picked":["Meditate","EmptyBody"],"picked":"ThirdEye","floor":1},{"not_picked":["FlyingSleeves","Swivel","Prostrate"],"picked":"SKIP","floor":2},{"not_picked":["FlyingSleeves","Vengeance"],"picked":"Consecrate","floor":3},{"not_picked":["CarveReality","CrushJoints"],"picked":"ClearTheMind","floor":4},{"not_picked":["Worship","CrushJoints","FearNoEvil"],"picked":"SKIP","floor":7},{"not_picked":["Worship","Crescendo"],"picked":"DeusExMachina","floor":13},{"not_picked":["DeusExMachina","Judgement"],"picked":"Blasphemy","floor":16},{"not_picked":["PathToVictory+1","Adaptation","Prostrate"],"picked":"SKIP","floor":18},{"not_picked":["Nirvana","SashWhip"],"picked":"Conclude","floor":20},{"not_picked":["EmptyFist+1","Indignation"],"picked":"Protect+1","floor":21}],"player_experience":290440,"relics_obtained":[{"floor":9,"key":"TeardropLocket"},{"floor":13,"key":"InkBottle"},{"floor":19,"key":"Red Mask"}],"event_choices":[{"cards_removed":["Defend_P"],"damage_healed":0,"gold_gain":0,"player_choice":"Purged","damage_taken":0,"max_hp_gain":0,"max_hp_loss":0,"event_name":"Purifier","floor":5,"gold_loss":0},{"damage_healed":0,"gold_gain":0,"player_choice":"Fought Bandits","damage_taken":0,"max_hp_gain":0,"max_hp_loss":0,"event_name":"Masked Bandits","floor":19,"gold_loss":0},{"damage_healed":0,"gold_gain":0,"cards_transformed":["Strike_P"],"player_choice":"Transformed","damage_taken":0,"max_hp_gain":0,"max_hp_loss":0,"event_name":"Transmorgrifier","floor":22,"gold_loss":0,"cards_obtained":["FlurryOfBlows"]}],"is_beta":false,"boss_relics":[{"not_picked":["Fusion Hammer","Empty Cage"],"picked":"Sozu"}],"items_purged_floors":[],"is_endless":false,"potions_floor_spawned":[3,7,13,18,21],"killed_by":"Shelled Parasite and Fungi","ascension_level":5}}