{"host":"ababi7n1w04ome7c","time":1613033264,"event":{"mods":["AchievementEnabler","BaseMod","Colored Map","Minty Spire (QoL Compilation)","Permanent Neow","StSLib","everything is the same but u backflip on backflip"],"gold_per_floor":[117,136,61,61,72,72,22,22,76,115,124,140,140,167,167,276,276,304,325,11,11,11,11],"floor_reached":22,"language":"KOR","playtime":770,"items_purged":["Strike_G"],"score":186,"play_id":"0ed8cc37-ea29-4f8b-8d4a-cb8b6cca31ad","local_time":"20210211174744","is_ascension_mode":false,"campfire_choices":[{"data":"Blade Dance","floor":6.0,"key":"SMITH"},{"data":"Neutralize","floor":8.0,"key":"SMITH"},{"floor":15.0,"key":"REST"}],"circlet_count":0,"master_deck":["Strike_G","Strike_G","Defend_G","Defend_G","Defend_G","Survivor","Neutralize+1","Blade Dance+1","Deflect","Decay","Dagger Throw","Burst","Footwork","Cloak And Dagger","Infinite Blades+1"],"relics":["Ring of the Snake","NeowsBlessing","Juzu Bracelet","CeramicFish","Empty Cage","Frozen Egg 2"],"acts_visited":["Exordium","TheCity"],"potions_floor_usage":[],"damage_taken":[{"damage":0.0,"enemies":"Cultist","floor":1.0,"turns":1.0},{"damage":0.0,"enemies":"Jaw Worm","floor":2.0,"turns":1.0},{"damage":0.0,"enemies":"Small Slimes","floor":5.0,"turns":1.0},{"damage":20.0,"enemies":"Gremlin Nob","floor":10.0,"turns":5.0},{"damage":3.0,"enemies":"3 Louse","floor":12.0,"turns":4.0},{"damage":8.0,"enemies":"Exordium Thugs","floor":14.0,"turns":5.0},{"damage":48.0,"enemies":"The Guardian","floor":16.0,"turns":19.0},{"damage":13.0,"enemies":"Shell Parasite","floor":18.0,"turns":8.0},{"damage":16.0,"enemies":"Spheric Guardian","floor":19.0,"turns":6.0},{"damage":9.0,"enemies":"Snecko","floor":21.0,"turns":4.0},{"damage":30,"enemies":"Snake Plant","floor":22,"turns":8}],"seed_played":"-5767536339235962727","potions_obtained":[{"floor":1.0,"key":"SmokeBomb"},{"floor":10.0,"key":"Dexterity Potion"},{"floor":14.0,"key":"EntropicBrew"},{"floor":18.0,"key":"CultistPotion"}],"is_trial":false,"path_per_floor":["M","M","$","?","M","R","?","R","T","E","?","M","?","M","R","B",null,"M","M","$","M","M"],"character_chosen":"THE_SILENT","items_purchased":["Frozen Egg 2","Infinite Blades+1"],"campfire_rested":1,"item_purchase_floors":[20,20],"current_hp_per_floor":[70,70,70,70,70,70,70,70,70,50,50,47,47,39,60,12,70,57,41,41,32,2,2],"gold":11,"neow_bonus":"THREE_ENEMY_KILL","is_daily":false,"chose_seed":false,"campfire_upgraded":2,"win_rate":0.0,"timestamp":1613033264,"path_taken":["M","?","$","?","M","R","?","R","T","E","?","M","?","M","R","BOSS","M","M","$","M","M"],"items_purchased_type":["Relic","Card"],"build_version":"2020-12-22","purchased_purges":1,"victory":false,"max_hp_per_floor":[70,70,70,70,70,70,70,70,70,70,70,70,70,70,70,70,70,70,70,70,70,70,70],"card_choices":[{"not_picked":["Reflex","Eviscerate","Skewer"],"picked":"SKIP","floor":1.0},{"not_picked":["Acrobatics","Prepared","Bane"],"picked":"SKIP","floor":2.0},{"not_picked":["Acrobatics","Distraction"],"picked":"Blade Dance","floor":5.0},{"not_picked":["Dagger Throw","Outmaneuver"],"picked":"Deflect","floor":10.0},{"not_picked":["Dash","Eviscerate","Crippling Poison"],"picked":"SKIP","floor":12.0},{"not_picked":["Distraction","Deflect"],"picked":"Dagger Throw","floor":14.0},{"not_picked":["Grand Finale","Glass Knife"],"picked":"Burst","floor":16.0},{"not_picked":["Underhanded Strike","Deadly Poison"],"picked":"Footwork","floor":18.0},{"not_picked":["Quick Slash","Dagger Throw"],"picked":"Cloak And Dagger","floor":19.0}],"player_experience":333620,"relics_obtained":[{"floor":9.0,"key":"Juzu Bracelet"},{"floor":10.0,"key":"CeramicFish"}],"event_choices":[{"cards_removed":["Defend_G"],"damage_healed":0.0,"max_hp_gain":0.0,"max_hp_loss":0.0,"gold_gain":0.0,"event_name":"Living Wall","player_choice":"Forget","floor":4.0,"gold_loss":0.0,"damage_taken":0.0},{"cards_removed":["Strike_G"],"damage_healed":0.0,"max_hp_gain":0.0,"max_hp_loss":0.0,"gold_gain":0.0,"event_name":"The Cleric","player_choice":"Card Removal","floor":7.0,"gold_loss":50.0,"damage_taken":0.0},{"damage_healed":0.0,"max_hp_gain":0.0,"max_hp_loss":0.0,"gold_gain":0.0,"event_name":"Wheel of Change","player_choice":"Cursed","floor":11.0,"gold_loss":0.0,"damage_taken":0.0,"cards_obtained":["Decay"]},{"damage_healed":0.0,"max_hp_gain":0.0,"max_hp_loss":0.0,"gold_gain":0.0,"event_name":"Shining Light","player_choice":"Ignored","floor":13.0,"gold_loss":0.0,"damage_taken":0.0}],"is_beta":false,"boss_relics":[{"not_picked":["SacredBark","Snecko Eye"],"picked":"Empty Cage"}],"items_purged_floors":[3],"is_endless":false,"potions_floor_spawned":[1,10,14,18],"killed_by":"Snake Plant","ascension_level":0}}