{"host":"6rd8hsjmp8z8o98z","time":1613076478,"event":{"mods":["AchievementEnabler","BaseMod","Better Match","Better Third Choice","BetterRewards","Gremlin Mod","Minty Spire (QoL Compilation)","Say the Spire","Shop Mod","StSLib","The Jungle"],"gold_per_floor":[110,130,130,130,140,140,175,175,200,200,484,87,109,150,150,254,254,281,331,351,37,37,37,81,93,105,117,79,104,116,150,162,283,295,333,345,357,369,400,412,72,72,99,99,122,122,59,79,79,79],"floor_reached":51,"language":"KOR","playtime":6990,"items_purged":["Gremlin:Strike","Regret"],"score":719,"play_id":"04837107-faa8-4419-a803-4948b4eca174","local_time":"20210212054758","is_ascension_mode":false,"campfire_choices":[{"data":"Gremlin:GremlinDance","floor":6,"key":"SMITH"},{"floor":8,"key":"REST"},{"data":"Gremlin:TagTeam","floor":10,"key":"SMITH"},{"data":"Gremlin:TwistTheKnife","floor":15,"key":"SMITH"},{"data":"Gremlin:Astound","floor":23,"key":"SMITH"},{"floor":25,"key":"REST"},{"data":"Gremlin:EdibleArmor","floor":27,"key":"SMITH"},{"floor":30,"key":"REST"},{"data":"Gremlin:MakeshiftArmor","floor":32,"key":"SMITH"},{"data":"Gremlin:Encore","floor":40,"key":"SMITH"},{"data":"Gremlin:Tricksy","floor":42,"key":"SMITH"},{"data":"Gremlin:Patsy","floor":44,"key":"SMITH"},{"floor":46,"key":"REST"},{"data":"Gremlin:Wizardry","floor":49,"key":"SMITH"}],"circlet_count":0,"master_deck":["Gremlin:Strike","Gremlin:Strike+1","Gremlin:Strike+1","Gremlin:Defend","Gremlin:Defend","Gremlin:Defend","Gremlin:Defend","Gremlin:TagTeam+1","Gremlin:GremlinDance+1","Gremlin:MakeshiftArmor+1","Swift Strike","Gremlin:Changeo","Gremlin:TwistTheKnife+1","Gremlin:Changeo","Gremlin:Patsy+1","Gremlin:Astound+1","Gremlin:Tricksy+1","Gremlin:Encore+1","Gremlin:IrksomeBlow+1","Gremlin:Changeo+1","Gremlin:EdibleArmor+1","Gremlin:Changeo+1","Gremlin:DaggerDance+1","Gremlin:Glimmer+1","Gremlin:Pinprick+1","Gremlin:Wizardry+1","Gremlin:GlitterGuard+1"],"relics":["Gremlin:GremlinKnob","Strawberry","HornCleat","Medical Kit","Lantern","CeramicFish","Toolbox","Whetstone","Bag of Marbles","Philosopher\u0027s Stone","Thread and Needle","theJungle:BirthdayCake","MawBank","TungstenRod","Gremlin:GremlinBomb","Blood Vial","FossilizedHelix","Anchor"],"acts_visited":["Exordium","Exordium","TheBeyond"],"potions_floor_usage":[16,24,31,50,50],"damage_taken":[{"damage":5,"enemies":"Small Slimes","floor":1,"turns":2},{"damage":0,"enemies":"2 Louse","floor":2,"turns":2},{"damage":0,"enemies":"Cultist","floor":5,"turns":3},{"damage":14,"enemies":"Gremlin Nob","floor":7,"turns":5},{"damage":0,"enemies":"Blue Slaver","floor":13,"turns":3},{"damage":10,"enemies":"Lagavulin","floor":14,"turns":4},{"damage":3,"enemies":"Hexaghost","floor":16,"turns":10},{"damage":0,"enemies":"theJungle:GiantWrat","floor":18,"turns":4},{"damage":2,"enemies":"Shell Parasite","floor":20,"turns":3},{"damage":20,"enemies":"theJungle:2_Phrogs","floor":24,"turns":8},{"damage":17,"enemies":"theJungle:2_Flameangoes","floor":29,"turns":6},{"damage":9,"enemies":"theJungle:JungleHuntersEncounter","floor":31,"turns":9},{"damage":0,"enemies":"theJungle:TotemBoss","floor":33,"turns":7},{"damage":0,"enemies":"3 Darklings","floor":35,"turns":9},{"damage":5,"enemies":"3 Shapes","floor":39,"turns":3},{"damage":11,"enemies":"Spire Growth","floor":45,"turns":7},{"damage":0,"enemies":"Writhing Mass","floor":48,"turns":5},{"damage":118,"enemies":"Donu and Deca","floor":50,"turns":14}],"seed_played":"-8256874137904894461","potions_obtained":[{"floor":2,"key":"DistilledChaos"},{"floor":13,"key":"FairyPotion"},{"floor":16,"key":"Fire Potion"},{"floor":20,"key":"BlessingOfTheForge"},{"floor":29,"key":"SkillPotion"},{"floor":39,"key":"DistilledChaos"}],"is_trial":false,"path_per_floor":["M","M","?","?","M","R","E","R","T","R","?","$","M","E","R","B",null,"M","?","M","$","?","R","E","R","T","R","?","M","R","M","R","B",null,"M","?","?","T","M","R","$","R","T","R","M","R","$","M","R","B",null],"character_chosen":"GREMLIN","items_purchased":["Strawberry","HornCleat","Medical Kit","Gremlin:MakeshiftArmor","Explosive Potion","AttackPotion","SteroidPotion","Swift Strike","Toolbox","Whetstone","Thread and Needle","FossilizedHelix","Dexterity Potion","Gremlin:Wizardry"],"campfire_rested":4,"item_purchase_floors":[0,0,0,0,0,0,0,0,12,12,21,41,41,47],"current_hp_per_floor":[22,22,22,23,18,18,9,15,15,15,15,15,23,23,23,17,23,23,20,23,23,27,27,5,13,13,13,13,15,23,27,27,23,27,27,27,27,27,27,27,27,27,27,27,16,24,24,27,27,27],"gold":79,"neow_bonus":"","is_daily":false,"chose_seed":false,"campfire_upgraded":10,"win_rate":0.0,"timestamp":1613076478,"path_taken":["M","M","?","?","M","R","E","R","T","R","?","$","?","E","R","BOSS","M","?","M","$","?","R","E","R","T","R","?","M","R","M","R","BOSS","M","?","?","?","M","R","$","R","T","R","?","R","?","M","R","BOSS"],"items_purchased_type":["Relic","Relic","Relic","Card","Potion","Potion","Potion","Card","Relic","Relic","Relic","Relic","Potion","Card"],"build_version":"2020-12-22","purchased_purges":2,"victory":true,"max_hp_per_floor":[22,22,22,23,23,23,23,23,23,23,23,23,23,23,23,23,23,23,23,23,23,27,27,27,27,27,27,27,27,27,27,27,27,27,27,27,27,27,27,27,27,27,27,27,27,27,27,27,27,27],"card_choices":[{"not_picked":["Gremlin:CatScratch","Gremlin:BubbleBarrier"],"picked":"Gremlin:Changeo","floor":1},{"not_picked":["Gremlin:BubbleBarrier","Gremlin:GremlinArms"],"picked":"Gremlin:TwistTheKnife","floor":2},{"not_picked":["Gremlin:SecondVolley","Gremlin:ShowOfHands"],"picked":"Gremlin:Changeo","floor":5},{"not_picked":["Gremlin:CatScratch","Gremlin:Pretaliation"],"picked":"Gremlin:Patsy","floor":7},{"not_picked":["Gremlin:BurlyBlow","Gremlin:Changeo"],"picked":"Gremlin:Astound","floor":13},{"not_picked":["Gremlin:TwistTheKnife","Gremlin:Pretaliation"],"picked":"Gremlin:Tricksy","floor":14},{"not_picked":["Gremlin:ShowStopper","Gremlin:TargetWeakness"],"picked":"Gremlin:Encore","floor":16},{"not_picked":["Gremlin:Glimmer","Gremlin:Pickpocket"],"picked":"Gremlin:IrksomeBlow+1","floor":18},{"not_picked":["Gremlin:BurlyBlow","Gremlin:PourSalt"],"picked":"Gremlin:Changeo+1","floor":20},{"not_picked":["Gremlin:Tricksy","Gremlin:Tadah"],"picked":"Gremlin:EdibleArmor","floor":24},{"not_picked":["Gremlin:Irritability","Gremlin:BubbleBarrier","Gremlin:Jeer"],"picked":"SKIP","floor":29},{"not_picked":["Gremlin:FeelTheAudience","Gremlin:ToeStub"],"picked":"Gremlin:Changeo+1","floor":31},{"not_picked":["Gremlin:ShowStopper","Gremlin:BrokenShin"],"picked":"Gremlin:TargetWeakness","floor":33},{"not_picked":["Gremlin:Pinprick+1","Gremlin:BubbleBarrier"],"picked":"Gremlin:DaggerDance+1","floor":35},{"not_picked":["Gremlin:PourSalt","Gremlin:Whiz+1"],"picked":"Gremlin:Glimmer+1","floor":39},{"not_picked":["Gremlin:CatScratch+1","Gremlin:ShowOfHands"],"picked":"Gremlin:Pinprick+1","floor":45},{"not_picked":["Gremlin:Pretaliation","Gremlin:BulkUp"],"picked":"Gremlin:GlitterGuard+1","floor":48}],"player_experience":531327,"relics_obtained":[{"floor":7,"key":"Lantern"},{"floor":9,"key":"CeramicFish"},{"floor":14,"key":"Bag of Marbles"},{"floor":24,"key":"MawBank"},{"floor":26,"key":"TungstenRod"},{"floor":38,"key":"Blood Vial"},{"floor":43,"key":"Anchor"}],"event_choices":[{"damage_healed":0,"gold_gain":0,"player_choice":"Ignored","damage_taken":130,"max_hp_gain":0,"max_hp_loss":0,"event_name":"betterThird:BetterSerpent","floor":3,"gold_loss":0},{"damage_healed":0,"gold_gain":0,"player_choice":"Donut","damage_taken":0,"max_hp_gain":5,"max_hp_loss":0,"event_name":"Big Fish","floor":4,"gold_loss":0},{"damage_healed":0,"gold_gain":275,"player_choice":"Desecrate","damage_taken":0,"max_hp_gain":0,"max_hp_loss":0,"event_name":"Golden Shrine","floor":11,"gold_loss":0,"cards_obtained":["Regret"]},{"damage_healed":0,"gold_gain":0,"player_choice":"Ignored","damage_taken":0,"max_hp_gain":0,"max_hp_loss":0,"event_name":"Tomb of Lord Red Mask","floor":36,"gold_loss":0},{"cards_removed":["Gremlin:TargetWeakness"],"damage_healed":0,"gold_gain":0,"player_choice":"Removed Power","damage_taken":0,"max_hp_gain":0,"max_hp_loss":0,"event_name":"Falling","floor":37,"gold_loss":0}],"is_beta":false,"boss_relics":[{"not_picked":["Astrolabe","Runic Dome"],"picked":"Philosopher\u0027s Stone"},{"not_picked":["Pandora\u0027s Box","SlaversCollar"],"picked":"Gremlin:GremlinBomb"}],"items_purged_floors":[0,12],"is_endless":false,"potions_floor_spawned":[2,13,16,20,29,39,48],"ascension_level":0}}