{"host":"zjnmjbs15rdpqnz9","time":1613075021,"event":{"mods":["BaseMod","Downfall","Minty Spire (QoL Compilation)","StSLib"],"gold_per_floor":[199,213,213,231,245,265,288,288,300,335,335,43,43,55,69,168,168,168,178,128,128,142,161,161,261,261,277,306,320,14,34,53,153,153,153,168,218,218,235,235,258,158,190,90,136,136,162,181,200,200],"floor_reached":51,"language":"ENG","playtime":3305,"items_purged":["Slimebound:Strike_Slimebound","Slimebound:Strike_Slimebound"],"score":868,"play_id":"53556e1b-8725-4f56-8805-5851e1111625","local_time":"20210211132341","is_ascension_mode":true,"campfire_choices":[{"data":"Slimebound:Split","floor":1,"key":"SMITH"},{"data":"Slimebound:LevelUp","floor":8,"key":"SMITH"},{"data":"Slimebound:MassFeed","floor":13,"key":"SMITH"},{"data":"Slimebound:OozeBath","floor":18,"key":"SMITH"},{"data":"Slimebound:DouseInSlime","floor":26,"key":"SMITH"},{"data":"Slimebound:OozeBath","floor":35,"key":"SMITH"},{"floor":40,"key":"RECALL"},{"data":"Slimebound:FormOfPuddle","floor":42,"key":"SMITH"},{"data":"Slimebound:LeadByExample","floor":44,"key":"SMITH"}],"circlet_count":0,"master_deck":["Slimebound:Tackle+1","Slimebound:Defend_Slimebound","Slimebound:Defend_Slimebound","Slimebound:Defend_Slimebound","Slimebound:Split+1","Slimebound:CorrosiveSpit+1","Slimebound:ServeAndProtect+1","downfall:Haunted","Slimebound:LevelUp+1","Slimebound:LeadByExample+1","Slimebound:SplitLeeching+1","Slimebound:LeechLife+1","Slimebound:SlimeSpikes","Slimebound:MassFeed+1","Slimebound:PressTheAttack","Slimebound:OozeBath+1","Slimebound:SplitBruiser","Slimebound:DouseInSlime+1","Slimebound:SlimeTap+1","Slimebound:OozeBath+1","Slimebound:MegaLick","Slimebound:FormOfPuddle+1","Slimebound:SplitMire+1","Slimebound:FormOfPuddle+1","Slimebound:FormOfPuddle+1","Master of Strategy","Slimebound:ForwardTackle","Slimebound:Grow"],"relics":["Slimebound:AbsorbEndCombat","Potion Belt","Happy Flower","Velvet Choker","Bottled Tornado","White Beast Statue","Letter Opener","Whetstone","Lee\u0027s Waffle","Coffee Dripper","Mango","Bag of Preparation","downfall:HeartBlessingRed","Darkstone Periapt","downfall:HeartBlessingGreen","Slimebound:MaxSlimesRelic"],"acts_visited":["Exordium","TheCity","TheBeyond"],"potions_floor_usage":[25,28,28,30,33,33,50],"damage_taken":[{"damage":10,"enemies":"Jaw Worm","floor":2,"turns":4},{"damage":8,"enemies":"Cultist","floor":4,"turns":4},{"damage":12,"enemies":"2 Louse","floor":5,"turns":3},{"damage":2,"enemies":"Blue Slaver","floor":6,"turns":7},{"damage":13,"enemies":"3 Louse","floor":9,"turns":5},{"damage":13,"enemies":"Lagavulin","floor":10,"turns":7},{"damage":0,"enemies":"downfall:FleeingMerchant","floor":12,"turns":4},{"damage":5,"enemies":"Gremlin Gang","floor":14,"turns":4},{"damage":5,"enemies":"Exordium Thugs","floor":15,"turns":4},{"damage":8,"enemies":"IC_STATUS_ARCHETYPE","floor":16,"turns":10},{"damage":16,"enemies":"Spheric Guardian","floor":19,"turns":8},{"damage":5,"enemies":"Shell Parasite","floor":22,"turns":6},{"damage":40,"enemies":"Snake Plant","floor":23,"turns":4},{"damage":30,"enemies":"downfall:LadyInBlue","floor":25,"turns":9},{"damage":7,"enemies":"Centurion and Healer","floor":27,"turns":7},{"damage":46,"enemies":"Gremlin Leader","floor":28,"turns":6},{"damage":31,"enemies":"3 Cultists","floor":29,"turns":6},{"damage":18,"enemies":"downfall:FleeingMerchant","floor":30,"turns":4},{"damage":11,"enemies":"Snake Plant","floor":31,"turns":3},{"damage":14,"enemies":"Snecko","floor":32,"turns":5},{"damage":88,"enemies":"DF_ARCHETYPE_CLAW","floor":33,"turns":9},{"damage":11,"enemies":"3 Darklings","floor":36,"turns":7},{"damage":44,"enemies":"3 Darklings","floor":37,"turns":12},{"damage":2,"enemies":"3 Shapes","floor":39,"turns":5},{"damage":5,"enemies":"Nemesis","floor":43,"turns":5},{"damage":6,"enemies":"downfall:FleeingMerchant","floor":45,"turns":4},{"damage":0,"enemies":"Reptomancer","floor":47,"turns":7},{"damage":26,"enemies":"Spire Growth","floor":48,"turns":7},{"damage":44,"enemies":"Sphere and 2 Shapes","floor":49,"turns":9},{"damage":17,"enemies":"SI_POISON_ARCHETYPE","floor":50,"turns":7}],"seed_played":"-2955076077509113049","potions_obtained":[{"floor":2,"key":"GamblersBrew"},{"floor":10,"key":"Block Potion"},{"floor":14,"key":"Swift Potion"},{"floor":15,"key":"sneckomod:MuddlingPotion"},{"floor":16,"key":"FearPotion"},{"floor":25,"key":"hexamod:SoulburnPotion"},{"floor":25,"key":"Slimebound:SlimyTonguePotion"},{"floor":25,"key":"FairyPotion"},{"floor":28,"key":"AttackPotion"},{"floor":29,"key":"Fire Potion"},{"floor":30,"key":"EntropicBrew"},{"floor":33,"key":"champ:CounterPotion"},{"floor":36,"key":"champ:CounterPotion"},{"floor":47,"key":"DuplicationPotion"},{"floor":48,"key":"DuplicationPotion"}],"is_trial":false,"path_per_floor":["R","M","?","M","M","M","T","R","M","E","?","$","R","M","M","B",null,"R","M","?","?","M","M","T","?","R","M","E","M","$","M","M","B",null,"R","M","?","?","M","R","T","R","E","R","$","?","E","M","M","B",null],"character_chosen":"SLIMEBOUND","items_purchased":["Slimebound:MassFeed","Slimebound:PressTheAttack","Whetstone","Lee\u0027s Waffle","Master of Strategy"],"campfire_rested":0,"item_purchase_floors":[12,12,30,30,45],"current_hp_per_floor":[65,61,61,57,47,53,53,53,46,39,39,53,53,58,57,65,65,65,55,69,69,68,62,62,62,62,81,70,57,100,103,91,21,104,104,108,90,90,122,122,122,122,125,125,134,134,138,138,138,127],"gold":200,"neow_bonus":"HUNDRED_GOLD","is_daily":false,"chose_seed":false,"campfire_upgraded":8,"win_rate":0.0,"timestamp":1613075021,"path_taken":["R","M","?","M","?","M","T","R","M","E","?","$","R","M","M","BOSS","R","M","?","?","M","M","T","?","R","?","E","M","$","M","M","BOSS","R","M","?","?","?","R","T","R","E","R","$","?","E","M","M","BOSS"],"items_purchased_type":["Card","Card","Relic","Relic","Card"],"build_version":"2020-12-22","purchased_purges":2,"victory":true,"max_hp_per_floor":[65,65,65,65,65,65,65,65,65,65,65,65,65,65,65,65,65,65,69,69,69,69,69,69,73,73,81,81,93,100,104,104,104,104,104,108,130,130,134,134,134,134,138,138,138,138,138,138,138,138],"card_choices":[{"not_picked":["Slimebound:Equalize","Slimebound:DivideAndConquer"],"picked":"Slimebound:ServeAndProtect","floor":2},{"not_picked":["Slimebound:GoopTackle","Slimebound:SamplingLick","Slimebound:Prepare"],"picked":"SKIP","floor":4},{"not_picked":["Slimebound:ComboTackle","Slimebound:GoopTackle"],"picked":"Slimebound:LevelUp","floor":5},{"not_picked":["Slimebound:GoopTackle","Slimebound:FinishingTackle"],"picked":"Slimebound:LeadByExample","floor":6},{"not_picked":["Slimebound:Prepare","Slimebound:SplitAcid"],"picked":"Slimebound:SplitLeeching","floor":9},{"not_picked":["Slimebound:GoopTackle","Slimebound:SplitLeeching"],"picked":"Slimebound:LeechLife","floor":10},{"not_picked":["Slimebound:Prepare","Slimebound:DivideAndConquer"],"picked":"Slimebound:SlimeSpikes","floor":12},{"not_picked":["Slimebound:GoopTackle","Slimebound:RollThrough","Slimebound:SlimeSpikes"],"picked":"SKIP","floor":14},{"not_picked":["Slimebound:LeadByExample","Slimebound:FlameTackle","Slimebound:Equalize"],"picked":"SKIP","floor":15},{"not_picked":["Slimebound:RallyTheTroops","Slimebound:DouseInSlime"],"picked":"Slimebound:OozeBath","floor":16},{"not_picked":["Slimebound:RollThrough","Slimebound:BestDefense","Slimebound:SlimeBrawl"],"picked":"SKIP","floor":19},{"not_picked":["Slimebound:ComboTackle","Slimebound:ItLooksTasty"],"picked":"Slimebound:DouseInSlime","floor":22},{"not_picked":["Slimebound:SlimeSpikes","Slimebound:GrowthPunch","Slimebound:GoopTackle"],"picked":"SKIP","floor":23},{"not_picked":["Slimebound:RollThrough","Slimebound:ComboTackle+1"],"picked":"Slimebound:SlimeTap+1","floor":25},{"not_picked":["Slimebound:SplitMire","Slimebound:ItLooksTasty+1","Slimebound:RollThrough"],"picked":"SKIP","floor":27},{"not_picked":["Slimebound:GoopSpray+1","Slimebound:ComboTackle+1"],"picked":"Slimebound:OozeBath","floor":28},{"not_picked":["Slimebound:SplitAcid","Slimebound:SplitLeeching","Slimebound:Gluttony"],"picked":"SKIP","floor":29},{"not_picked":["Slimebound:SlimeSpikes","Slimebound:SplitBruiser+1"],"picked":"Slimebound:MegaLick","floor":30},{"not_picked":["Slimebound:SplitBruiser","Slimebound:SpikyOuterGoop","Slimebound:WasteNot"],"picked":"SKIP","floor":31},{"not_picked":["Slimebound:HauntingLick","Slimebound:SplitLeeching","Slimebound:ItLooksTasty"],"picked":"SKIP","floor":32},{"not_picked":["Slimebound:Schlurp+1","Slimebound:Grow"],"picked":"Slimebound:FormOfPuddle","floor":36},{"not_picked":["Slimebound:RollThrough","Slimebound:LeadByExample+1"],"picked":"Slimebound:SplitMire+1","floor":37},{"not_picked":["Slimebound:LeadByExample+1","Slimebound:SlimeBarrage+1"],"picked":"Slimebound:FormOfPuddle+1","floor":39},{"not_picked":["Slimebound:ProtectTheBoss","Slimebound:ViciousTackle+1"],"picked":"Slimebound:FormOfPuddle+1","floor":43},{"not_picked":["Slimebound:Nibble+1","Slimebound:ViciousTackle","Slimebound:ComboTackle"],"picked":"SKIP","floor":45},{"not_picked":["Slimebound:ProtectTheBoss","Slimebound:SelfFormingGoo"],"picked":"Slimebound:Grow","floor":47},{"not_picked":["Slimebound:LivingWall","Slimebound:Equalize+1","Slimebound:MegaLick+1"],"picked":"SKIP","floor":48},{"not_picked":["Slimebound:HauntingLick+1","Slimebound:Gluttony","Slimebound:SamplingLick"],"picked":"SKIP","floor":49}],"player_experience":918342,"relics_obtained":[{"floor":7,"key":"Potion Belt"},{"floor":10,"key":"Happy Flower"},{"floor":24,"key":"Bottled Tornado"},{"floor":25,"key":"White Beast Statue"},{"floor":28,"key":"Letter Opener"},{"floor":37,"key":"Mango"},{"floor":41,"key":"Bag of Preparation"},{"floor":43,"key":"Darkstone Periapt"},{"floor":47,"key":"Slimebound:MaxSlimesRelic"}],"event_choices":[{"cards_removed":["Slimebound:Strike_Slimebound"],"damage_healed":0,"gold_gain":0,"player_choice":"Card Removal","damage_taken":0,"max_hp_gain":0,"max_hp_loss":0,"event_name":"The Cleric","floor":11,"gold_loss":0},{"damage_healed":0,"gold_gain":0,"player_choice":"Read","damage_taken":0,"max_hp_gain":0,"max_hp_loss":0,"event_name":"The Library","floor":21,"gold_loss":0,"cards_obtained":["Slimebound:SplitBruiser"]},{"damage_healed":0,"gold_gain":0,"player_choice":"Forge","damage_taken":0,"max_hp_gain":0,"max_hp_loss":0,"event_name":"Accursed Blacksmith","floor":38,"gold_loss":0,"cards_upgraded":["Slimebound:SplitLeeching"]}],"is_beta":false,"boss_relics":[{"not_picked":["Cursed Key","Runic Pyramid"],"picked":"Velvet Choker"},{"not_picked":["Runic Dome","Snecko Eye"],"picked":"Coffee Dripper"}],"items_purged_floors":[12,45],"is_endless":false,"potions_floor_spawned":[2,10,14,15,16,22,23,27,28,29,30,31,32,33,36,37,39,43,45,47,48,49],"ascension_level":1}}