{"host":"guk5h31bsklpp7e4","time":1613008919,"event":{"mods":["AchievementEnabler","BaseMod","Colored Map","Colored Powertips","Highlight Path","Minty Spire (QoL Compilation)","Quick Restart"],"gold_per_floor":[109,109,109,34,48,81,81,97,97,97,131,131,151,151,151,247,247,267,567,584,584,602,602,334,334,361,361,361,379,379,390,390,490,490,506,506,523,535,262,262,40,59,59,59,79,112,112,130,130,130],"floor_reached":51,"language":"ENG","playtime":2747,"items_purged":["Strike_R","Writhe","Defend_R"],"score":875,"play_id":"d6685b30-8712-4fe6-be8b-9e48bcb8b94e","local_time":"20210210210159","is_ascension_mode":true,"campfire_choices":[{"floor":7,"key":"REST"},{"data":"Brutality","floor":12,"key":"SMITH"},{"floor":15,"key":"REST"},{"floor":23,"key":"REST"},{"data":"Rupture","floor":25,"key":"SMITH"},{"data":"Double Tap","floor":27,"key":"SMITH"},{"floor":32,"key":"REST"},{"data":"Heavy Blade","floor":40,"key":"SMITH"},{"data":"Heavy Blade","floor":44,"key":"SMITH"},{"data":"Juggernaut","floor":47,"key":"SMITH"},{"data":"Ghostly Armor","floor":49,"key":"SMITH"}],"circlet_count":0,"master_deck":["Defend_R","Defend_R","Defend_R","Bash+1","Sword Boomerang","Iron Wave","Brutality+1","Heavy Blade+1","Blood for Blood","Pommel Strike","Double Tap+1","Intimidate","Anger","Bite","Bite","Bite","Bite+1","Bite","Metallicize","Rupture+1","Swift Strike","Ghostly Armor","Combust+1","Reaper","Heavy Blade+1","Twin Strike+1","Ghostly Armor+1","Blood for Blood","Reaper","Inflame+1","Juggernaut+1"],"relics":["Burning Blood","Shuriken","Gremlin Horn","Ancient Tea Set","Mummified Hand","SlaversCollar","Old Coin","Whetstone","Runic Cube","Anchor","StoneCalendar","Self Forming Clay"],"acts_visited":["Exordium","TheCity","TheBeyond"],"potions_floor_usage":[6,11,11,18,22,29,37,46,50],"damage_taken":[{"damage":0,"enemies":"Small Slimes","floor":1,"turns":3},{"damage":6,"enemies":"Jaw Worm","floor":5,"turns":4},{"damage":32,"enemies":"Gremlin Nob","floor":6,"turns":5},{"damage":8,"enemies":"2 Louse","floor":8,"turns":3},{"damage":36,"enemies":"Lagavulin","floor":11,"turns":6},{"damage":14,"enemies":"2 Fungi Beasts","floor":13,"turns":5},{"damage":26,"enemies":"The Guardian","floor":16,"turns":8},{"damage":26,"enemies":"Spheric Guardian","floor":18,"turns":4},{"damage":14,"enemies":"Chosen","floor":20,"turns":4},{"damage":35,"enemies":"Snecko","floor":22,"turns":5},{"damage":28,"enemies":"Snake Plant","floor":29,"turns":4},{"damage":45,"enemies":"Centurion and Healer","floor":31,"turns":4},{"damage":26,"enemies":"Automaton","floor":33,"turns":6},{"damage":23,"enemies":"3 Shapes","floor":35,"turns":3},{"damage":29,"enemies":"3 Darklings","floor":37,"turns":4},{"damage":9,"enemies":"Sphere and 2 Shapes","floor":38,"turns":3},{"damage":4,"enemies":"Spire Growth","floor":42,"turns":4},{"damage":22,"enemies":"Jaw Worm Horde","floor":45,"turns":4},{"damage":39,"enemies":"Reptomancer","floor":46,"turns":4},{"damage":27,"enemies":"3 Darklings","floor":48,"turns":4},{"damage":59,"enemies":"Donu and Deca","floor":50,"turns":6}],"seed_played":"-9106255562843565366","potions_obtained":[{"floor":5,"key":"Regen Potion"},{"floor":6,"key":"AttackPotion"},{"floor":8,"key":"ColorlessPotion"},{"floor":13,"key":"Fire Potion"},{"floor":20,"key":"SteroidPotion"},{"floor":29,"key":"Swift Potion"},{"floor":33,"key":"ElixirPotion"},{"floor":38,"key":"Ancient Potion"},{"floor":45,"key":"Ancient Potion"}],"is_trial":false,"path_per_floor":["M","?","?","$","M","E","R","M","T","$","E","R","M","T","R","B",null,"M","?","M","?","M","R","$","R","T","R","?","M","?","M","R","B",null,"M","?","M","M","$","R","$","M","T","R","M","E","R","M","R","B",null],"character_chosen":"IRONCLAD","items_purchased":["Rupture","Swift Strike","Block Potion","Ghostly Armor","Blood for Blood","Anchor","Reaper"],"campfire_rested":4,"item_purchase_floors":[24,24,24,39,39,41,41],"current_hp_per_floor":[88,93,75,75,75,63,90,90,90,90,62,62,56,56,83,65,86,68,68,62,62,43,70,70,70,70,70,70,59,90,61,88,85,91,82,82,87,93,93,93,93,93,93,93,86,93,93,84,84,62],"gold":130,"neow_bonus":"TEN_PERCENT_HP_BONUS","is_daily":false,"chose_seed":false,"campfire_upgraded":7,"win_rate":0.0,"timestamp":1613008919,"path_taken":["M","?","?","$","M","E","R","M","T","?","E","R","M","?","R","BOSS","M","?","M","?","M","R","$","R","T","R","?","?","?","M","R","BOSS","M","?","M","M","$","R","$","M","T","R","M","E","R","M","R","BOSS"],"items_purchased_type":["Card","Card","Potion","Card","Card","Relic","Card"],"build_version":"2020-12-22","purchased_purges":3,"victory":true,"max_hp_per_floor":[88,93,93,93,93,93,93,93,93,93,93,93,93,93,93,93,93,93,93,93,93,93,93,93,93,93,93,93,93,93,93,93,93,93,93,93,93,93,93,93,93,93,93,93,93,93,93,93,93,93],"card_choices":[{"not_picked":["Heavy Blade","Warcry"],"picked":"Sword Boomerang","floor":1},{"not_picked":["Sword Boomerang","Heavy Blade"],"picked":"Iron Wave","floor":5},{"not_picked":["Twin Strike","Whirlwind"],"picked":"Brutality","floor":6},{"not_picked":["True Grit","Seeing Red"],"picked":"Heavy Blade","floor":8},{"not_picked":["Iron Wave","Metallicize"],"picked":"Blood for Blood","floor":11},{"not_picked":["Whirlwind","Cleave"],"picked":"Pommel Strike","floor":13},{"not_picked":["Exhume","Corruption"],"picked":"Double Tap","floor":16},{"not_picked":["Pommel Strike","Havoc"],"picked":"Intimidate","floor":18},{"not_picked":["Heavy Blade","Entrench"],"picked":"Anger","floor":20},{"not_picked":["Twin Strike","Iron Wave"],"picked":"Metallicize","floor":22},{"not_picked":["Shockwave+1","Burning Pact+1"],"picked":"Ghostly Armor","floor":29},{"not_picked":["Thunderclap+1","Twin Strike"],"picked":"Combust+1","floor":31},{"not_picked":["Feed","Barricade"],"picked":"Reaper","floor":33},{"not_picked":["Reckless Charge","Iron Wave+1"],"picked":"Heavy Blade","floor":35},{"not_picked":["Shockwave","Power Through+1"],"picked":"Twin Strike+1","floor":37},{"not_picked":["Uppercut","Warcry","Headbutt+1"],"picked":"SKIP","floor":38},{"not_picked":["Iron Wave+1","Flex"],"picked":"Inflame+1","floor":42},{"not_picked":["Headbutt","Pommel Strike+1","Infernal Blade+1"],"picked":"SKIP","floor":45},{"not_picked":["Fiend Fire","Searing Blow"],"picked":"Juggernaut","floor":46},{"not_picked":["Clothesline","Warcry+1","Thunderclap"],"picked":"SKIP","floor":48}],"player_experience":336684,"relics_obtained":[{"floor":6,"key":"Blood Vial"},{"floor":9,"key":"Gremlin Horn"},{"floor":11,"key":"Ancient Tea Set"},{"floor":14,"key":"Mummified Hand"},{"floor":26,"key":"Whetstone"},{"floor":43,"key":"StoneCalendar"},{"floor":46,"key":"Self Forming Clay"}],"event_choices":[{"damage_healed":0,"gold_gain":0,"player_choice":"Donut","damage_taken":0,"max_hp_gain":5,"max_hp_loss":0,"event_name":"Big Fish","floor":2,"gold_loss":0},{"damage_healed":0,"gold_gain":0,"player_choice":"Success","damage_taken":18,"relics_obtained":["Shuriken"],"max_hp_gain":0,"max_hp_loss":0,"event_name":"Scrap Ooze","floor":3,"gold_loss":0},{"damage_healed":0,"gold_gain":0,"player_choice":"Opened","damage_taken":0,"relics_obtained":["Old Coin"],"max_hp_gain":0,"max_hp_loss":0,"event_name":"The Mausoleum","floor":19,"gold_loss":0,"cards_obtained":["Writhe"]},{"damage_healed":0,"gold_gain":0,"player_choice":"Became a vampire (Vial)","damage_taken":0,"max_hp_gain":0,"max_hp_loss":0,"event_name":"Vampires","floor":21,"relics_lost":["Blood Vial"],"gold_loss":0,"cards_obtained":["Bite","Bite","Bite","Bite","Bite"]},{"damage_healed":0,"gold_gain":0,"player_choice":"Leave","damage_taken":0,"max_hp_gain":0,"max_hp_loss":0,"event_name":"FaceTrader","floor":28,"gold_loss":0},{"damage_healed":31,"gold_gain":0,"player_choice":"Heal","damage_taken":0,"max_hp_gain":0,"max_hp_loss":0,"event_name":"The Library","floor":30,"gold_loss":0},{"damage_healed":0,"gold_gain":0,"player_choice":"Ignored","damage_taken":0,"max_hp_gain":0,"max_hp_loss":0,"event_name":"Tomb of Lord Red Mask","floor":36,"gold_loss":0}],"is_beta":false,"boss_relics":[{"not_picked":["Mark of Pain","Tiny House"],"picked":"SlaversCollar"},{"not_picked":["Cursed Key","Runic Dome"],"picked":"Runic Cube"}],"items_purged_floors":[4,24,39],"is_endless":false,"potions_floor_spawned":[5,6,8,13,20,29,33,38,45],"ascension_level":5}}