{"host":"18wi9kpcl4eah7pe","time":1613076945,"event":{"mods":["BaseMod","Colored Powertips","Downfall","Minty Spire (QoL Compilation)","StSLib"],"gold_per_floor":[99,99,99,99,99,132,132,146,46,81,181,181,196,38,53,53,53,53],"floor_reached":16,"language":"ENG","playtime":570,"items_purged":[],"score":138,"play_id":"b332743f-665b-4f18-9684-e820d243f218","local_time":"20210211145545","is_ascension_mode":true,"campfire_choices":[{"floor":1,"key":"RECALL"},{"floor":9,"key":"REST"}],"circlet_count":0,"master_deck":["bronze:Strike","bronze:Strike","bronze:Strike","bronze:Strike","bronze:Defend","bronze:Defend","bronze:Defend","bronze:Defend","bronze:Replicate","bronze:Goto","bronze:WhirlingStrike","bronze:CutThrough","bronze:OilSpill","bronze:Branch","bronze:Philosophize","bronze:ForceShield","bronze:BronzeOrb","bronze:Fortify","bronze:DelayedGuard"],"relics":["bronze:BronzeCore","downfall:HeartsMalice","Meat on the Bone","MealTicket","downfall:HeartBlessingRed","bronze:DecasWashers","downfall:BrokenWingStatue","Sling"],"acts_visited":["Exordium"],"potions_floor_usage":[10,14,16,16],"damage_taken":[{"damage":0,"enemies":"Small Slimes","floor":2,"turns":1},{"damage":0,"enemies":"Cultist","floor":4,"turns":1},{"damage":0,"enemies":"2 Louse","floor":5,"turns":1},{"damage":40,"enemies":"Lagavulin","floor":6,"turns":5},{"damage":3,"enemies":"Blue Slaver","floor":8,"turns":3},{"damage":13,"enemies":"3 Sentries","floor":10,"turns":6},{"damage":6,"enemies":"3 Louse","floor":13,"turns":2},{"damage":5,"enemies":"downfall:FleeingMerchant","floor":14,"turns":4},{"damage":0,"enemies":"Red Slaver","floor":15,"turns":2},{"damage":127,"enemies":"DF_ARCHETYPE_STREAMLINE","floor":16,"turns":14}],"seed_played":"9123454838778167539","potions_obtained":[{"floor":6,"key":"BlessingOfTheForge"},{"floor":8,"key":"hexamod:SoulburnPotion"},{"floor":13,"key":"Weak Potion"},{"floor":15,"key":"Regen Potion"}],"is_trial":false,"path_per_floor":["R","M","?","M","M","E","T","M","R","E","?","?","M","$","M","B"],"character_chosen":"THE_AUTOMATON","items_purchased":["Sling"],"campfire_rested":1,"item_purchase_floors":[14],"current_hp_per_floor":[63,63,63,63,63,23,23,32,53,40,40,40,46,56,56,0,0,0],"gold":53,"neow_bonus":"THREE_ENEMY_KILL","is_daily":false,"chose_seed":false,"campfire_upgraded":0,"win_rate":0.0,"timestamp":1613076945,"path_taken":["R","M","?","M","?","E","T","?","R","E","?","?","M","?","M","BOSS"],"items_purchased_type":["Relic"],"build_version":"2020-12-22","purchased_purges":0,"victory":false,"max_hp_per_floor":[70,70,70,70,70,70,70,70,70,70,70,70,70,70,70,70,70,70],"card_choices":[{"not_picked":["bronze:BugBarrage","bronze:Optimize"],"picked":"bronze:WhirlingStrike","floor":2},{"not_picked":["bronze:FineTuning","bronze:Safeguard"],"picked":"bronze:CutThrough","floor":4},{"not_picked":["bronze:CutThrough","bronze:Backtrace"],"picked":"bronze:OilSpill","floor":5},{"not_picked":["bronze:Return","bronze:Refactor"],"picked":"bronze:Branch","floor":6},{"not_picked":["bronze:InfiniteBeams","bronze:WhirlingStrike"],"picked":"bronze:Philosophize","floor":8},{"not_picked":["bronze:BugBarrage","bronze:AlphaBuild"],"picked":"bronze:ForceShield","floor":10},{"not_picked":["bronze:FineTuning","bronze:OilSpill"],"picked":"bronze:BronzeOrb","floor":13},{"not_picked":["bronze:Shell","bronze:MaxOutput"],"picked":"bronze:Fortify","floor":14},{"not_picked":["bronze:FineTuning","bronze:Allocate"],"picked":"bronze:DelayedGuard","floor":15}],"player_experience":1011574,"relics_obtained":[{"floor":6,"key":"Meat on the Bone"},{"floor":7,"key":"MealTicket"},{"floor":10,"key":"bronze:DecasWashers"}],"event_choices":[],"is_beta":false,"boss_relics":[],"items_purged_floors":[],"is_endless":false,"potions_floor_spawned":[6,8,13,15],"killed_by":"DF_ARCHETYPE_STREAMLINE","ascension_level":6}}