{"host":"vex7walpoxzv48nx","time":1613078421,"event":{"mods":["AchievementEnabler","BaseMod","Highlight Path","Minty Spire (QoL Compilation)","Permanent Neow","Quick Restart","StSLib","UnlockEverythingMod"],"gold_per_floor":[14,33,33,33,47,47,63,63,63,94,111,36,36,56,56,128,128,139,139,189,207,220,248,260,284,319,331,369,381,393,393],"floor_reached":30,"language":"ENG","playtime":2303,"items_purged":[],"score":540,"play_id":"22351c77-17bf-4374-9d53-2ae60053ec2a","local_time":"20210211222021","is_ascension_mode":true,"campfire_choices":[{"data":"Neutralize","floor":6.0,"key":"SMITH"},{"data":"Dagger Spray","floor":8.0,"key":"SMITH"},{"data":"Dash","floor":15.0,"key":"SMITH"},{"floor":24,"key":"REST"},{"floor":27,"key":"REST"}],"circlet_count":0,"master_deck":["AscendersBane","Strike_G","Strike_G","Strike_G","Strike_G","Defend_G","Defend_G","Defend_G","Defend_G","Defend_G","Survivor","Neutralize+1","Phantasmal Killer+1","Blade Dance","Dagger Spray+1","Leg Sweep","Dash+1","After Image","Dagger Spray","Backflip+1","Terror","PiercingWail","Crippling Poison","Decay","Neutralize+1","Night Terror"],"relics":["Ring of the Serpent","StrikeDummy","Enchiridion","MawBank","Akabeko","Molten Egg 2"],"acts_visited":["Exordium","TheCity"],"potions_floor_usage":[22,25],"damage_taken":[{"damage":0.0,"enemies":"Small Slimes","floor":1.0,"turns":4.0},{"damage":7.0,"enemies":"2 Louse","floor":2.0,"turns":2.0},{"damage":0.0,"enemies":"Jaw Worm","floor":5.0,"turns":3.0},{"damage":0.0,"enemies":"2 Fungi Beasts","floor":7.0,"turns":3.0},{"damage":12.0,"enemies":"3 Sentries","floor":10.0,"turns":7.0},{"damage":0.0,"enemies":"3 Louse","floor":11.0,"turns":1.0},{"damage":0.0,"enemies":"Blue Slaver","floor":14.0,"turns":2.0},{"damage":9.0,"enemies":"The Guardian","floor":16.0,"turns":11.0},{"damage":12.0,"enemies":"2 Thieves","floor":18.0,"turns":4.0},{"damage":0.0,"enemies":"3 Byrds","floor":21.0,"turns":3.0},{"damage":5,"enemies":"Snake Plant","floor":22,"turns":6},{"damage":21,"enemies":"Gremlin Leader","floor":23,"turns":5},{"damage":14,"enemies":"Centurion and Healer","floor":25,"turns":3},{"damage":23,"enemies":"Book of Stabbing","floor":28,"turns":6},{"damage":9,"enemies":"Snecko","floor":30,"turns":3}],"seed_played":"-5841918275365344621","potions_obtained":[{"floor":5.0,"key":"DistilledChaos"},{"floor":10.0,"key":"LiquidBronze"},{"floor":11.0,"key":"Block Potion"},{"floor":16.0,"key":"SpeedPotion"},{"floor":21.0,"key":"DistilledChaos"},{"floor":23,"key":"Strength Potion"}],"is_trial":false,"path_per_floor":["M","M","?","?","M","R","M","R","T","E","M","?","$","M","R","B",null,"M","?","?","M","M","E","R","M","T","R","E","?","M"],"character_chosen":"THE_SILENT","items_purchased":[],"campfire_rested":2,"item_purchase_floors":[],"current_hp_per_floor":[59,52,52,57,57,57,57,57,57,45,45,45,45,45,45,36,62,50,29,29,29,24,3,24,10,10,31,8,8,0,0],"gold":393,"neow_bonus":"THREE_RARE_CARDS","is_daily":false,"chose_seed":false,"campfire_upgraded":3,"win_rate":0.0,"timestamp":1613078421,"path_taken":["M","M","?","?","M","R","?","R","T","E","M","?","$","M","R","BOSS","M","?","?","M","M","E","R","M","T","R","E","?","M"],"items_purchased_type":[],"build_version":"2020-12-22","purchased_purges":0,"victory":false,"max_hp_per_floor":[66,66,66,71,71,71,71,71,71,71,71,71,71,71,71,71,71,71,71,71,71,71,71,71,71,71,71,71,71,71,71],"card_choices":[{"not_picked":["A Thousand Cuts","Bullet Time"],"picked":"Phantasmal Killer","floor":0.0},{"not_picked":["Outmaneuver","PiercingWail"],"picked":"Blade Dance","floor":1.0},{"not_picked":["Infinite Blades","Quick Slash"],"picked":"Dagger Spray","floor":2.0},{"not_picked":["Backflip","All Out Attack","Tactician"],"picked":"SKIP","floor":5.0},{"not_picked":["Prepared","Riddle With Holes"],"picked":"Leg Sweep","floor":7.0},{"not_picked":["Concentrate","Underhanded Strike"],"picked":"Dash","floor":10.0},{"not_picked":["Deflect","Prepared","Masterful Stab"],"picked":"SKIP","floor":11.0},{"not_picked":["Underhanded Strike","Quick Slash","Choke"],"picked":"SKIP","floor":14.0},{"not_picked":["Corpse Explosion","Venomology"],"picked":"After Image","floor":16.0},{"not_picked":["Acrobatics","Outmaneuver"],"picked":"Dagger Spray","floor":18.0},{"not_picked":["Skewer","Acrobatics+1"],"picked":"Backflip+1","floor":21.0},{"not_picked":["Poisoned Stab","Quick Slash"],"picked":"Terror","floor":22},{"not_picked":["Slice","Poisoned Stab","Riddle With Holes"],"picked":"SKIP","floor":23},{"not_picked":["Deadly Poison","Prepared"],"picked":"PiercingWail","floor":25},{"not_picked":["Backflip","Escape Plan"],"picked":"Crippling Poison","floor":28}],"player_experience":296590,"relics_obtained":[{"floor":10.0,"key":"StrikeDummy"},{"floor":19.0,"key":"Enchiridion"},{"floor":23,"key":"MawBank"},{"floor":26,"key":"Akabeko"},{"floor":28,"key":"Molten Egg 2"}],"event_choices":[{"damage_healed":0.0,"max_hp_gain":0.0,"max_hp_loss":0.0,"gold_gain":0.0,"event_name":"Living Wall","player_choice":"Grow","floor":3.0,"gold_loss":0.0,"damage_taken":0.0,"cards_upgraded":["Phantasmal Killer"]},{"damage_healed":0.0,"max_hp_gain":5.0,"max_hp_loss":0.0,"gold_gain":0.0,"event_name":"Big Fish","player_choice":"Donut","floor":4.0,"gold_loss":0.0,"damage_taken":0.0},{"cards_removed":["Strike_G"],"damage_healed":0.0,"max_hp_gain":0.0,"max_hp_loss":0.0,"gold_gain":0.0,"event_name":"The Cleric","player_choice":"Card Removal","floor":12.0,"gold_loss":75.0,"damage_taken":0.0},{"damage_healed":0.0,"max_hp_gain":0.0,"max_hp_loss":0.0,"gold_gain":0.0,"event_name":"Cursed Tome","player_choice":"Obtained Book","floor":19.0,"gold_loss":0.0,"damage_taken":21.0},{"damage_healed":0.0,"max_hp_gain":0.0,"max_hp_loss":0.0,"gold_gain":50.0,"event_name":"Nest","player_choice":"Stole From Cult","floor":20.0,"gold_loss":0.0,"damage_taken":0.0},{"damage_healed":0,"gold_gain":0,"player_choice":"3 cards matched","damage_taken":0,"max_hp_gain":0,"max_hp_loss":0,"event_name":"Match and Keep!","floor":29,"gold_loss":0,"cards_obtained":["Decay","Neutralize","Night Terror"]}],"is_beta":false,"boss_relics":[{"not_picked":["Runic Dome","Calling Bell"],"picked":"Ring of the Serpent"}],"items_purged_floors":[],"is_endless":false,"potions_floor_spawned":[5,10,11,14,16,21,23],"killed_by":"Snecko","ascension_level":20}}