{"host":"avfk0uqadyfnr875","time":1613051306,"event":{"mods":["2.2 Compatiblity","Act Like it!","BaseMod","Chen","Colored Powertips","Downfall","Gensokyo","Koishi","KomeijiMod","Marisa（F雨　魔理沙）","Minty Spire (QoL Compilation)","Pale of the Ancients","Quick Restart","READ ME - Guardian Mod","Reimu（博丽灵梦）","Shop Mod","StSLib","The Animator","[功能]功能增强和修复MOD"],"gold_per_floor":[129,129,129,129,37,78,78,116,116,155,27,63,114,193,193,641,641,666,666,466,487,525,564,564,564,564,608,608,608],"floor_reached":28,"language":"ZHS","playtime":1399,"items_purged":["animator:Strike","animator:Strike","animator:Strike+1","animator:Strike_Elsword","animator:Raven+1"],"score":471,"play_id":"9b8f9095-bbe9-49df-9d35-9ab7070c8e5d","local_time":"20210211214826","is_ascension_mode":true,"campfire_choices":[{"floor":7.0,"key":"RECALL"},{"data":"animator:TanyaDegurechaff","floor":15.0,"key":"SMITH"},{"data":"animator:Laby","floor":25.0,"key":"SMITH"}],"circlet_count":0,"master_deck":["animator:Defend_Elsword","animator:Defend","animator:Defend","animator:Defend","animator:Chung","animator:TukaLunaMarceau","animator:RoryMercury","animator:Megumin","animator:Hans","animator:TanyaDegurechaff+1","animator:Lu","animator:Laby+1","animator:Aisha","animator:GoblinSlayer","animator:Rimuru","animator:GoblinSlayer","animator:Envy","animator:Ara","animator:Raven+1","animator:TanyaDegurechaff","animator:Add","animator:GuildGirl","animator:Souei","animator:Rena+1","RitualDagger","animator:Ain"],"relics":["animator:LivingPicture","animator:TheMissingPiece","NeowsBlessing","Golden Idol","Singing Bowl","Tiny Chest","Shuriken","Oddly Smooth Stone","Eternal Feather","Omamori","TwistedFunnel","Nunchaku","Happy Flower","Incense Burner","animator:ShionDessert","SlaversCollar","Strange Spoon","Art of War","Bottled Tornado","Smiling Mask","Frozen Egg 2","Gambling Chip"],"acts_visited":["Exordium","TheCity"],"potions_floor_usage":[],"damage_taken":[{"damage":0.0,"enemies":"Jaw Worm","floor":1.0,"turns":1.0},{"damage":0.0,"enemies":"Gremlin Nob","floor":6.0,"turns":1.0},{"damage":0.0,"enemies":"3 Sentries","floor":8.0,"turns":2.0},{"damage":14.0,"enemies":"Lagavulin","floor":10.0,"turns":6.0},{"damage":0.0,"enemies":"Small Slimes","floor":12.0,"turns":2.0},{"damage":4.0,"enemies":"Gremlin Nob","floor":13.0,"turns":4.0},{"damage":0.0,"enemies":"Gremlin Nob","floor":14.0,"turns":2.0},{"damage":12.0,"enemies":"The Guardian","floor":16.0,"turns":9.0},{"damage":7.0,"enemies":"Shell Parasite","floor":18.0,"turns":5.0},{"damage":9.0,"enemies":"3 Byrds","floor":21.0,"turns":3.0},{"damage":17.0,"enemies":"Snecko","floor":22.0,"turns":5.0},{"damage":22.0,"enemies":"Book of Stabbing","floor":23.0,"turns":5.0},{"damage":30.0,"enemies":"Slavers","floor":27.0,"turns":4.0},{"damage":12,"enemies":"Shelled Parasite and Fungi","floor":28,"turns":2}],"seed_played":"8719024251239701045","potions_obtained":[{"floor":1.0,"key":"JyouchiReiPotion"},{"floor":6.0,"key":"ZuzhouPotion:ReiMu"},{"floor":6.0,"key":"GamblersBrew"},{"floor":13.0,"key":"ColorlessPotion"},{"floor":13.0,"key":"RedTea"},{"floor":13.0,"key":"Fire Potion"},{"floor":13.0,"key":"Regen Potion"},{"floor":16.0,"key":"Block Potion"},{"floor":18.0,"key":"Fire Potion"},{"floor":21.0,"key":"Weak Potion"},{"floor":22.0,"key":"Strength Potion"},{"floor":22.0,"key":"Explosive Potion"}],"is_trial":false,"path_per_floor":["M","?","?","?","$","E","R","E","T","E","$","M","E","?","R","B",null,"M","?","$","M","M","E","?","R","T","E","M"],"character_chosen":"THE_ANIMATOR","items_purchased":["Tiny Chest","Shuriken","TwistedFunnel","Nunchaku","Fruit Juice","Guardian:BlockOnCardUsePotion","animator:TanyaDegurechaff","animator:TanyaDegurechaff","Regen Potion","Strange Spoon","Art of War","animator:Add","animator:GuildGirl","Bottled Tornado"],"campfire_rested":0,"item_purchase_floors":[5,5,11,11,11,11,11,20,20,20,20,20,20,20],"current_hp_per_floor":[59,46,30,23,23,24,24,24,24,10,15,16,12,19,28,16,60,54,54,54,61,44,24,18,33,33,5,0,0],"gold":608,"neow_bonus":"THREE_ENEMY_KILL","is_daily":false,"chose_seed":false,"campfire_upgraded":2,"win_rate":0.0,"timestamp":1613051306,"path_taken":["M","?","?","?","$","E","R","E","T","E","$","M","E","?","R","BOSS","M","?","$","M","M","E","?","R","T","E","M"],"items_purchased_type":["Relic","Relic","Relic","Relic","Potion","Potion","Card","Card","Potion","Relic","Relic","Card","Card","Relic"],"build_version":"2020-12-22","purchased_purges":5,"victory":false,"max_hp_per_floor":[66,66,66,66,66,67,67,67,67,67,72,73,73,75,75,75,75,76,76,76,80,80,82,82,82,82,84,84,84],"card_choices":[{"not_picked":["animator:Darkness","animator:Shuna"],"picked":"animator:TukaLunaMarceau","floor":1.0},{"not_picked":["animator:Shuna","animator:NarberalGamma","animator:Kuribayashi"],"picked":"SKIP","floor":1.0},{"not_picked":["animator:Vanir","animator:Sloth"],"picked":"animator:RoryMercury","floor":6.0},{"not_picked":["animator:YunYun","animator:Spearman"],"picked":"animator:Megumin","floor":8.0},{"not_picked":["animator:Vanir","animator:Kazuma"],"picked":"animator:Hans","floor":10.0},{"not_picked":["animator:Demiurge","animator:DwarfShaman"],"picked":"animator:Lu","floor":12.0},{"not_picked":["animator:Kuribayashi","animator:Vesta"],"picked":"animator:Laby","floor":12.0},{"not_picked":["animator:Demiurge","animator:DwarfShaman"],"picked":"animator:Aisha","floor":13.0},{"not_picked":["animator:Raven","animator:Kuribayashi","animator:Ara"],"picked":"Singing Bowl","floor":14.0},{"not_picked":["animator:Eve","animator:Ainz"],"picked":"animator:GoblinSlayer","floor":16.0},{"not_picked":["animator:Wiz","animator:Albedo"],"picked":"animator:Rimuru","floor":16.0},{"not_picked":["animator:Eris","animator:Rimuru"],"picked":"animator:GoblinSlayer","floor":16.0},{"not_picked":["animator:Wiz","animator:ItamiYouji"],"picked":"animator:Envy","floor":16.0},{"not_picked":["animator:Aisha","animator:Raven"],"picked":"animator:Ara","floor":18.0},{"not_picked":["animator:YaoHaDucy","animator:Vanir"],"picked":"animator:Raven+1","floor":18.0},{"not_picked":["animator:Vanir","animator:ElricAlphonse","animator:Cocytus"],"picked":"Singing Bowl","floor":21.0},{"not_picked":["animator:Cocytus","animator:ElricAlphonse","animator:Hakurou"],"picked":"Singing Bowl","floor":21.0},{"not_picked":["animator:Wiz","animator:Raven"],"picked":"animator:Souei","floor":22.0},{"not_picked":["animator:LizardPriest","animator:Demiurge"],"picked":"animator:Rena+1","floor":22.0},{"not_picked":["animator:Aisha","animator:Kuribayashi","animator:RoyMustang"],"picked":"Singing Bowl","floor":23.0},{"not_picked":["animator:Ara","animator:Ciel"],"picked":"animator:Ain","floor":27.0}],"player_experience":387510,"relics_obtained":[{"floor":6.0,"key":"Oddly Smooth Stone"},{"floor":8.0,"key":"Eternal Feather"},{"floor":10.0,"key":"Omamori"},{"floor":13.0,"key":"Happy Flower"},{"floor":14.0,"key":"Incense Burner"},{"floor":16.0,"key":"animator:ShionDessert"},{"floor":23.0,"key":"Smiling Mask"},{"floor":26.0,"key":"Frozen Egg 2"},{"floor":27.0,"key":"Gambling Chip"}],"event_choices":[{"damage_healed":0.0,"max_hp_gain":0.0,"max_hp_loss":0.0,"gold_gain":0.0,"event_name":"Shining Light","player_choice":"Entered Light","floor":2.0,"gold_loss":0.0,"damage_taken":13.0,"cards_upgraded":["animator:Strike","animator:Raven"]},{"damage_healed":0.0,"max_hp_gain":0.0,"max_hp_loss":0.0,"gold_gain":0.0,"event_name":"Golden Idol","player_choice":"Take Damage","floor":3.0,"gold_loss":0.0,"damage_taken":16.0,"relics_obtained":["Golden Idol"]},{"damage_healed":0.0,"max_hp_gain":0.0,"max_hp_loss":0.0,"gold_gain":0.0,"event_name":"Scrap Ooze","player_choice":"Success","floor":4.0,"gold_loss":0.0,"damage_taken":7.0,"relics_obtained":["Singing Bowl"]},{"damage_healed":0.0,"max_hp_gain":0.0,"max_hp_loss":0.0,"gold_gain":0.0,"event_name":"Dead Adventurer","player_choice":"Searched \u00271\u0027 times","floor":14.0,"gold_loss":0.0,"damage_taken":0.0},{"damage_healed":0.0,"max_hp_gain":0.0,"max_hp_loss":0.0,"gold_gain":0.0,"event_name":"Nest","player_choice":"Joined the Cult","floor":24.0,"gold_loss":0.0,"damage_taken":6.0,"cards_obtained":["RitualDagger"]}],"is_beta":false,"boss_relics":[{"not_picked":["Astrolabe","animator:RacePiece"],"picked":"SlaversCollar"}],"items_purged_floors":[5,5,20,20,20],"is_endless":false,"potions_floor_spawned":[1,6,6,8,12,13,13,13,13,16,18,21,22,22],"killed_by":"Shelled Parasite and Fungi","ascension_level":7}}