{"host":"lx933ja015x1ub68","time":1613028638,"event":{"mods":["AchievementEnabler","BaseMod","Better Match","Better Third Choice","BetterRewards","Colored Map","Exacting","FTL Soundtrack","Minty Spire (QoL Compilation)","Shop Mod","StSLib"],"gold_per_floor":[114,79,94,109,124,124,174,24,24,39,39,39,54,84,84,184,184,154,154,169,184,211,253,265,277,339,366,378,420,432,444,456,568,580,607,634,646,36,36,36],"floor_reached":39,"language":"ENG","playtime":3940,"items_purged":[],"score":531,"play_id":"15a3b7eb-0a50-49f0-a92c-a02a876ae02b","local_time":"20210211183038","daily_mods":["Allstar","Vintage","Binary"],"is_ascension_mode":false,"campfire_choices":[{"data":"Vigilance","floor":6.0,"key":"SMITH"},{"floor":15.0,"key":"REST"},{"floor":24.0,"key":"REST"},{"floor":28.0,"key":"REST"},{"data":"TalkToTheHand","floor":32.0,"key":"SMITH"}],"circlet_count":0,"master_deck":["Strike_P+1","Strike_P+1","Strike_P+1","Strike_P+1","Defend_P+1","Defend_P+1","Defend_P+1","Defend_P+1","Eruption","Vigilance+1","Swift Strike","Dark Shackles","Sadistic Nature","Master of Strategy","Panacea","Consecrate","ThirdEye","Devotion+1","EmptyFist","Shame","TalkToTheHand+1","Magnetism+1","Regret","Writhe","Devotion+1","Enlightenment","Discovery","Dramatic Entrance","Thinking Ahead","Finesse","WindmillStrike","Study+1","EmptyMind","ForeignInfluence"],"relics":["PureWater","Frozen Egg 2","betterThird:SlimedRelic","Anchor","Art of War","Toy Ornithopter","Boot","Lantern","Matryoshka","Akabeko","Kunai","Oddly Smooth Stone","Cursed Key","Meat on the Bone","TeardropLocket","PreservedInsect","InkBottle","Regal Pillow","Bronze Scales","Torii","Ornamental Fan","Busted Crown","Happy Flower","MerchantsRug","ClockworkSouvenir"],"acts_visited":["Exordium","TheCity","TheBeyond"],"potions_floor_usage":[],"damage_taken":[{"damage":1.0,"enemies":"2 Louse","floor":1.0,"turns":4.0},{"damage":0.0,"enemies":"Jaw Worm","floor":3.0,"turns":2.0},{"damage":1.0,"enemies":"Cultist","floor":4.0,"turns":5.0},{"damage":0.0,"enemies":"Exordium Wildlife","floor":5.0,"turns":3.0},{"damage":27.0,"enemies":"3 Sentries","floor":7.0,"turns":14.0},{"damage":0.0,"enemies":"Looter","floor":10.0,"turns":4.0},{"damage":2.0,"enemies":"Large Slime","floor":13.0,"turns":4.0},{"damage":21.0,"enemies":"Lagavulin","floor":14.0,"turns":10.0},{"damage":1.0,"enemies":"Hexaghost","floor":16.0,"turns":10.0},{"damage":14.0,"enemies":"2 Thieves","floor":18.0,"turns":5.0},{"damage":6.0,"enemies":"Spheric Guardian","floor":20.0,"turns":5.0},{"damage":8.0,"enemies":"Centurion and Healer","floor":21.0,"turns":6.0},{"damage":4.0,"enemies":"Cultist and Chosen","floor":22.0,"turns":8.0},{"damage":30.0,"enemies":"Gremlin Leader","floor":23.0,"turns":8.0},{"damage":13.0,"enemies":"Shelled Parasite and Fungi","floor":27.0,"turns":7.0},{"damage":3.0,"enemies":"Book of Stabbing","floor":29.0,"turns":4.0},{"damage":52.0,"enemies":"Collector","floor":33.0,"turns":12.0},{"damage":34.0,"enemies":"3 Shapes","floor":35.0,"turns":5.0},{"damage":26.0,"enemies":"3 Darklings","floor":36.0,"turns":5.0},{"damage":36,"enemies":"Sphere and 2 Shapes","floor":39,"turns":4}],"seed_played":"-587577638262706789","potions_obtained":[{"floor":1.0,"key":"Fruit Juice"},{"floor":3.0,"key":"Weak Potion"},{"floor":4.0,"key":"Block Potion"},{"floor":14.0,"key":"BlessingOfTheForge"},{"floor":16.0,"key":"Fruit Juice"},{"floor":18.0,"key":"EssenceOfSteel"},{"floor":22.0,"key":"PowerPotion"},{"floor":23.0,"key":"GamblersBrew"},{"floor":36.0,"key":"Ambrosia"}],"is_trial":false,"path_per_floor":["M","?","M","M","M","R","E","$","T","M","?","$","M","E","R","B",null,"M","?","M","M","M","E","R","?","T","M","R","E","?","?","R","B",null,"M","M","?","$","M"],"character_chosen":"WATCHER","items_purchased":["Lantern","MerchantsRug","ClockworkSouvenir","Thinking Ahead","Finesse","WindmillStrike","Study+1","EmptyMind","ForeignInfluence"],"campfire_rested":3,"item_purchase_floors":[8,38,38,38,38,38,38,38,38],"current_hp_per_floor":[71,60,65,64,64,64,47,47,47,47,47,47,45,24,47,51,77,68,68,62,54,50,42,66,66,66,53,82,79,79,79,79,39,82,58,44,34,34,0,0],"gold":36,"neow_bonus":"","is_daily":true,"chose_seed":false,"campfire_upgraded":2,"win_rate":0.0,"timestamp":1613028638,"path_taken":["M","?","M","M","M","R","E","$","T","M","?","?","?","E","R","BOSS","M","?","M","M","M","E","R","?","T","M","R","E","?","?","R","BOSS","M","M","?","?","?"],"items_purchased_type":["Relic","Relic","Relic","Card","Card","Card","Card","Card","Card"],"build_version":"2020-12-22","purchased_purges":0,"victory":false,"max_hp_per_floor":[72,72,77,77,77,77,77,77,77,77,77,77,77,77,77,77,77,82,82,82,82,82,82,82,82,82,82,82,82,82,82,82,82,82,92,92,92,92,92,92],"card_choices":[{"not_picked":["SandsOfTime"],"picked":"Consecrate","floor":7.0},{"not_picked":["Wireheading+1"],"picked":"ThirdEye","floor":14.0},{"not_picked":["LessonLearned"],"picked":"Devotion+1","floor":16.0},{"not_picked":["WreathOfFlame"],"picked":"EmptyFist","floor":23.0},{"not_picked":["Vengeance+1","ThirdEye"],"picked":"TalkToTheHand","floor":29.0},{"not_picked":["ConjureBlade","Wish"],"picked":"Devotion+1","floor":33.0},{"not_picked":[],"picked":"Enlightenment","floor":37.0},{"not_picked":[],"picked":"Discovery","floor":37.0},{"not_picked":[],"picked":"Dramatic Entrance","floor":37.0}],"player_experience":52811,"relics_obtained":[{"floor":1.0,"key":"Frozen Egg 2"},{"floor":3.0,"key":"Anchor"},{"floor":4.0,"key":"Art of War"},{"floor":5.0,"key":"Toy Ornithopter"},{"floor":7.0,"key":"Boot"},{"floor":9.0,"key":"Matryoshka"},{"floor":10.0,"key":"Akabeko"},{"floor":13.0,"key":"Kunai"},{"floor":14.0,"key":"Oddly Smooth Stone"},{"floor":18.0,"key":"Prayer Wheel"},{"floor":20.0,"key":"Meat on the Bone"},{"floor":21.0,"key":"MawBank"},{"floor":22.0,"key":"TeardropLocket"},{"floor":23.0,"key":"Question Card"},{"floor":26.0,"key":"InkBottle"},{"floor":26.0,"key":"Regal Pillow"},{"floor":27.0,"key":"Bronze Scales"},{"floor":29.0,"key":"Torii"},{"floor":35.0,"key":"Pear"},{"floor":36.0,"key":"Happy Flower"}],"event_choices":[{"damage_healed":0.0,"max_hp_gain":0.0,"max_hp_loss":0.0,"gold_gain":0.0,"event_name":"betterThird:BetterGoop","player_choice":"Slimed","floor":2.0,"gold_loss":35.0,"damage_taken":11.0},{"damage_healed":47.0,"max_hp_gain":0.0,"max_hp_loss":77.0,"gold_gain":0.0,"event_name":"betterThird:BetterShining","player_choice":"Embrace Burn","floor":11.0,"gold_loss":0.0,"damage_taken":0.0},{"damage_healed":0.0,"max_hp_gain":0.0,"max_hp_loss":8.0,"gold_gain":0.0,"event_name":"betterThird:BetterWriting","player_choice":"Simplicity","floor":19.0,"gold_loss":0.0,"damage_taken":0.0},{"damage_healed":0.0,"max_hp_gain":0.0,"max_hp_loss":0.0,"gold_gain":0.0,"event_name":"Addict","player_choice":"Stole Relic","floor":25.0,"gold_loss":0.0,"damage_taken":0.0,"relics_obtained":["PreservedInsect"],"cards_obtained":["Shame"]},{"damage_healed":0.0,"max_hp_gain":0.0,"max_hp_loss":0.0,"gold_gain":0.0,"cards_transformed":["Burn","Shame"],"event_name":"Drug Dealer","player_choice":"Became Test Subject","floor":30.0,"gold_loss":0.0,"damage_taken":0.0,"cards_obtained":["Magnetism","Regret"]},{"damage_healed":0.0,"max_hp_gain":0.0,"max_hp_loss":0.0,"gold_gain":0.0,"event_name":"The Mausoleum","player_choice":"Opened","floor":31.0,"gold_loss":0.0,"damage_taken":0.0,"relics_obtained":["Ornamental Fan"],"cards_obtained":["Writhe"]},{"damage_healed":0.0,"max_hp_gain":0.0,"max_hp_loss":0.0,"gold_gain":0.0,"event_name":"SensoryStone","player_choice":"Memory 3","floor":37.0,"gold_loss":0.0,"damage_taken":10.0}],"is_beta":false,"boss_relics":[{"not_picked":["SlaversCollar","SacredBark"],"picked":"Cursed Key"},{"not_picked":["Coffee Dripper","Runic Dome"],"picked":"Busted Crown"}],"items_purged_floors":[],"is_endless":false,"potions_floor_spawned":[1,3,4,14,16,18,22,23,36],"killed_by":"Sphere and 2 Shapes","ascension_level":0}}