{"host":"b3acx0fd85ri4t7i","time":1613049585,"event":{"mods":["Act Like it!","Ascension Reborn","Aspiration","BaseMod","Challenge The Spire","Colored Powertips","Conspire","Minty Spire (QoL Compilation)","MostiFishMod","Quick Restart","Relic Stats","Remilia（蕾米莉亚）","Replay The Spire","Shop Mod","Spicy Shops","StSLib","TestMod","The Bladedancer","The Hierophant","The Runesmith","The Servant 0.9.4","[IsaacMod]以撒尖塔","【功能Mod】混沌之环修复补丁","【遗物卡牌】REMEMod","篝火指南"],"gold_per_floor":[114,114,114,214,229,154,169,19,19,34,34,34,53,91,91,216,216,235,254,273,273,292,330,41,60,110,129,54,92,92,111,36,161,161,180,199,199],"floor_reached":36,"language":"ZHS","playtime":2210,"items_purged":["Defend_S"],"score":533,"play_id":"745c13af-7a52-400e-9171-fc7af9dcddba","local_time":"20210211211945","daily_mods":["Allstar","ControlledChaos","Binary"],"is_ascension_mode":false,"campfire_choices":[{"floor":15,"key":"DIG"}],"circlet_count":0,"master_deck":["Strike_S","Strike_S","Strike_S","Strike_S","Defend_S","Defend_S","Defend_S","KidneyShot","Exchange","EpicFetus","testmod-FightingIntention","Panache","MostiFishMod:ButterFly","testmod-PowerStrike","MostiFishMod:Kaleido","REME_LeechingPoison","Starlight","Potential","FlawlessForm","InstantArmor","Starlight","BestPractice","BestPractice","FlawlessForm","Potential","Orbit+1","testmod-DisillusionmentEcho","Enlightenment","Solidify","SilverMatrix","Luminosity","Rearm","FloweringNight","Rearm"],"relics":["Uniform","Frozen Eye","HushsDoor","testmod-TestBox","DaveBox","REME_ComplimentaryCards","YumHeart","SynthV","SynthV:TestCard","Bronze Scales","aspiration:HiddenCompartment","Pan","AntiCross","Golden Idol","Replay:Wax Seal","testmod-AssaultLearning","MagicMushroom","GnawedLeaf","ReplayTheSpireMod:TigerMarble","Orrery","testmod-Fortitude","Singing Bowl","testmod-BatchProcessingSystem"],"acts_visited":["Exordium","TheCity","TheBeyond"],"potions_floor_usage":[],"damage_taken":[{"damage":10,"enemies":"Small Slimes","floor":1,"turns":3},{"damage":6,"enemies":"2 Louse","floor":5,"turns":1},{"damage":3,"enemies":"Jaw Worm","floor":7,"turns":2},{"damage":0,"enemies":"Red Slaver","floor":10,"turns":2},{"damage":0,"enemies":"Exordium Wildlife","floor":13,"turns":2},{"damage":20,"enemies":"3 Sentries","floor":14,"turns":4},{"damage":0,"enemies":"Slime Boss","floor":16,"turns":5},{"damage":0,"enemies":"Spheric Guardian","floor":18,"turns":3},{"damage":5,"enemies":"2 Thieves","floor":19,"turns":3},{"damage":0,"enemies":"Cultist and Chosen","floor":20,"turns":3},{"damage":0,"enemies":"Snecko","floor":22,"turns":3},{"damage":2,"enemies":"Gremlin Leader","floor":23,"turns":6},{"damage":0,"enemies":"conspire:HollyBat","floor":25,"turns":4},{"damage":0,"enemies":"Cultist and Chosen","floor":27,"turns":3},{"damage":0,"enemies":"Replay:Snechameleon","floor":29,"turns":3},{"damage":0,"enemies":"Shelled Parasite and Fungi","floor":31,"turns":1},{"damage":0,"enemies":"Collector","floor":33,"turns":5},{"damage":3,"enemies":"3 Shapes","floor":35,"turns":3},{"damage":0,"enemies":"3 Darklings","floor":36,"turns":4}],"seed_played":"-587577638262706789","potions_obtained":[{"floor":1,"key":"testmod-EscapePotion"},{"floor":10,"key":"FearPotion"},{"floor":14,"key":"Languid Potion"}],"is_trial":false,"path_per_floor":["M","?","$","?","M","R","M","$","T","M","?","?","M","E","R","B",null,"M","M","M","?","M","E","R","M","T","M","R","E","T","M","R","B",null,"M","M"],"character_chosen":"THE_SERVANT","items_purchased":["aspiration:HiddenCompartment","Pan","testmod-DisillusionmentEcho","Enlightenment","Orrery"],"campfire_rested":0,"item_purchase_floors":[6,8,24,24,28],"current_hp_per_floor":[65,62,62,62,59,59,64,64,64,65,49,49,49,51,51,65,72,72,67,68,61,72,70,70,72,72,72,72,72,72,72,72,72,72,71,72,72],"gold":199,"neow_bonus":"","is_daily":true,"chose_seed":false,"campfire_upgraded":0,"win_rate":0.0,"timestamp":1613049585,"path_taken":["M","?","$","?","M","R","M","$","T","M","?","?","?","E","R","BOSS","M","M","M","?","M","E","R","M","T","M","R","E","?","?","R","BOSS","M","M"],"items_purchased_type":["Relic","Relic","Card","Card","Relic"],"build_version":"2020-12-22","purchased_purges":1,"victory":false,"max_hp_per_floor":[65,65,65,65,65,65,65,65,65,65,65,65,65,65,65,65,72,72,72,72,72,72,72,72,72,72,72,72,72,72,72,72,72,72,74,74,74],"relic_stats":{"Singing Bowl":2,"counters":[19,60],"Golden Idol":114,"Bronze Scales":[127],"obtain_stats":[{"KeepersGift":0,"testmod-TestBox":0,"DaveBox":0,"Singing Bowl":30,"SynthV":0,"Golden Idol":11,"GnawedLeaf":23,"testmod-BatchProcessingSystem":34,"Uniform":0,"aspiration:HiddenCompartment":6,"testmod-Fortitude":29,"Frozen Eye":0,"YumHeart":0,"SynthV:TestCard":1,"Bronze Scales":2,"testmod-AssaultLearning":15,"MagicMushroom":17,"Orrery":28,"AntiCross":9,"ReplayTheSpireMod:TigerMarble":26,"Pan":8,"Replay:Wax Seal":14,"HushsDoor":0,"REME_ComplimentaryCards":0},{"KeepersGift":0,"testmod-TestBox":0,"DaveBox":0,"Singing Bowl":15,"SynthV":0,"Golden Idol":4,"GnawedLeaf":12,"testmod-BatchProcessingSystem":17,"Uniform":0,"aspiration:HiddenCompartment":2,"testmod-Fortitude":15,"Frozen Eye":0,"YumHeart":0,"SynthV:TestCard":1,"Bronze Scales":1,"testmod-AssaultLearning":6,"MagicMushroom":7,"Orrery":14,"AntiCross":3,"ReplayTheSpireMod:TigerMarble":13,"Pan":3,"Replay:Wax Seal":6,"HushsDoor":0,"REME_ComplimentaryCards":0},{"KeepersGift":0,"testmod-TestBox":0,"DaveBox":0,"Singing Bowl":47,"SynthV":0,"Golden Idol":8,"GnawedLeaf":37,"testmod-BatchProcessingSystem":53,"Uniform":0,"aspiration:HiddenCompartment":4,"testmod-Fortitude":47,"Frozen Eye":0,"YumHeart":0,"SynthV:TestCard":3,"Bronze Scales":3,"testmod-AssaultLearning":14,"MagicMushroom":19,"Orrery":44,"AntiCross":6,"ReplayTheSpireMod:TigerMarble":41,"Pan":6,"Replay:Wax Seal":14,"HushsDoor":0,"REME_ComplimentaryCards":0}]},"card_choices":[{"not_picked":[],"picked":"EpicFetus","floor":0},{"not_picked":["Unruled"],"picked":"Starlight","floor":1},{"not_picked":["Shuttle","FastForward","ShatteredReality"],"picked":"Potential","floor":4},{"not_picked":["Sabotage","Revamp","FastForward"],"picked":"FlawlessForm","floor":5},{"not_picked":["Read","Moondial","Rearm"],"picked":"InstantArmor","floor":7},{"not_picked":["Replace","Unruled","DoubleEdge"],"picked":"Starlight","floor":10},{"not_picked":["Sabotage","Bomb","Advance"],"picked":"BestPractice","floor":13},{"not_picked":["Bomb","Luminosity","Read"],"picked":"BestPractice","floor":14},{"not_picked":["KillingDoll","LightFlow","ForgedInTime"],"picked":"FlawlessForm","floor":16},{"not_picked":["FastForward","Revamp","InstantArmor+1","Read","DoubleEdge"],"picked":"SKIP","floor":18},{"not_picked":["Alleviate","Moondial","ReturningBlade"],"picked":"Potential","floor":19},{"not_picked":["ShatteredReality","Alleviate","Replace","Rewind+1"],"picked":"SKIP","floor":20},{"not_picked":["TimeWarp+1","Snipe","Starlight+1","Alleviate"],"picked":"SKIP","floor":22},{"not_picked":["FastForward+1","Defy","Rewind"],"picked":"Orbit+1","floor":23},{"not_picked":["Ricochet","Unruled+1","SilverBlades"],"picked":"Solidify","floor":25},{"not_picked":["WasteNot+1","Misdirection+1","Contraction","Defy+1"],"picked":"SKIP","floor":27},{"not_picked":["ShatteredReality","Ricochet","Rewind+1"],"picked":"SilverMatrix","floor":28},{"not_picked":["KillingDoll","Ricochet","Defy"],"picked":"Luminosity","floor":29},{"not_picked":["Ricochet","Potential","DoubleEdge"],"picked":"Rearm","floor":31},{"not_picked":["Sunlight","Initiator","Deny"],"picked":"FloweringNight","floor":33},{"not_picked":["SpecialFormula","TimeWarp","Rearm","BottledTime"],"picked":"Singing Bowl","floor":35},{"not_picked":["Gouge+1","Replace+1","Rewind+1"],"picked":"Rearm","floor":36}],"player_experience":332430,"relics_obtained":[{"floor":1,"key":"SynthV:TestCard"},{"floor":9,"key":"AntiCross"},{"floor":14,"key":"Replay:Wax Seal"},{"floor":15,"key":"testmod-AssaultLearning"},{"floor":23,"key":"GnawedLeaf"},{"floor":26,"key":"ReplayTheSpireMod:TigerMarble"},{"floor":29,"key":"testmod-Fortitude"},{"floor":30,"key":"Singing Bowl"}],"event_choices":[{"damage_healed":0,"gold_gain":0,"player_choice":"Success","damage_taken":3,"relics_obtained":["Bronze Scales"],"max_hp_gain":0,"max_hp_loss":0,"event_name":"Scrap Ooze","floor":2,"gold_loss":0},{"damage_healed":0,"gold_gain":0,"player_choice":"Take Damage","damage_taken":16,"relics_obtained":["Golden Idol"],"max_hp_gain":0,"max_hp_loss":0,"event_name":"Golden Idol","floor":11,"gold_loss":0},{"damage_healed":0,"gold_gain":0,"player_choice":"Disagree","damage_taken":0,"max_hp_gain":0,"max_hp_loss":0,"event_name":"conspire:LoneGhost","floor":12,"gold_loss":0},{"damage_healed":0,"gold_gain":0,"player_choice":"Ignored","damage_taken":7,"max_hp_gain":0,"max_hp_loss":0,"event_name":"恩洛斯的盘子","floor":21,"gold_loss":0}],"is_beta":false,"boss_relics":[{"not_picked":["JellyFishMachine","testmod-HarvestTotem"],"picked":"MagicMushroom"},{"not_picked":[]},{"not_picked":["conspire:RunicOctahedron","REME_DemonsWealth"],"picked":"testmod-BatchProcessingSystem"},{"not_picked":[]}],"items_purged_floors":[32],"is_endless":false,"potions_floor_spawned":[1,10,14,18,19,23,29],"killed_by":"3 Darklings","ascension_level":0}}