{"host":"8fuipfsvjht9cgcs","time":1613009936,"event":{"mods":["AchievementEnabler","BaseMod","Colored Map","Colored Powertips","DeckTracker","Friendly Minions","Kiyohime£¨?ýï£©","Marisa£¨Ùöéë¡¡Øª×âÞÞ£©","Minty Spire (QoL Compilation)","Prisma Mod","StSLib","SuperFastMode","The Cursed","The Gatherer"],"gold_per_floor":[116,134,134,134,145,170,189,203,203,0,0,0,27,102,102,199,199,209,225,241,36,53,65,99,99,99,24,24,24],"floor_reached":28,"language":"KOR","playtime":3051,"items_purged":["Strike_B"],"score":358,"play_id":"fa92dcb1-276f-4e1d-8a18-f873ba578138","local_time":"20210211151856","is_ascension_mode":true,"campfire_choices":[{"data":"Genetic Algorithm","floor":11,"key":"SMITH"},{"data":"Beam Cell","floor":15,"key":"SMITH"}],"circlet_count":0,"master_deck":["Strike_B","Strike_B","Defend_B","Defend_B","Defend_B","Zap","Dualcast","Dramatic Entrance","Leap","Beam Cell+1","Sweeping Beam","BootSequence","Conserve Battery","Genetic Algorithm+1","Echo Form","Turbo","All For One","Creative AI","Go for the Eyes+1","FTL","FTL","Dramatic Entrance","FTL","White Noise","Gash"],"relics":["Cracked Core","Thread and Needle","Sundial","Potion Belt","Sozu","Mummified Hand","Turnip"],"acts_visited":["Exordium","TheCity"],"potions_floor_usage":[16],"damage_taken":[{"damage":0,"enemies":"2 Louse","floor":1,"turns":2},{"damage":0,"enemies":"Small Slimes","floor":2,"turns":3},{"damage":0,"enemies":"Jaw Worm","floor":5,"turns":2},{"damage":32,"enemies":"Gremlin Nob","floor":6,"turns":4},{"damage":0,"enemies":"Large Slime","floor":7,"turns":4},{"damage":0,"enemies":"Looter","floor":8,"turns":2},{"damage":0,"enemies":"3 Sentries","floor":13,"turns":5},{"damage":22,"enemies":"Hexaghost","floor":16,"turns":9},{"damage":2,"enemies":"3 Byrds","floor":18,"turns":5},{"damage":0,"enemies":"Chosen","floor":19,"turns":5},{"damage":12,"enemies":"Centurion and Healer","floor":20,"turns":7},{"damage":9,"enemies":"Shelled Parasite and Fungi","floor":22,"turns":6},{"damage":0,"enemies":"Chosen and Byrds","floor":23,"turns":6},{"damage":31,"enemies":"Book of Stabbing","floor":24,"turns":5},{"damage":8,"enemies":"Colosseum Slavers","floor":28,"turns":1}],"seed_played":"-4412415487554248094","potions_obtained":[{"floor":2,"key":"GamblersBrew"},{"floor":7,"key":"DuplicationPotion"}],"is_trial":false,"path_per_floor":["M","M","?","?","M","E","M","M","T","$","R","$","E","?","R","B",null,"M","M","M","$","M","M","E","?","T","?","?"],"character_chosen":"DEFECT","items_purchased":["Echo Form","Turbo","FTL","Dramatic Entrance"],"campfire_rested":0,"item_purchase_floors":[10,10,21,21],"current_hp_per_floor":[68,68,68,73,73,41,41,41,41,41,41,41,41,30,30,8,62,60,60,48,48,39,39,8,8,8,8,0,0],"gold":24,"neow_bonus":"RANDOM_COLORLESS","is_daily":false,"chose_seed":false,"campfire_upgraded":2,"win_rate":0.0,"timestamp":1613009936,"path_taken":["M","M","?","?","M","E","M","M","T","$","R","?","E","?","R","BOSS","M","M","M","$","M","M","E","?","T","?","?"],"items_purchased_type":["Card","Card","Card","Card"],"build_version":"2020-12-22","purchased_purges":1,"victory":false,"max_hp_per_floor":[75,75,75,80,80,80,80,80,80,80,80,80,80,80,80,80,80,80,80,80,80,80,80,80,80,80,80,80,80],"card_choices":[{"not_picked":["Impatience","Enlightenment"],"picked":"Dramatic Entrance","floor":0},{"not_picked":["Hologram","Compile Driver"],"picked":"Leap","floor":1},{"not_picked":["Hello World","Compile Driver"],"picked":"Beam Cell","floor":2},{"not_picked":["Thunder Strike","Coolheaded"],"picked":"Sweeping Beam","floor":5},{"not_picked":["Undo","Beam Cell"],"picked":"BootSequence","floor":6},{"not_picked":["Compile Driver","Steam"],"picked":"Conserve Battery","floor":7},{"not_picked":["Gash","Tempest"],"picked":"Genetic Algorithm","floor":8},{"not_picked":["Streamline","Go for the Eyes"],"picked":"All For One","floor":13},{"not_picked":["Electrodynamics","Fission"],"picked":"Creative AI","floor":16},{"not_picked":["Compile Driver","Steam Power+1"],"picked":"Go for the Eyes+1","floor":18},{"not_picked":["Leap","Undo"],"picked":"FTL","floor":19},{"not_picked":["Aggregate","Doom and Gloom","Barrage"],"picked":"SKIP","floor":20},{"not_picked":["Blizzard","Redo"],"picked":"FTL","floor":22},{"not_picked":["Hologram","Chill"],"picked":"White Noise","floor":23},{"not_picked":["Sweeping Beam+1","Beam Cell"],"picked":"Gash","floor":24}],"player_experience":492918,"relics_obtained":[{"floor":6,"key":"Thread and Needle"},{"floor":9,"key":"Sundial"},{"floor":13,"key":"Potion Belt"},{"floor":24,"key":"Mummified Hand"},{"floor":26,"key":"Turnip"}],"event_choices":[{"cards_removed":["Defend_B"],"damage_healed":0,"gold_gain":0,"player_choice":"Forget","damage_taken":0,"max_hp_gain":0,"max_hp_loss":0,"event_name":"Living Wall","floor":3,"gold_loss":0},{"damage_healed":0,"gold_gain":0,"player_choice":"Donut","damage_taken":0,"max_hp_gain":5,"max_hp_loss":0,"event_name":"Big Fish","floor":4,"gold_loss":0},{"damage_healed":0,"gold_gain":75,"player_choice":"Gather Gold","damage_taken":11,"max_hp_gain":0,"max_hp_loss":0,"event_name":"World of Goop","floor":14,"gold_loss":0},{"damage_healed":0,"gold_gain":0,"player_choice":"Ignored","damage_taken":0,"max_hp_gain":0,"max_hp_loss":0,"event_name":"Vampires","floor":25,"gold_loss":0},{"cards_removed":["Strike_B"],"damage_healed":0,"gold_gain":0,"player_choice":"Gave Gold","damage_taken":0,"max_hp_gain":0,"max_hp_loss":0,"event_name":"Beggar","floor":27,"gold_loss":75},{"damage_healed":0,"gold_gain":0,"player_choice":"Fight","damage_taken":0,"max_hp_gain":0,"max_hp_loss":0,"event_name":"Colosseum","floor":28,"gold_loss":0}],"is_beta":false,"boss_relics":[{"not_picked":["Calling Bell","Inserter"],"picked":"Sozu"}],"items_purged_floors":[21],"is_endless":false,"potions_floor_spawned":[2,7,18,23,24],"killed_by":"Colosseum Slavers","ascension_level":6}}