{"host":"ve5hox67eka4rdnb","time":1613045994,"event":{"mods":["ATMod(∞¢Ë™Mod)","AchievementEnabler","Act Like it!","BaseMod","Downfall","Gensokyo","Hermit","Lobotomy","LobotomyExtend","Marisa£®ÏF”Í°°ƒß¿Ì…≥£©","Minty Spire (QoL Compilation)","Quick Restart","Remilia£®¿Ÿ√◊¿Ú—«£©","Replay The Spire","Shop Mod","StSLib","The Servant 0.9.4"],"gold_per_floor":[128,157,179,191,218,230,267,279,316,328,352,380,392,404,416,531,543,572,603,615,615],"floor_reached":20,"language":"ZHS","playtime":864,"items_purged":[],"score":176,"play_id":"72f64309-9780-4acc-a200-57cca5395894","local_time":"20210211201954","is_ascension_mode":false,"campfire_choices":[],"circlet_count":0,"master_deck":["SpecialBullet","SpecialBullet","SpecialBullet","SpecialBullet","SpecialBullet","SpecialBullet","SpecialBullet","ControlCode","InformationCode","TrainingCode","AT_MachinaRedman","UniverseFragment","WallGazer","CrumblingArmor","BloodyDesire+1","Penitence","OldLady","Penitence+1","BloodyDesire","SpiderBud","Defend_R","ParadiseLost","Ecstasy+1","TT2Protocol","Penitence"],"relics":["CogitoBucket","AT_ATBox","MawBank","LetterFromLob","Bag of Marbles","BehaviorAdjustment","AT_TrinityForce"],"acts_visited":["Exordium","TheCity"],"potions_floor_usage":[16,16,20],"damage_taken":[{"damage":0,"enemies":"Cultist","floor":1,"turns":2},{"damage":8,"enemies":"Jaw Worm","floor":2,"turns":2},{"damage":9,"enemies":"2 Louse","floor":3,"turns":2},{"damage":6,"enemies":"Gremlin Gang","floor":5,"turns":2},{"damage":22,"enemies":"Lagavulin","floor":7,"turns":4},{"damage":15,"enemies":"Red Slaver","floor":11,"turns":5},{"damage":0,"enemies":"3 Louse","floor":12,"turns":1},{"damage":15,"enemies":"Hexaghost","floor":16,"turns":4},{"damage":0,"enemies":"Shell Parasite","floor":18,"turns":2},{"damage":0,"enemies":"Spheric Guardian","floor":19,"turns":2},{"damage":71,"enemies":"Shelled Parasite and Fungi","floor":20,"turns":6}],"seed_played":"-1614095529117510938","potions_obtained":[{"floor":7,"key":"Swift Potion"},{"floor":12,"key":"bronze:BurnAndBuffPotion"},{"floor":19,"key":"ColorlessPotion"}],"is_trial":false,"path_per_floor":["M","M","M","?","M","R","E","R","T","?","M","M","R","?","R","B",null,"M","M","M"],"character_chosen":"Angela","items_purchased":[],"campfire_rested":0,"item_purchase_floors":[],"current_hp_per_floor":[70,62,53,53,47,47,25,25,25,25,10,10,10,10,31,16,70,70,70,0,0],"gold":615,"neow_bonus":"RANDOM_COMMON_RELIC","is_daily":false,"chose_seed":false,"campfire_upgraded":0,"win_rate":0.0,"timestamp":1613045994,"path_taken":["M","?","M","?","M","R","E","R","T","?","M","M","R","?","R","BOSS","M","?","M"],"items_purchased_type":[],"build_version":"2020-12-22","purchased_purges":0,"victory":false,"max_hp_per_floor":[70,70,70,70,70,70,70,70,70,70,70,70,70,70,70,70,70,70,70,70,70],"card_choices":[{"not_picked":["LittlePrince","MHz"],"picked":"UniverseFragment","floor":1},{"not_picked":["Lantern","BlackSwan_ego"],"picked":"SKIP","floor":1},{"not_picked":["RedShoes","Scorched"],"picked":"WallGazer","floor":2},{"not_picked":["CherryBlossom","Laetitia_ego"],"picked":"SKIP","floor":2},{"not_picked":["BeautyBeast","Scorched"],"picked":"CrumblingArmor","floor":3},{"not_picked":["Wingbeat"],"picked":"BloodyDesire","floor":3},{"not_picked":["BeautyBeast","PunishingBird"],"picked":"Mercenary","floor":5},{"not_picked":["Logging"],"picked":"Penitence","floor":5},{"not_picked":["Scarecrow","Porccubus"],"picked":"OldLady","floor":7},{"not_picked":["Horn"],"picked":"Penitence","floor":7},{"not_picked":["Hypocrisy"],"picked":"BloodyDesire","floor":11},{"not_picked":["Freischutz","HappyTeddy"],"picked":"SpiderBud","floor":12},{"not_picked":["RapturousDream","RedEyes"],"picked":"SKIP","floor":12},{"not_picked":["Justitia"],"picked":"ParadiseLost","floor":16},{"not_picked":["Horn"],"picked":"Ecstasy+1","floor":18},{"not_picked":["FrostShard"],"picked":"Penitence","floor":19}],"player_experience":203678,"relics_obtained":[{"floor":1,"key":"LetterFromLob"},{"floor":7,"key":"Bag of Marbles"}],"event_choices":[{"cards_removed":["SpecialBullet"],"damage_healed":0,"gold_gain":0,"player_choice":"Forget","damage_taken":0,"max_hp_gain":0,"max_hp_loss":0,"event_name":"Living Wall","floor":10,"gold_loss":0},{"cards_removed":["Mercenary"],"damage_healed":0,"gold_gain":0,"player_choice":"Took Card","damage_taken":0,"max_hp_gain":0,"max_hp_loss":0,"event_name":"NoteForYourself","floor":14,"gold_loss":0,"cards_obtained":["Defend_R"]}],"is_beta":false,"boss_relics":[{"not_picked":["Philosopher\u0027s Stone","Busted Crown"],"picked":"AT_TrinityForce"}],"items_purged_floors":[],"is_endless":false,"potions_floor_spawned":[7,12,19],"killed_by":"Shelled Parasite and Fungi","ascension_level":0}}