{"host":"a1eatafr7pisesky","time":1613042201,"event":{"mods":["AchievementEnabler","BaseMod","Colored Map","Keyboard Shortcuts","Minty Spire (QoL Compilation)","Say the Spire","StSLib","SuperFastMode","everything is the same but u backflip on backflip"],"gold_per_floor":[119,119,137,137,62,92,92,108,136,136,150,165,198,212,212,212,286,286,305,205,80,105,132,132,167,17,17,17,17],"floor_reached":28,"language":"KOR","playtime":437,"items_purged":["Strike_R","Strike_R","Strike_R","Strike_R"],"score":495,"play_id":"08a97f9c-73dc-4cfb-b377-7b0e0bf5ddc1","local_time":"20210211201641","is_ascension_mode":true,"campfire_choices":[{"floor":7.0,"key":"REST"},{"floor":16.0,"key":"REST"},{"floor":24.0,"key":"RECALL"}],"circlet_count":0,"master_deck":["AscendersBane","Defend_R","Defend_R","Defend_R","Defend_R","Bash","Apotheosis+1","Hemokinesis","Pommel Strike","Uppercut","Headbutt","Wild Strike","Shrug It Off","Corruption","Warcry","Impervious","Shrug It Off","Ghostly","Ghostly","Ghostly","Spot Weakness"],"relics":["Burning Blood","TungstenRod","Anchor","Tiny Chest","Red Skull","Toy Ornithopter","Fusion Hammer","CeramicFish","Bottled Tornado","Happy Flower"],"acts_visited":["Exordium","TheCity"],"potions_floor_usage":[25],"damage_taken":[{"damage":12.0,"enemies":"Cultist","floor":1.0,"turns":4.0},{"damage":12.0,"enemies":"Jaw Worm","floor":3.0,"turns":3.0},{"damage":33.0,"enemies":"Lagavulin","floor":6.0,"turns":4.0},{"damage":4.0,"enemies":"2 Louse","floor":8.0,"turns":2.0},{"damage":8.0,"enemies":"Gremlin Nob","floor":9.0,"turns":3.0},{"damage":6.0,"enemies":"Lots of Slimes","floor":11.0,"turns":3.0},{"damage":1.0,"enemies":"Looter","floor":12.0,"turns":2.0},{"damage":10.0,"enemies":"3 Sentries","floor":13.0,"turns":4.0},{"damage":0.0,"enemies":"2 Fungi Beasts","floor":14.0,"turns":3.0},{"damage":39.0,"enemies":"The Guardian","floor":17.0,"turns":9.0},{"damage":9.0,"enemies":"Shell Parasite","floor":19.0,"turns":4.0},{"damage":28,"enemies":"Book of Stabbing","floor":25,"turns":6},{"damage":20,"enemies":"Chosen","floor":28,"turns":5}],"seed_played":"-5520220292502744518","potions_obtained":[{"floor":1.0,"key":"Energy Potion"},{"floor":3.0,"key":"Explosive Potion"},{"floor":6.0,"key":"Energy Potion"},{"floor":12.0,"key":"DistilledChaos"},{"floor":17.0,"key":"AttackPotion"}],"is_trial":false,"path_per_floor":["M","T","M","?","$","E","R","M","E","T","M","M","E","M","?","R","B",null,"M","$","$","T","?","R","E","$","T","M"],"character_chosen":"IRONCLAD","items_purchased":[],"campfire_rested":2,"item_purchase_floors":[],"current_hp_per_floor":[62,62,56,56,56,29,49,51,49,49,49,54,50,56,56,68,35,60,57,57,57,57,34,34,12,12,12,0,0],"gold":17,"neow_bonus":"RANDOM_COLORLESS_2","is_daily":false,"chose_seed":false,"campfire_upgraded":0,"win_rate":0.0,"timestamp":1613042201,"path_taken":["M","?","M","?","$","E","R","M","E","T","M","?","E","M","?","R","BOSS","M","?","$","?","?","R","E","$","T","M"],"items_purchased_type":[],"build_version":"2020-12-22","purchased_purges":4,"victory":false,"max_hp_per_floor":[68,68,68,68,68,68,68,68,68,68,68,68,68,68,68,68,68,68,68,68,68,68,34,34,34,34,34,34,34],"card_choices":[{"not_picked":["Violence","The Bomb"],"picked":"Apotheosis","floor":0.0},{"not_picked":["Fire Breathing","Inflame"],"picked":"Hemokinesis","floor":1.0},{"not_picked":["Thunderclap","Flame Barrier"],"picked":"Pommel Strike","floor":3.0},{"not_picked":["Armaments","Perfected Strike","Clash"],"picked":"SKIP","floor":6.0},{"not_picked":["True Grit","Pummel"],"picked":"Uppercut","floor":8.0},{"not_picked":["Body Slam","Clash"],"picked":"Headbutt","floor":9.0},{"not_picked":["Warcry","Whirlwind"],"picked":"Wild Strike","floor":11.0},{"not_picked":["Warcry","Body Slam"],"picked":"Shrug It Off","floor":12.0},{"not_picked":["Spot Weakness","Armaments"],"picked":"Corruption","floor":13.0},{"not_picked":["Havoc","Perfected Strike"],"picked":"Warcry","floor":14.0},{"not_picked":["Fiend Fire","Double Tap"],"picked":"Impervious","floor":17.0},{"not_picked":["Clothesline","Burning Pact"],"picked":"Shrug It Off","floor":19.0},{"not_picked":["Spot Weakness","Body Slam","Inflame"],"picked":"SKIP","floor":25},{"not_picked":["Body Slam","Inflame"],"picked":"Spot Weakness","floor":25}],"player_experience":448697,"relics_obtained":[{"floor":2.0,"key":"TungstenRod"},{"floor":6.0,"key":"Anchor"},{"floor":9.0,"key":"Tiny Chest"},{"floor":10.0,"key":"Red Skull"},{"floor":13.0,"key":"Toy Ornithopter"},{"floor":22.0,"key":"CeramicFish"},{"floor":25,"key":"Bottled Tornado"},{"floor":27,"key":"Happy Flower"}],"event_choices":[{"damage_healed":0.0,"max_hp_gain":0.0,"max_hp_loss":0.0,"gold_gain":0.0,"event_name":"Accursed Blacksmith","player_choice":"Forge","floor":4.0,"gold_loss":0.0,"damage_taken":0.0,"cards_upgraded":["Apotheosis"]},{"cards_removed":["Strike_R"],"damage_healed":0.0,"max_hp_gain":0.0,"max_hp_loss":0.0,"gold_gain":0.0,"event_name":"Bonfire Elementals","player_choice":"Offered Basic","floor":15.0,"gold_loss":0.0,"damage_taken":0.0},{"damage_healed":0.0,"max_hp_gain":0.0,"max_hp_loss":34.0,"gold_gain":0.0,"event_name":"Ghosts","player_choice":"Became a Ghost","floor":23.0,"gold_loss":0.0,"damage_taken":0.0,"cards_obtained":["Ghostly","Ghostly","Ghostly"]}],"is_beta":false,"boss_relics":[{"not_picked":["Ectoplasm","Busted Crown"],"picked":"Fusion Hammer"}],"items_purged_floors":[5,20,21,26],"is_endless":false,"potions_floor_spawned":[1,3,6,12,17],"killed_by":"Chosen","ascension_level":19}}