{"host":"guk5h31bsklpp7e4","time":1613076135,"event":{"mods":["AchievementEnabler","BaseMod","Colored Map","Colored Powertips","Highlight Path","Minty Spire (QoL Compilation)","Quick Restart"],"gold_per_floor":[115,190,205,205,380,405,405,432,432,25,25,39,67,84,84,188,188,200,10,23,33,33,33,65,84,84,84,103,103,103,122,122,222,222,239,259,1258,1258,1258,1258,602,602,602,614,320,2,28,43,43,43],"floor_reached":51,"language":"ENG","playtime":2759,"items_purged":["Doubt","Defend_G","Normality","Normality"],"score":931,"play_id":"be0dfa0f-7f8b-4773-8323-62a3cd8f7e24","local_time":"20210211154215","is_ascension_mode":true,"campfire_choices":[{"floor":7,"key":"REST"},{"floor":11,"key":"REST"},{"floor":15,"key":"REST"},{"floor":23,"key":"REST"},{"floor":27,"key":"REST"},{"data":"A Thousand Cuts","floor":29,"key":"SMITH"},{"data":"Storm of Steel","floor":32,"key":"SMITH"},{"data":"Envenom","floor":40,"key":"SMITH"},{"floor":49,"key":"REST"}],"circlet_count":0,"master_deck":["Strike_G","Strike_G","Strike_G","Strike_G","Defend_G","Survivor","Neutralize","Blade Dance","Cloak And Dagger","A Thousand Cuts+1","Infinite Blades","Quick Slash","Footwork","Sucker Punch","Heel Hook","Storm of Steel+1","CurseOfTheBell","Cloak And Dagger+1","Backflip+1","Finisher","Cloak And Dagger+1","Envenom+1","Flying Knee+1","Poisoned Stab+1","Unload+1","Slice+1","Backflip+1","Flechettes","Burst","Blade Dance+1"],"relics":["Ring of the Snake","Akabeko","Paper Crane","Blood Vial","Bottled Lightning","White Beast Statue","Meat on the Bone","The Courier","Calling Bell","Anchor","Ninja Scroll","Mango","Shuriken","Tough Bandages","StrikeDummy","Astrolabe","Kunai","Strawberry","Oddly Smooth Stone","Pear","Ornamental Fan","CaptainsWheel"],"acts_visited":["Exordium","TheCity","TheBeyond"],"potions_floor_usage":[13,16,16,20,24,24,28,31,33,33,35,36,42,46,47,47,50,50],"damage_taken":[{"damage":2,"enemies":"Jaw Worm","floor":1,"turns":4},{"damage":0,"enemies":"Small Slimes","floor":3,"turns":3},{"damage":29,"enemies":"Gremlin Nob","floor":6,"turns":5},{"damage":20,"enemies":"Lagavulin","floor":8,"turns":7},{"damage":1,"enemies":"Cultist","floor":12,"turns":3},{"damage":16,"enemies":"3 Sentries","floor":13,"turns":7},{"damage":0,"enemies":"Gremlin Gang","floor":14,"turns":5},{"damage":10,"enemies":"Slime Boss","floor":16,"turns":9},{"damage":26,"enemies":"Chosen","floor":18,"turns":6},{"damage":0,"enemies":"2 Thieves","floor":20,"turns":3},{"damage":11,"enemies":"Centurion and Healer","floor":21,"turns":5},{"damage":26,"enemies":"Slavers","floor":24,"turns":6},{"damage":0,"enemies":"3 Cultists","floor":25,"turns":5},{"damage":8,"enemies":"Snake Plant","floor":28,"turns":4},{"damage":0,"enemies":"Shelled Parasite and Fungi","floor":31,"turns":5},{"damage":56,"enemies":"Champ","floor":33,"turns":10},{"damage":0,"enemies":"3 Darklings","floor":35,"turns":2},{"damage":0,"enemies":"Orb Walker","floor":36,"turns":2},{"damage":2,"enemies":"Transient","floor":42,"turns":2},{"damage":5,"enemies":"Sphere and 2 Shapes","floor":44,"turns":4},{"damage":18,"enemies":"Giant Head","floor":47,"turns":7},{"damage":13,"enemies":"4 Shapes","floor":48,"turns":4},{"damage":109,"enemies":"Time Eater","floor":50,"turns":12}],"seed_played":"5098528555998134157","potions_obtained":[{"floor":3,"key":"GamblersBrew"},{"floor":8,"key":"DistilledChaos"},{"floor":12,"key":"SkillPotion"},{"floor":13,"key":"Dexterity Potion"},{"floor":16,"key":"GamblersBrew"},{"floor":18,"key":"CunningPotion"},{"floor":20,"key":"Swift Potion"},{"floor":21,"key":"Weak Potion"},{"floor":24,"key":"AttackPotion"},{"floor":25,"key":"Weak Potion"},{"floor":28,"key":"FearPotion"},{"floor":31,"key":"Fire Potion"},{"floor":33,"key":"BlessingOfTheForge"},{"floor":35,"key":"SteroidPotion"},{"floor":36,"key":"Swift Potion"},{"floor":39,"key":"Weak Potion"},{"floor":39,"key":"EntropicBrew"},{"floor":44,"key":"SteroidPotion"}],"is_trial":false,"path_per_floor":["M","?","M","T","?","E","R","E","T","$","R","M","E","M","R","B",null,"M","$","M","M","$","R","E","M","T","R","M","R","?","M","R","B",null,"M","M","?","?","?","R","$","M","T","M","$","$","E","M","R","B",null],"character_chosen":"THE_SILENT","items_purchased":["Infinite Blades","Meat on the Bone","Quick Slash","Shuriken","Kunai","Flechettes","SmokeBomb","Strawberry","Oddly Smooth Stone","Ornamental Fan","FairyPotion","Fruit Juice","FearPotion"],"campfire_rested":6,"item_purchase_floors":[10,10,10,19,41,41,41,41,41,45,46,46,46],"current_hp_per_floor":[68,57,57,57,57,28,49,31,31,31,52,53,39,41,62,54,80,56,56,58,49,49,74,50,52,52,77,71,71,71,73,73,31,71,73,75,75,75,75,75,82,82,92,89,89,94,78,67,98,43],"gold":43,"neow_bonus":"RANDOM_COMMON_RELIC","is_daily":false,"chose_seed":false,"campfire_upgraded":3,"win_rate":0.0,"timestamp":1613076135,"path_taken":["M","?","M","?","?","E","R","E","T","$","R","M","E","?","R","BOSS","M","$","M","M","$","R","E","?","T","R","?","R","?","M","R","BOSS","M","M","?","?","?","R","$","M","T","?","?","$","E","M","R","BOSS"],"items_purchased_type":["Card","Relic","Card","Relic","Relic","Card","Potion","Relic","Relic","Relic","Potion","Potion","Potion"],"build_version":"2020-12-22","purchased_purges":4,"victory":true,"max_hp_per_floor":[70,70,70,70,70,70,70,70,70,70,70,70,70,70,70,70,84,84,84,84,84,84,84,84,84,84,84,84,84,84,84,84,84,84,84,84,84,84,84,84,91,91,101,101,101,106,106,106,106,106],"card_choices":[{"not_picked":["Backflip","Dodge and Roll"],"picked":"Blade Dance","floor":1},{"not_picked":["Quick Slash","Tactician"],"picked":"Cloak And Dagger","floor":3},{"not_picked":["Eviscerate","Deflect"],"picked":"A Thousand Cuts","floor":6},{"not_picked":["Dodge and Roll","PiercingWail","Deadly Poison"],"picked":"SKIP","floor":8},{"not_picked":["Expertise","Sucker Punch"],"picked":"Footwork","floor":12},{"not_picked":["Tools of the Trade","Slice"],"picked":"Sucker Punch","floor":13},{"not_picked":["PiercingWail","Tactician"],"picked":"Heel Hook","floor":14},{"not_picked":["Tools of the Trade","Wraith Form v2"],"picked":"Storm of Steel","floor":16},{"not_picked":["Dagger Spray","Expertise"],"picked":"Cloak And Dagger+1","floor":18},{"not_picked":["Sucker Punch","Slice+1"],"picked":"Backflip+1","floor":20},{"not_picked":["Flying Knee+1","Bane+1"],"picked":"Finisher","floor":21},{"not_picked":["Unload","Bane","Dagger Throw"],"picked":"SKIP","floor":24},{"not_picked":["Poisoned Stab","Heel Hook","Dash"],"picked":"SKIP","floor":25},{"not_picked":["Bane","Dodge and Roll","Endless Agony+1"],"picked":"SKIP","floor":28},{"not_picked":["Dagger Spray","Backflip"],"picked":"Cloak And Dagger+1","floor":31},{"not_picked":["A Thousand Cuts","Glass Knife"],"picked":"Envenom","floor":33},{"not_picked":["Prepared+1","Bane+1"],"picked":"Slice+1","floor":35},{"not_picked":["Deadly Poison","Dagger Throw+1"],"picked":"Backflip+1","floor":36},{"not_picked":["Catalyst","Cloak And Dagger","Deflect"],"picked":"SKIP","floor":44},{"not_picked":["Prepared+1","Heel Hook"],"picked":"Burst","floor":47},{"not_picked":["Flechettes+1","Skewer"],"picked":"Blade Dance+1","floor":48}],"player_experience":340829,"relics_obtained":[{"floor":4,"key":"Paper Crane"},{"floor":6,"key":"Blood Vial"},{"floor":8,"key":"Bottled Lightning"},{"floor":9,"key":"White Beast Statue"},{"floor":13,"key":"The Courier"},{"floor":17,"key":"Anchor"},{"floor":17,"key":"Ninja Scroll"},{"floor":17,"key":"Mango"},{"floor":24,"key":"Tough Bandages"},{"floor":26,"key":"StrikeDummy"},{"floor":43,"key":"Pear"},{"floor":47,"key":"CaptainsWheel"}],"event_choices":[{"damage_healed":0,"gold_gain":75,"player_choice":"Gather Gold","damage_taken":11,"max_hp_gain":0,"max_hp_loss":0,"event_name":"World of Goop","floor":2,"gold_loss":0},{"damage_healed":0,"gold_gain":175,"player_choice":"AGREE","damage_taken":0,"max_hp_gain":0,"max_hp_loss":0,"event_name":"Liars Game","floor":5,"gold_loss":0,"cards_obtained":["Doubt"]},{"damage_healed":0,"gold_gain":0,"player_choice":"Ignored","damage_taken":0,"max_hp_gain":0,"max_hp_loss":0,"event_name":"Cursed Tome","floor":30,"gold_loss":0},{"damage_healed":0,"gold_gain":999,"player_choice":"Gold","damage_taken":0,"max_hp_gain":0,"max_hp_loss":0,"event_name":"MindBloom","floor":37,"gold_loss":0,"cards_obtained":["Normality","Normality"]},{"cards_removed":["Strike_G"],"damage_healed":0,"gold_gain":0,"player_choice":"Removed Attack","damage_taken":0,"max_hp_gain":0,"max_hp_loss":0,"event_name":"Falling","floor":38,"gold_loss":0},{"damage_healed":0,"gold_gain":0,"player_choice":"Got Potions","damage_taken":0,"max_hp_gain":0,"max_hp_loss":0,"event_name":"Lab","floor":39,"gold_loss":0}],"is_beta":false,"boss_relics":[{"not_picked":["Cursed Key","HoveringKite"],"picked":"Calling Bell"},{"not_picked":["Snecko Eye","Black Star"],"picked":"Astrolabe"}],"items_purged_floors":[10,41,45,46],"is_endless":false,"potions_floor_spawned":[3,8,12,13,14,16,18,20,21,24,25,28,31,33,35,36,42,44,47,48],"ascension_level":5}}