{"host":"BaytaKuk","time":1613014069,"event":{"mods":["2.2 Compatiblity","BaseMod","Minty Spire (QoL Compilation)","Random Character Button","Rare Cards Sparkle","StSLib","SuperFastMode","Swap Starting Deck Mod","everything is the same but u backflip on backflip"],"gold_per_floor":[118,130,140,140,140,170,170,190,190,190,205,217,217,217,217],"floor_reached":14,"language":"ENG","playtime":364,"items_purged":[],"score":144,"play_id":"c133deb3-a0f9-4cad-bbc7-2bc2dd6386a8","local_time":"20210210222749","is_ascension_mode":true,"campfire_choices":[{"floor":7,"key":"REST"},{"floor":10,"key":"REST"},{"floor":13,"key":"DIG"}],"circlet_count":0,"master_deck":["AscendersBane","Strike_P","Strike_P","Strike_P","Defend_P","Defend_P","Defend_P","Defend_P","Eruption+1","Vigilance","Consecrate","SignatureMove","Wallop","ClearTheMind","Study","Protect"],"relics":["Fusion Hammer","Shovel","Odd Mushroom","WingedGreaves","Ice Cream"],"acts_visited":["Exordium"],"potions_floor_usage":[14],"damage_taken":[{"damage":0,"enemies":"Cultist","floor":1,"turns":3},{"damage":7,"enemies":"Jaw Worm","floor":2,"turns":4},{"damage":6,"enemies":"2 Louse","floor":3,"turns":2},{"damage":35,"enemies":"Lagavulin","floor":6,"turns":3},{"damage":28,"enemies":"The Mushroom Lair","floor":8,"turns":5},{"damage":2,"enemies":"2 Fungi Beasts","floor":11,"turns":2},{"damage":2,"enemies":"Exordium Wildlife","floor":12,"turns":3},{"damage":22,"enemies":"Gremlin Nob","floor":14,"turns":3}],"seed_played":"8012186909108841187","potions_obtained":[{"floor":1,"key":"GamblersBrew"},{"floor":11,"key":"LiquidBronze"}],"is_trial":false,"path_per_floor":["M","M","M","?","?","E","R","?","T","R","M","M","R","E"],"character_chosen":"WATCHER","items_purchased":[],"campfire_rested":2,"item_purchase_floors":[],"current_hp_per_floor":[65,58,52,45,45,10,31,3,3,24,22,20,20,0,0],"gold":217,"neow_bonus":"BOSS_RELIC","is_daily":false,"chose_seed":false,"campfire_upgraded":0,"win_rate":0.0,"timestamp":1613014069,"path_taken":["M","M","?","?","?","E","R","?","T","R","?","M","R","E"],"items_purchased_type":[],"build_version":"2020-12-18","purchased_purges":0,"victory":false,"max_hp_per_floor":[72,72,72,72,72,72,72,72,72,72,72,72,72,72,72],"card_choices":[{"not_picked":["MentalFortress","Halt"],"picked":"Consecrate","floor":1},{"not_picked":["Halt","Fasting2"],"picked":"SignatureMove","floor":2},{"not_picked":["FlyingSleeves","CutThroughFate","Halt"],"picked":"SKIP","floor":3},{"not_picked":["Ragnarok","InnerPeace"],"picked":"Wallop","floor":6},{"not_picked":["MentalFortress","Meditate"],"picked":"ClearTheMind","floor":8},{"not_picked":["BowlingBash","Sanctity"],"picked":"Study","floor":11},{"not_picked":["Perseverance","ClearTheMind"],"picked":"Protect","floor":12}],"player_experience":413166,"relics_obtained":[{"floor":6,"key":"Shovel"},{"floor":8,"key":"Odd Mushroom"},{"floor":9,"key":"WingedGreaves"},{"floor":13,"key":"Ice Cream"}],"event_choices":[{"cards_removed":["Strike_P"],"damage_healed":0,"gold_gain":0,"player_choice":"Card Removal","damage_taken":7,"max_hp_gain":0,"max_hp_loss":0,"event_name":"Golden Wing","floor":4,"gold_loss":0},{"damage_healed":0,"gold_gain":0,"player_choice":"Grow","damage_taken":0,"max_hp_gain":0,"max_hp_loss":0,"event_name":"Living Wall","floor":5,"gold_loss":0,"cards_upgraded":["Eruption"]},{"damage_healed":0,"gold_gain":0,"player_choice":"Fought Mushrooms","damage_taken":0,"max_hp_gain":0,"max_hp_loss":0,"event_name":"Mushrooms","floor":8,"gold_loss":0}],"is_beta":true,"boss_relics":[],"items_purged_floors":[],"is_endless":false,"potions_floor_spawned":[1,11],"killed_by":"Gremlin Nob","ascension_level":12}}