{"host":"1focbxb2e8qu7ccd","time":1613051733,"event":{"mods":["AchievementEnabler","BaseMod","Bestiary","Highlight Path","Minty Spire (QoL Compilation)","Relic Stats"],"gold_per_floor":[119,131,145,162,162,187,187,214,290,290,309,309,309,88,88,88,88],"floor_reached":16,"language":"ENG","playtime":661,"items_purged":["Strike_R"],"score":220,"play_id":"56ad765d-fe5b-4bfa-8e67-12da1ca23b8d","local_time":"20210211085533","is_ascension_mode":true,"campfire_choices":[{"data":"Rampage","floor":7,"key":"SMITH"},{"data":"Dark Embrace","floor":10,"key":"SMITH"},{"data":"Rupture","floor":12,"key":"SMITH"},{"data":"Combust","floor":15,"key":"SMITH"}],"circlet_count":0,"master_deck":["AscendersBane","Strike_R","Strike_R","Strike_R","Defend_R","Defend_R","Defend_R","Defend_R","Bash","Fiend Fire","Dark Embrace+1","Pummel","Rampage+1","Combust+1","Entrench","Rupture+1","Heavy Blade","Power Through","Shrug It Off"],"relics":["Burning Blood","Bag of Preparation","StoneCalendar","White Beast Statue"],"acts_visited":["Exordium"],"potions_floor_usage":[6,11,16,16],"damage_taken":[{"damage":0,"enemies":"Cultist","floor":1,"turns":2},{"damage":7,"enemies":"Small Slimes","floor":2,"turns":3},{"damage":0,"enemies":"2 Louse","floor":3,"turns":2},{"damage":10,"enemies":"Large Slime","floor":4,"turns":6},{"damage":31,"enemies":"Gremlin Nob","floor":6,"turns":4},{"damage":30,"enemies":"3 Sentries","floor":8,"turns":5},{"damage":9,"enemies":"Looter","floor":11,"turns":3},{"damage":24,"enemies":"Slime Boss","floor":16,"turns":3}],"seed_played":"-8258270222749687138","potions_obtained":[{"floor":3,"key":"DistilledChaos"},{"floor":4,"key":"PowerPotion"},{"floor":6,"key":"Ancient Potion"},{"floor":8,"key":"Explosive Potion"},{"floor":11,"key":"Weak Potion"}],"is_trial":false,"path_per_floor":["M","M","M","M","?","E","R","E","T","R","M","R","?","$","R","B"],"character_chosen":"IRONCLAD","items_purchased":["Power Through","Shrug It Off"],"campfire_rested":0,"item_purchase_floors":[14,14],"current_hp_per_floor":[74,73,75,71,76,51,51,27,27,27,24,24,24,24,24,0,0],"gold":88,"neow_bonus":"ONE_RANDOM_RARE_CARD","is_daily":false,"chose_seed":false,"campfire_upgraded":4,"win_rate":0.0,"timestamp":1613051733,"path_taken":["M","?","M","M","?","E","R","E","T","R","M","R","?","$","R","BOSS"],"items_purchased_type":["Card","Card"],"build_version":"2020-12-22","purchased_purges":1,"victory":false,"max_hp_per_floor":[75,75,75,75,80,80,80,80,80,80,80,80,80,80,80,80,80],"relic_stats":{"counters":[8,28],"StoneCalendar":[0],"Bag of Preparation":[6],"obtain_stats":[{"StoneCalendar":8,"Bag of Preparation":6,"Burning Blood":0,"White Beast Statue":9},{"StoneCalendar":6,"Bag of Preparation":5,"Burning Blood":0,"White Beast Statue":6},{"StoneCalendar":22,"Bag of Preparation":17,"Burning Blood":0,"White Beast Statue":22}],"Burning Blood":38},"card_choices":[{"not_picked":["Flex","Wild Strike"],"picked":"Dark Embrace","floor":1},{"not_picked":["Warcry","Heavy Blade"],"picked":"Pummel","floor":2},{"not_picked":["Seeing Red","Wild Strike"],"picked":"Rampage","floor":3},{"not_picked":["Anger","Seeing Red","Blood for Blood"],"picked":"SKIP","floor":4},{"not_picked":["Twin Strike","Heavy Blade"],"picked":"Combust","floor":6},{"not_picked":["Hemokinesis","Carnage"],"picked":"Entrench","floor":8},{"not_picked":["Pummel","Thunderclap"],"picked":"Rupture","floor":11}],"player_experience":929520,"relics_obtained":[{"floor":6,"key":"Bag of Preparation"},{"floor":8,"key":"StoneCalendar"},{"floor":9,"key":"White Beast Statue"}],"event_choices":[{"damage_healed":0,"gold_gain":0,"player_choice":"Donut","damage_taken":0,"max_hp_gain":5,"max_hp_loss":0,"event_name":"Big Fish","floor":5,"gold_loss":0},{"damage_healed":0,"gold_gain":0,"cards_transformed":["Strike_R"],"player_choice":"Change","damage_taken":0,"max_hp_gain":0,"max_hp_loss":0,"event_name":"Living Wall","floor":13,"gold_loss":0,"cards_obtained":["Heavy Blade"]}],"is_beta":false,"boss_relics":[],"items_purged_floors":[14],"is_endless":false,"potions_floor_spawned":[3,4,6,8,11],"killed_by":"Slime Boss","ascension_level":20}}