{"host":"3d7yvplr5ovcyppx","time":1613033805,"event":{"mods":["AchievementEnabler","BaseMod","Hermit","Jorbs\u0027s Wanderer Trilogy","Minty Spire (QoL Compilation)","Quick Restart","Somnambulant","StSLib","The Cursed","The Disciple","The Servant 0.9.4"],"gold_per_floor":[116,131,131,131,48,82,82,157,157,187,187,197,197,224,224,224,224],"floor_reached":16,"language":"ENG","playtime":744,"items_purged":[],"score":122,"play_id":"7824b7f0-05ea-4720-b9d7-9b37aae04461","local_time":"20210211142645","is_ascension_mode":true,"campfire_choices":[{"data":"Redo","floor":7,"key":"SMITH"},{"floor":11,"key":"REST"},{"data":"Chill","floor":15,"key":"SMITH"}],"circlet_count":0,"master_deck":["Strike_B","Strike_B","Strike_B","Strike_B","Defend_B","Defend_B","Defend_B","Defend_B","Zap+1","Dualcast","Redo+1","Ball Lightning","Discovery","Defragment","Defragment","Glacier","Chill+1"],"relics":["Cracked Core","Mummified Hand","Ancient Tea Set","Boot","Bottled Flame","Dream Catcher","Pocketwatch"],"acts_visited":["Exordium"],"potions_floor_usage":[14,16,16],"damage_taken":[{"damage":1,"enemies":"Cultist","floor":1,"turns":3},{"damage":3,"enemies":"Small Slimes","floor":2,"turns":2},{"damage":21,"enemies":"Lagavulin","floor":6,"turns":5},{"damage":8,"enemies":"Gremlin Nob","floor":10,"turns":3},{"damage":1,"enemies":"Jaw Worm","floor":12,"turns":2},{"damage":18,"enemies":"3 Sentries","floor":14,"turns":5},{"damage":43,"enemies":"The Guardian","floor":16,"turns":11}],"seed_played":"8916328034737947158","potions_obtained":[{"floor":2,"key":"GamblersBrew"},{"floor":12,"key":"EssenceOfSteel"},{"floor":14,"key":"GamblersBrew"}],"is_trial":false,"path_per_floor":["M","M","T","?","$","E","R","?","T","E","R","M","?","E","R","B"],"character_chosen":"DEFECT","items_purchased":["Discovery"],"campfire_rested":1,"item_purchase_floors":[5],"current_hp_per_floor":[81,78,78,78,78,57,57,46,46,38,62,61,61,43,43,0,0],"gold":224,"neow_bonus":"TEN_PERCENT_HP_BONUS","is_daily":false,"chose_seed":false,"campfire_upgraded":2,"win_rate":0.0,"timestamp":1613033805,"path_taken":["M","M","?","?","?","E","R","?","T","E","R","M","?","E","R","BOSS"],"items_purchased_type":["Card"],"build_version":"2020-12-22","purchased_purges":0,"victory":false,"max_hp_per_floor":[82,82,82,82,82,82,82,82,82,82,82,82,82,82,82,82,82],"card_choices":[{"not_picked":["Compile Driver","Sweeping Beam"],"picked":"Redo","floor":1},{"not_picked":["Go for the Eyes","Glacier"],"picked":"Ball Lightning","floor":2},{"not_picked":["Reprogram","Steam"],"picked":"Defragment","floor":6},{"not_picked":["Skim","Sweeping Beam"],"picked":"Defragment","floor":10},{"not_picked":["Streamline","Ball Lightning"],"picked":"Glacier","floor":12},{"not_picked":["Leap","White Noise"],"picked":"Chill","floor":14}],"player_experience":9546,"relics_obtained":[{"floor":3,"key":"Mummified Hand"},{"floor":6,"key":"Ancient Tea Set"},{"floor":9,"key":"Boot"},{"floor":10,"key":"Bottled Flame"},{"floor":13,"key":"Dream Catcher"},{"floor":14,"key":"Pocketwatch"}],"event_choices":[{"damage_healed":0,"gold_gain":0,"player_choice":"Grow","damage_taken":0,"max_hp_gain":0,"max_hp_loss":0,"event_name":"Living Wall","floor":4,"gold_loss":0,"cards_upgraded":["Zap"]},{"damage_healed":0,"gold_gain":75,"player_choice":"Gather Gold","damage_taken":11,"max_hp_gain":0,"max_hp_loss":0,"event_name":"World of Goop","floor":8,"gold_loss":0},{"damage_healed":0,"gold_gain":0,"player_choice":"Relic","damage_taken":0,"max_hp_gain":0,"max_hp_loss":0,"event_name":"Wheel of Change","floor":13,"gold_loss":0}],"is_beta":false,"boss_relics":[],"items_purged_floors":[],"is_endless":false,"potions_floor_spawned":[2,12,14],"killed_by":"The Guardian","ascension_level":1}}