{"host":"61scwtj8sjvayefi","time":1613010707,"event":{"mods":["2.2 Compatiblity","BaseMod","Downfall","Koishi","Marisa????????","Minty Spire (QoL Compilation)","Remilia??????","StSLib","The Bug Knight","The Senshi","The Servant 0.9.4"],"gold_per_floor":[118,130,33,51,51,51,69,69,69,83,99,99,134,148,148,246,246,266,278,278,278],"floor_reached":20,"language":"ENG","playtime":1958,"items_purged":[],"score":178,"play_id":"1f876fe3-d31c-466a-8521-9d67796cedfe","local_time":"20210210203147","is_ascension_mode":false,"campfire_choices":[{"data":"HollowMod:FocusHealStart","floor":6,"key":"SMITH"},{"data":"HollowMod:PogoStrike","floor":15,"key":"SMITH"}],"circlet_count":0,"master_deck":["HollowMod:NailStrikeStart","HollowMod:NailStrikeStart","HollowMod:NailStrikeStart","HollowMod:NailStrikeStart","HollowMod:QuickDashStart","HollowMod:QuickDashStart","HollowMod:QuickDashStart","HollowMod:QuickDashStart+1","HollowMod:FocusHealStart+1","HollowMod:PogoStrike+1","HollowMod:DoubleDash","HollowMod:GrimmsGift+1","HollowMod:CloakDash","HollowMod:HowlingWraiths","HollowMod:SharpenedNail","HollowMod:SoulSplash","HollowMod:NewLittleFool","HollowMod:SharpenedNail+1","HollowMod:SoulVessel","HollowMod:GoodIntentions","HollowMod:SlysStrikes","HollowMod:ChannelNail","HollowMod:QuirrelsAssistance"],"relics":["HollowMod:VesselMask","NeowsBlessing","Du-Vu Doll","HollowMod:LumaflyLanternRelic","Peace Pipe","Sozu"],"acts_visited":["Exordium","TheCity"],"potions_floor_usage":[7,13,14,16,18],"damage_taken":[{"damage":0,"enemies":"2 Louse","floor":1,"turns":1},{"damage":0,"enemies":"Jaw Worm","floor":2,"turns":1},{"damage":0,"enemies":"Small Slimes","floor":4,"turns":2},{"damage":0,"enemies":"Looter","floor":7,"turns":4},{"damage":0,"enemies":"Exordium Thugs","floor":10,"turns":3},{"damage":1,"enemies":"Blue Slaver","floor":11,"turns":2},{"damage":5,"enemies":"Lagavulin","floor":13,"turns":5},{"damage":15,"enemies":"Large Slime","floor":14,"turns":4},{"damage":47,"enemies":"Hexaghost","floor":16,"turns":12},{"damage":13,"enemies":"2 Thieves","floor":18,"turns":4},{"damage":45,"enemies":"3 Byrds","floor":19,"turns":6},{"damage":47,"enemies":"3 Cultists","floor":20,"turns":5}],"seed_played":"7548751402111499380","potions_obtained":[{"floor":4,"key":"Weak Potion"},{"floor":7,"key":"GamblersBrew"},{"floor":11,"key":"SteroidPotion"},{"floor":13,"key":"ColorlessPotion"},{"floor":14,"key":"Ancient Potion"},{"floor":16,"key":"SkillPotion"}],"is_trial":false,"path_per_floor":["M","M","$","M","?","R","M","T","T","M","M","?","E","M","R","B",null,"M","M","M"],"character_chosen":"THE_BUGKNIGHT","items_purchased":["HollowMod:CloakDash","HollowMod:HowlingWraiths"],"campfire_rested":0,"item_purchase_floors":[3,3],"current_hp_per_floor":[75,75,75,75,75,75,75,75,75,75,74,59,64,55,55,20,75,68,33,0,0],"gold":278,"neow_bonus":"THREE_ENEMY_KILL","is_daily":false,"chose_seed":false,"campfire_upgraded":2,"win_rate":0.0,"timestamp":1613010707,"path_taken":["M","M","$","M","?","R","M","?","T","M","M","?","E","M","R","BOSS","M","M","M"],"items_purchased_type":["Card","Card"],"build_version":"2020-12-22","purchased_purges":0,"victory":false,"max_hp_per_floor":[75,75,75,75,75,75,75,75,75,75,75,75,75,75,75,75,75,75,75,75,75],"card_choices":[{"not_picked":["HollowMod:NewLittleFool","HollowMod:DescendingDark"],"picked":"HollowMod:DoubleDash","floor":1},{"not_picked":["HollowMod:WraithStrike","HollowMod:CloakDash"],"picked":"HollowMod:GrimmsGift","floor":2},{"not_picked":["HollowMod:PerfectDash","HollowMod:SiblingsShadow"],"picked":"HollowMod:SharpenedNail","floor":4},{"not_picked":["HollowMod:FallenFury","HollowMod:AbyssShriek"],"picked":"HollowMod:SoulSplash","floor":7},{"not_picked":["HollowMod:InfectedCysts","HollowMod:DoubleDash"],"picked":"HollowMod:NewLittleFool","floor":10},{"not_picked":["HollowMod:TaintedHusks","HollowMod:InfectedAttack"],"picked":"HollowMod:SharpenedNail","floor":11},{"not_picked":["HollowMod:ShadowDash","HollowMod:ElderbugsWisdom"],"picked":"HollowMod:SoulVessel","floor":13},{"not_picked":["HollowMod:ShadowDash","HollowMod:TaintedHusks"],"picked":"HollowMod:GoodIntentions","floor":14},{"not_picked":["HollowMod:Hiveblood","HollowMod:NewInfectedGuardian"],"picked":"HollowMod:SlysStrikes","floor":16},{"not_picked":["HollowMod:ShadowDash+1","HollowMod:DashSlash"],"picked":"HollowMod:ChannelNail","floor":18},{"not_picked":["HollowMod:NewJinnsSoul","HollowMod:GoodIntentions"],"picked":"HollowMod:QuirrelsAssistance","floor":19}],"player_experience":46605,"relics_obtained":[{"floor":8,"key":"Du-Vu Doll"},{"floor":9,"key":"HollowMod:LumaflyLanternRelic"},{"floor":13,"key":"Peace Pipe"}],"event_choices":[{"damage_healed":0,"gold_gain":0,"player_choice":"Grow","damage_taken":0,"max_hp_gain":0,"max_hp_loss":0,"event_name":"Living Wall","floor":5,"gold_loss":0,"cards_upgraded":["HollowMod:GrimmsGift"]},{"damage_healed":0,"gold_gain":0,"player_choice":"Entered Light","damage_taken":15,"max_hp_gain":0,"max_hp_loss":0,"event_name":"Shining Light","floor":12,"gold_loss":0,"cards_upgraded":["HollowMod:QuickDashStart","HollowMod:SharpenedNail"]}],"is_beta":false,"boss_relics":[{"not_picked":["Black Star","SacredBark"],"picked":"Sozu"}],"items_purged_floors":[],"is_endless":false,"potions_floor_spawned":[4,7,11,13,14,16,18],"killed_by":"3 Cultists","ascension_level":0}}