{"host":"f5gffvlv6a66yqkd","time":1613053148,"event":{"mods":["2.2 Compatiblity","BaseMod","Colored Map","Custom Start","DeckTracker","Keyboard Shortcuts","Minty Spire (QoL Compilation)","Permanent Neow","Quick Restart","Relic Stats","StSLib","SuperFastMode"],"gold_per_floor":[112,126,143,159,175,208,222,222,247,247,267,112,112,126,126,228,228,245,73,73,84,24,51,51,104,104,104,104,104,120,219,219,324,324,334,351,351,226,243,243,243,243,243,243,261,261,287,137,137,137,137,137,38,73,73],"floor_reached":56,"language":"KOR","playtime":1498,"items_purged":["Strike_P","Strike_P","Defend_P","Defend_P"],"score":1315,"play_id":"096e1a10-5804-42b3-b655-0db34604f409","local_time":"20210211231908","is_ascension_mode":false,"campfire_choices":[{"data":"ForeignInfluence","floor":8.0,"key":"SMITH"},{"data":"CrushJoints","floor":10.0,"key":"SMITH"},{"data":"Adaptation","floor":15.0,"key":"SMITH"},{"data":"Vault","floor":24.0,"key":"SMITH"},{"data":"WheelKick","floor":27.0,"key":"SMITH"},{"data":"MentalFortress","floor":29.0,"key":"SMITH"},{"data":"FearNoEvil","floor":32.0,"key":"SMITH"},{"data":"Tantrum","floor":40,"key":"SMITH"},{"data":"Flash of Steel","floor":44,"key":"SMITH"},{"floor":46,"key":"RECALL"},{"data":"Dark Shackles","floor":49,"key":"SMITH"},{"data":"Vigilance","floor":52,"key":"SMITH"}],"circlet_count":0,"master_deck":["Eruption+1","Vigilance+1","ForeignInfluence+1","EmptyBody","CrushJoints+1","Adaptation+1","MentalFortress+1","Vault+1","FearNoEvil+1","WheelKick+1","DevaForm","Judgement+1","EmptyBody+1","EmptyFist+1","Tantrum+1","Adaptation+1","Flash of Steel+1","Dark Shackles+1","Adaptation+1"],"relics":["PureWater","Art of War","Toy Ornithopter","VioletLotus","Bottled Lightning","Strawberry","Pantograph","Astrolabe","Bag of Marbles","Shuriken"],"acts_visited":["Exordium","TheCity","TheBeyond","TheEnding"],"potions_floor_usage":[35,39,50,55,55,55],"damage_taken":[{"damage":0.0,"enemies":"Jaw Worm","floor":1.0,"turns":5.0},{"damage":0.0,"enemies":"Cultist","floor":2.0,"turns":3.0},{"damage":0.0,"enemies":"2 Louse","floor":3.0,"turns":3.0},{"damage":0.0,"enemies":"2 Fungi Beasts","floor":4.0,"turns":2.0},{"damage":0.0,"enemies":"Red Slaver","floor":5.0,"turns":1.0},{"damage":0.0,"enemies":"Gremlin Nob","floor":6.0,"turns":2.0},{"damage":0.0,"enemies":"Large Slime","floor":7.0,"turns":2.0},{"damage":0.0,"enemies":"3 Louse","floor":11.0,"turns":2.0},{"damage":0.0,"enemies":"Exordium Thugs","floor":14.0,"turns":3.0},{"damage":0.0,"enemies":"Slime Boss","floor":16.0,"turns":4.0},{"damage":0.0,"enemies":"Shell Parasite","floor":18.0,"turns":2.0},{"damage":0.0,"enemies":"Spheric Guardian","floor":21.0,"turns":4.0},{"damage":33.0,"enemies":"Book of Stabbing","floor":23.0,"turns":5.0},{"damage":6.0,"enemies":"Slavers","floor":25.0,"turns":4.0},{"damage":12.0,"enemies":"3 Cultists","floor":30.0,"turns":5.0},{"damage":12.0,"enemies":"Collector","floor":33.0,"turns":6.0},{"damage":0,"enemies":"Orb Walker","floor":35,"turns":4},{"damage":0,"enemies":"3 Shapes","floor":36,"turns":4},{"damage":0,"enemies":"Spire Growth","floor":39,"turns":3},{"damage":0,"enemies":"4 Shapes","floor":45,"turns":6},{"damage":1,"enemies":"Giant Head","floor":47,"turns":3},{"damage":9,"enemies":"Time Eater","floor":50,"turns":10},{"damage":7,"enemies":"Shield and Spear","floor":54,"turns":4},{"damage":56,"enemies":"The Heart","floor":55,"turns":6}],"seed_played":"5961135341476076940","potions_obtained":[{"floor":1.0,"key":"LiquidBronze"},{"floor":3.0,"key":"Ambrosia"},{"floor":4.0,"key":"FearPotion"},{"floor":6.0,"key":"EntropicBrew"},{"floor":18.0,"key":"BottledMiracle"},{"floor":36,"key":"EssenceOfSteel"},{"floor":39,"key":"Swift Potion"},{"floor":47,"key":"BottledMiracle"}],"is_trial":false,"path_per_floor":["M","M","M","M","M","E","M","R","T","R","M","$","?","M","R","B",null,"M","$","?","M","?","E","R","E","T","R","$","R","M","?","R","B",null,"M","M","?","$","M","R","?","?","T","R","M","R","E","$","R","B",null,"R","$","E","B",null],"character_chosen":"WATCHER","items_purchased":["MentalFortress","FearNoEvil","CultistPotion"],"campfire_rested":0,"item_purchase_floors":[12,19,53],"current_hp_per_floor":[72,72,72,72,72,72,72,72,72,72,72,72,72,72,72,72,72,72,72,72,72,72,44,44,45,45,45,45,45,33,33,33,46,79,79,79,79,79,79,79,69,69,69,69,69,69,68,68,68,70,79,79,79,72,31],"gold":73,"neow_bonus":"UPGRADE_CARD","is_daily":false,"chose_seed":false,"campfire_upgraded":11,"win_rate":0.0,"timestamp":1613053148,"path_taken":["M","M","M","M","M","E","M","R","T","R","M","$","?","?","R","BOSS","M","?","?","M","?","E","R","E","T","R","$","R","?","?","R","BOSS","M","M","?","?","M","R","?","?","T","R","?","R","E","?","R","BOSS","R","$","E","BOSS"],"items_purchased_type":["Card","Card","Potion"],"build_version":"2020-12-22","purchased_purges":4,"victory":true,"max_hp_per_floor":[72,72,72,72,72,72,72,72,72,72,72,72,72,72,72,72,72,72,72,72,72,72,72,72,79,79,79,79,79,79,79,79,79,79,79,79,79,79,79,79,79,79,79,79,79,79,79,79,79,79,79,79,79,79,79],"relic_stats":{"counters":[24,93],"Shuriken":[10],"Pantograph":43,"Astrolabe":["Judgement","EmptyBody","EmptyFist"],"VioletLotus":[49],"Art of War":[2],"obtain_stats":[{"Shuriken":54,"Strawberry":25,"Pantograph":26,"Astrolabe":34,"VioletLotus":17,"Art of War":6,"Bag of Marbles":47,"Bottled Lightning":23,"PureWater":0,"Toy Ornithopter":9},{"Shuriken":23,"Strawberry":14,"Pantograph":14,"Astrolabe":16,"VioletLotus":10,"Art of War":6,"Bag of Marbles":21,"Bottled Lightning":13,"PureWater":0,"Toy Ornithopter":7},{"Shuriken":87,"Strawberry":42,"Pantograph":42,"Astrolabe":53,"VioletLotus":27,"Art of War":16,"Bag of Marbles":73,"Bottled Lightning":38,"PureWater":0,"Toy Ornithopter":18}],"Toy Ornithopter":13},"card_choices":[{"not_picked":["DeceiveReality","FlyingSleeves"],"picked":"ForeignInfluence","floor":1.0},{"not_picked":["Halt","WindmillStrike"],"picked":"EmptyBody","floor":2.0},{"not_picked":["Swivel","Protect"],"picked":"SignatureMove","floor":3.0},{"not_picked":["Vengeance","Halt","FollowUp"],"picked":"SKIP","floor":4.0},{"not_picked":["Fasting2","Perseverance"],"picked":"CrushJoints","floor":5.0},{"not_picked":["FlyingSleeves","EmptyFist","Protect"],"picked":"SKIP","floor":6.0},{"not_picked":["ClearTheMind","Nirvana","JustLucky"],"picked":"SKIP","floor":7.0},{"not_picked":["Indignation","Perseverance"],"picked":"Adaptation","floor":11.0},{"not_picked":["Halt","PathToVictory","FlyingSleeves"],"picked":"SKIP","floor":14.0},{"not_picked":["Devotion","SpiritShield"],"picked":"Vault","floor":16.0},{"not_picked":["Swivel","PathToVictory+1","WindmillStrike"],"picked":"SKIP","floor":18.0},{"not_picked":["PathToVictory+1","JustLucky+1","WaveOfTheHand"],"picked":"SKIP","floor":21.0},{"not_picked":["PathToVictory","Vengeance","Meditate"],"picked":"SKIP","floor":23.0},{"not_picked":["Alpha","JustLucky","Vengeance"],"picked":"SKIP","floor":25.0},{"not_picked":["Wallop","CarveReality","ThirdEye"],"picked":"SKIP","floor":30.0},{"not_picked":["Evaluate+1","JustLucky","Prostrate"],"picked":"SKIP","floor":35},{"not_picked":["WreathOfFlame","FlyingSleeves"],"picked":"Tantrum","floor":36},{"not_picked":["Sanctity","DeceiveReality","CrushJoints"],"picked":"SKIP","floor":39},{"not_picked":["Discovery","Deep Breath"],"picked":"Flash of Steel","floor":41},{"not_picked":["Finesse","Sadistic Nature"],"picked":"Dark Shackles","floor":41},{"not_picked":["Sanctity","BattleHymn"],"picked":"Adaptation+1","floor":45},{"not_picked":["Study+1","Evaluate","Meditate+1"],"picked":"SKIP","floor":47},{"not_picked":["PathToVictory","Adaptation+1","ReachHeaven"],"picked":"SKIP","floor":54}],"player_experience":1453646,"relics_obtained":[{"floor":6.0,"key":"Art of War"},{"floor":9.0,"key":"Toy Ornithopter"},{"floor":23.0,"key":"Bottled Lightning"},{"floor":25.0,"key":"Strawberry"},{"floor":26.0,"key":"Pantograph"},{"floor":47,"key":"Bag of Marbles"},{"floor":54,"key":"Shuriken"}],"event_choices":[{"damage_healed":0.0,"max_hp_gain":0.0,"max_hp_loss":0.0,"gold_gain":0.0,"event_name":"NoteForYourself","player_choice":"Ignored","floor":13.0,"gold_loss":0.0,"damage_taken":0.0},{"damage_healed":0.0,"max_hp_gain":0.0,"max_hp_loss":0.0,"gold_gain":0.0,"event_name":"The Library","player_choice":"Read","floor":20.0,"gold_loss":0.0,"damage_taken":0.0,"cards_obtained":["WheelKick"]},{"damage_healed":0.0,"max_hp_gain":0.0,"max_hp_loss":0.0,"gold_gain":0.0,"cards_transformed":["Strike_P","Strike_P"],"event_name":"Designer","player_choice":"Transformed Cards","floor":22.0,"gold_loss":60.0,"damage_taken":0.0,"cards_obtained":["ThirdEye","DevaForm"]},{"damage_healed":0.0,"max_hp_gain":0.0,"max_hp_loss":0.0,"gold_gain":99.0,"event_name":"Nest","player_choice":"Stole From Cult","floor":31.0,"gold_loss":0.0,"damage_taken":0.0},{"damage_healed":0,"gold_gain":0,"player_choice":"Copied","damage_taken":0,"max_hp_gain":0,"max_hp_loss":0,"event_name":"Duplicator","floor":37,"gold_loss":0,"cards_obtained":["Adaptation"]},{"damage_healed":0,"gold_gain":0,"player_choice":"Memory 3","damage_taken":10,"max_hp_gain":0,"max_hp_loss":0,"event_name":"SensoryStone","floor":41,"gold_loss":0},{"cards_removed":["Defend_P"],"damage_healed":0,"gold_gain":0,"player_choice":"Offered Basic","damage_taken":0,"max_hp_gain":0,"max_hp_loss":0,"event_name":"Bonfire Elementals","floor":42,"gold_loss":0}],"is_beta":false,"boss_relics":[{"not_picked":["Black Star","Empty Cage"],"picked":"VioletLotus"},{"not_picked":["Coffee Dripper","Runic Dome"],"picked":"Astrolabe"}],"items_purged_floors":[12,19,38,48],"is_endless":false,"potions_floor_spawned":[1,3,4,6,18,21,33,36,39,47],"ascension_level":0}}