{"host":"z2qbs5oitkx9dzyk","time":1613078478,"event":{"mods":["BaseMod","Colored Map","Colored Powertips","Minty Spire (QoL Compilation)"],"gold_per_floor":[111,121,135,310,327,352,352,374,374,374,385,7,21,21,21,117,117,136,150,150,47,66,66,78,30,53,69,69,88,88,113,113,217,217,228,503,523,109,125,125,125,125,125,0,0,19,19,33,33,33,33],"floor_reached":50,"language":"ENG","playtime":11150,"items_purged":["Regret"],"score":494,"play_id":"38ce5420-35b7-4967-95a5-38f79eb118ae","local_time":"20210211152118","is_ascension_mode":false,"campfire_choices":[{"data":"Anger","floor":10,"key":"SMITH"},{"data":"Doubt","floor":15,"key":"PURGE"},{"data":"Anger","floor":23,"key":"SMITH"},{"data":"Strike_R","floor":30,"key":"PURGE"},{"data":"Strike_R","floor":32,"key":"PURGE"},{"data":"Regret","floor":40,"key":"PURGE"},{"data":"Barricade","floor":42,"key":"SMITH"},{"data":"Sentinel","floor":45,"key":"SMITH"},{"floor":49,"key":"RECALL"}],"circlet_count":0,"master_deck":["Defend_R","Defend_R","Defend_R","Defend_R","Bash+1","Anger+1","Shockwave","Flex","Flame Barrier","Corruption","Anger+1","Flex","Limit Break","Flex+1","Whirlwind+1","Uppercut+1","Sentinel+1","Barricade+1","Heavy Blade+1","Demon Form","Iron Wave+1"],"relics":["Burning Blood","Shuriken","Blue Candle","Odd Mushroom","Peace Pipe","Astrolabe","Orichalcum","Blood Vial","Runic Cube","OrangePellets","Bottled Flame","Sundial","Meat on the Bone","Red Mask","Boot"],"acts_visited":["Exordium","TheCity","TheBeyond"],"potions_floor_usage":[6,6,16,16,48,50,50,50],"damage_taken":[{"damage":0,"enemies":"Small Slimes","floor":1,"turns":3},{"damage":3,"enemies":"Jaw Worm","floor":2,"turns":3},{"damage":0,"enemies":"Cultist","floor":3,"turns":4},{"damage":10,"enemies":"Looter","floor":5,"turns":3},{"damage":14,"enemies":"Gremlin Nob","floor":6,"turns":3},{"damage":41,"enemies":"The Mushroom Lair","floor":8,"turns":7},{"damage":6,"enemies":"Lots of Slimes","floor":11,"turns":5},{"damage":10,"enemies":"Exordium Thugs","floor":13,"turns":3},{"damage":5,"enemies":"Slime Boss","floor":16,"turns":9},{"damage":14,"enemies":"Spheric Guardian","floor":18,"turns":4},{"damage":5,"enemies":"Chosen","floor":19,"turns":3},{"damage":12,"enemies":"Snake Plant","floor":22,"turns":3},{"damage":7,"enemies":"Snecko","floor":24,"turns":4},{"damage":3,"enemies":"3 Cultists","floor":27,"turns":4},{"damage":7,"enemies":"Cultist and Chosen","floor":29,"turns":5},{"damage":54,"enemies":"Champ","floor":33,"turns":8},{"damage":17,"enemies":"3 Darklings","floor":35,"turns":3},{"damage":5,"enemies":"3 Shapes","floor":37,"turns":12},{"damage":9,"enemies":"Jaw Worm Horde","floor":39,"turns":3},{"damage":58,"enemies":"Maw","floor":46,"turns":9},{"damage":18,"enemies":"Writhing Mass","floor":48,"turns":5},{"damage":69,"enemies":"Time Eater","floor":50,"turns":8}],"seed_played":"-4347585945413559547","potions_obtained":[{"floor":1,"key":"Fire Potion"},{"floor":2,"key":"DistilledChaos"},{"floor":11,"key":"SpeedPotion"},{"floor":13,"key":"ColorlessPotion"},{"floor":24,"key":"SkillPotion"},{"floor":35,"key":"BloodPotion"},{"floor":48,"key":"EssenceOfSteel"}],"is_trial":false,"path_per_floor":["M","M","M","?","M","E","?","?","T","R","M","$","M","$","R","B",null,"M","M","?","$","M","R","M","$","T","M","$","M","R","T","R","B",null,"M","?","M","$","M","R","T","R","T","?","R","M","T","M","R","B"],"character_chosen":"IRONCLAD","items_purchased":["Peace Pipe","CultistPotion","PowerPotion","OrangePellets","Bottled Flame"],"campfire_rested":0,"item_purchase_floors":[12,21,25,38,38],"current_hp_per_floor":[80,80,80,80,76,68,68,33,33,33,33,33,29,29,29,30,80,72,73,70,70,64,64,63,63,63,66,66,65,65,65,65,19,80,69,69,72,72,71,71,71,71,71,71,71,33,33,51,51,0,0],"gold":33,"neow_bonus":"UPGRADE_CARD","is_daily":false,"chose_seed":false,"campfire_upgraded":4,"win_rate":0.0,"timestamp":1613078478,"path_taken":["M","M","M","?","M","E","?","?","T","R","M","$","M","?","R","BOSS","M","?","?","$","?","R","M","$","T","M","$","M","R","?","R","BOSS","M","?","?","$","M","R","?","R","T","?","R","M","?","M","R","BOSS"],"items_purchased_type":["Relic","Potion","Potion","Relic","Relic"],"build_version":"2020-12-22","purchased_purges":1,"victory":false,"max_hp_per_floor":[80,80,80,80,80,80,80,80,80,80,80,80,80,80,80,80,80,80,80,80,80,80,80,80,80,80,80,80,80,80,80,80,80,80,80,80,80,80,80,80,80,80,80,80,80,80,80,80,80,80,80],"card_choices":[{"not_picked":["Disarm","Rupture"],"picked":"Anger","floor":1},{"not_picked":["Iron Wave","Cleave"],"picked":"Shockwave","floor":2},{"not_picked":["Dropkick","Feel No Pain"],"picked":"Flex","floor":3},{"not_picked":["Shrug It Off","Burning Pact"],"picked":"Flame Barrier","floor":5},{"not_picked":["Body Slam","Havoc"],"picked":"Corruption","floor":6},{"not_picked":["Combust","Pommel Strike"],"picked":"Anger","floor":8},{"not_picked":["Intimidate","Power Through"],"picked":"Flex","floor":11},{"not_picked":["Wild Strike","Burning Pact","Evolve"],"picked":"SKIP","floor":13},{"not_picked":["Feed","Offering"],"picked":"Limit Break","floor":16},{"not_picked":["Flex","Perfected Strike+1"],"picked":"Sentinel","floor":18},{"not_picked":["Pommel Strike","Clothesline","Anger"],"picked":"SKIP","floor":19},{"not_picked":["Heavy Blade","Havoc","Whirlwind+1"],"picked":"SKIP","floor":22},{"not_picked":["Clash+1","Double Tap","Body Slam+1"],"picked":"SKIP","floor":24},{"not_picked":["Burning Pact","Clash","Armaments"],"picked":"SKIP","floor":27},{"not_picked":["Armaments","Flame Barrier","Flex"],"picked":"SKIP","floor":29},{"not_picked":["Corruption","Reaper"],"picked":"Barricade","floor":33},{"not_picked":["Reckless Charge+1","Warcry+1","True Grit"],"picked":"SKIP","floor":35},{"not_picked":["Havoc+1","Armaments"],"picked":"Heavy Blade+1","floor":37},{"not_picked":["Iron Wave","Warcry+1","True Grit"],"picked":"SKIP","floor":39},{"not_picked":["Body Slam+1","Pummel+1"],"picked":"Demon Form","floor":46},{"not_picked":["Burning Pact+1","Armaments+1"],"picked":"Iron Wave+1","floor":48}],"player_experience":388562,"relics_obtained":[{"floor":6,"key":"Shuriken"},{"floor":8,"key":"Odd Mushroom"},{"floor":26,"key":"Orichalcum"},{"floor":31,"key":"Blood Vial"},{"floor":41,"key":"Sundial"},{"floor":43,"key":"Meat on the Bone"},{"floor":47,"key":"Boot"}],"event_choices":[{"damage_healed":0,"gold_gain":175,"player_choice":"AGREE","damage_taken":0,"max_hp_gain":0,"max_hp_loss":0,"event_name":"Liars Game","floor":4,"gold_loss":0,"cards_obtained":["Doubt"]},{"damage_healed":0,"gold_gain":0,"player_choice":"Box","damage_taken":0,"relics_obtained":["Blue Candle"],"max_hp_gain":0,"max_hp_loss":0,"event_name":"Big Fish","floor":7,"gold_loss":0,"cards_obtained":["Regret"]},{"damage_healed":0,"gold_gain":0,"player_choice":"Fought Mushrooms","damage_taken":0,"max_hp_gain":0,"max_hp_loss":0,"event_name":"Mushrooms","floor":8,"gold_loss":0},{"damage_healed":0,"gold_gain":0,"player_choice":"Punched","damage_taken":3,"max_hp_gain":0,"max_hp_loss":0,"event_name":"Designer","floor":20,"gold_loss":0},{"damage_healed":0,"gold_gain":275,"player_choice":"Desecrate","damage_taken":0,"max_hp_gain":0,"max_hp_loss":0,"event_name":"Golden Shrine","floor":36,"gold_loss":0,"cards_obtained":["Regret"]},{"damage_healed":0,"gold_gain":0,"player_choice":"Paid","damage_taken":0,"relics_obtained":["Red Mask"],"max_hp_gain":0,"max_hp_loss":0,"event_name":"Tomb of Lord Red Mask","floor":44,"gold_loss":125}],"is_beta":false,"boss_relics":[{"not_picked":["SlaversCollar","Snecko Eye"],"picked":"Astrolabe"},{"not_picked":["Coffee Dripper","Runic Dome"],"picked":"Runic Cube"}],"items_purged_floors":[12],"is_endless":false,"potions_floor_spawned":[1,2,11,13,24,27,29,33,35,48],"killed_by":"Time Eater","ascension_level":0}}