{"host":"04x9isxu4s2lvye3","time":1613011790,"event":{"mods":["BaseMod","Colored Powertips","Highlight Path","Minty Spire (QoL Compilation)"],"gold_per_floor":[217,217,231,231,247,247,279,291,370,370,405,13,25,36,36,132,132,142,82,93,112,136,136,153,153,153,166,182,196,14,40,40,136,136,150,25,35,45,0,33,46,96,96,96,108,108,124,16,16,16],"floor_reached":51,"language":"ENG","playtime":4065,"items_purged":["Strike_G","Shame","Injury"],"score":920,"play_id":"83b7785a-034c-446a-b86e-960942df1701","local_time":"20210210214950","is_ascension_mode":true,"campfire_choices":[{"data":"Neutralize","floor":6,"key":"SMITH"},{"data":"Accuracy","floor":10,"key":"SMITH"},{"data":"Footwork","floor":15,"key":"SMITH"},{"data":"Blade Dance","floor":23,"key":"SMITH"},{"floor":25,"key":"REST"},{"floor":32,"key":"REST"},{"data":"Acrobatics","floor":46,"key":"SMITH"},{"floor":49,"key":"REST"}],"circlet_count":0,"master_deck":["Strike_G","Strike_G","Strike_G","Defend_G","Defend_G","Defend_G","Defend_G","Defend_G","Survivor","Neutralize+1","Distraction","Blade Dance+1","Glass Knife","Blur","Accuracy+1","Heel Hook","Acrobatics+1","Phantasmal Killer","Cloak And Dagger","Footwork+1","Concentrate","PiercingWail","Eviscerate","Tools of the Trade","Caltrops","Slice+1","Underhanded Strike+1","Dash","Cloak And Dagger","Finesse","After Image","Cloak And Dagger","Backflip+1","Dodge and Roll+1","Dodge and Roll+1","Distraction+1","Calculated Gamble+1","Decay","Prepared+1","Accuracy"],"relics":["Ring of the Snake","InkBottle","Happy Flower","Bottled Flame","Bag of Preparation","Lee\u0027s Waffle","Cursed Key","Akabeko","Meat on the Bone","Tough Bandages","WristBlade","Red Mask","Toy Ornithopter","Ice Cream","Shuriken"],"acts_visited":["Exordium","TheCity","TheBeyond"],"potions_floor_usage":[11,21,28,31,31,33,40,50],"damage_taken":[{"damage":2,"enemies":"Cultist","floor":1,"turns":5},{"damage":4,"enemies":"2 Louse","floor":3,"turns":4},{"damage":3,"enemies":"Jaw Worm","floor":5,"turns":4},{"damage":14,"enemies":"Gremlin Nob","floor":7,"turns":3},{"damage":10,"enemies":"Lots of Slimes","floor":8,"turns":5},{"damage":7,"enemies":"Lagavulin","floor":11,"turns":5},{"damage":6,"enemies":"Exordium Thugs","floor":13,"turns":3},{"damage":6,"enemies":"Gremlin Gang","floor":14,"turns":5},{"damage":21,"enemies":"Hexaghost","floor":16,"turns":12},{"damage":16,"enemies":"Spheric Guardian","floor":18,"turns":6},{"damage":0,"enemies":"Chosen","floor":20,"turns":3},{"damage":9,"enemies":"Shelled Parasite and Fungi","floor":21,"turns":5},{"damage":10,"enemies":"Snake Plant","floor":24,"turns":3},{"damage":7,"enemies":"Centurion and Healer","floor":27,"turns":6},{"damage":2,"enemies":"3 Cultists","floor":28,"turns":7},{"damage":14,"enemies":"Snecko","floor":29,"turns":4},{"damage":11,"enemies":"Gremlin Leader","floor":31,"turns":6},{"damage":31,"enemies":"Automaton","floor":33,"turns":11},{"damage":8,"enemies":"3 Shapes","floor":35,"turns":7},{"damage":0,"enemies":"Orb Walker","floor":37,"turns":3},{"damage":19,"enemies":"Sphere and 2 Shapes","floor":38,"turns":5},{"damage":18,"enemies":"Reptomancer","floor":40,"turns":9},{"damage":0,"enemies":"Spire Growth","floor":41,"turns":6},{"damage":0,"enemies":"Mind Bloom Boss Battle","floor":42,"turns":5},{"damage":0,"enemies":"4 Shapes","floor":45,"turns":5},{"damage":0,"enemies":"Maw","floor":47,"turns":7},{"damage":20,"enemies":"Donu and Deca","floor":50,"turns":9}],"seed_played":"-818179903218419707","potions_obtained":[{"floor":1,"key":"CunningPotion"},{"floor":3,"key":"GhostInAJar"},{"floor":13,"key":"PowerPotion"},{"floor":16,"key":"SpeedPotion"},{"floor":18,"key":"EssenceOfSteel"},{"floor":24,"key":"BlessingOfTheForge"},{"floor":29,"key":"Fire Potion"},{"floor":37,"key":"Weak Potion"},{"floor":40,"key":"Energy Potion"},{"floor":42,"key":"Energy Potion"}],"is_trial":false,"path_per_floor":["M","T","M","?","M","R","E","M","T","R","E","$","M","M","R","B",null,"M","?","M","M","T","R","M","R","T","M","M","M","$","E","R","B",null,"M","$","M","M","?","E","M","?","T","$","M","R","M","$","R","B",null],"character_chosen":"THE_SILENT","items_purchased":["Lee\u0027s Waffle","Cloak And Dagger","Footwork","Concentrate","Finesse","CunningPotion","Accuracy"],"campfire_rested":3,"item_purchase_floors":[12,12,12,12,30,48,48],"current_hp_per_floor":[61,61,57,57,54,54,40,30,30,30,23,77,71,65,65,44,69,53,53,53,44,44,44,34,57,57,50,48,46,46,47,70,39,68,60,60,60,41,41,35,47,47,47,47,47,47,47,47,70,55],"gold":16,"neow_bonus":"HUNDRED_GOLD","is_daily":false,"chose_seed":false,"campfire_upgraded":5,"win_rate":0.0,"timestamp":1613011790,"path_taken":["M","?","?","?","M","R","E","M","T","R","E","$","?","M","R","BOSS","M","?","M","?","?","R","M","R","T","M","M","?","$","E","R","BOSS","M","$","M","M","?","E","M","?","T","?","M","R","?","$","R","BOSS"],"items_purchased_type":["Relic","Card","Card","Card","Card","Potion","Card"],"build_version":"2020-12-22","purchased_purges":3,"victory":true,"max_hp_per_floor":[70,70,70,70,70,70,70,70,70,70,70,77,77,77,77,77,77,77,77,77,77,77,77,77,77,77,77,77,77,77,77,77,77,77,77,77,77,77,77,77,77,77,77,77,77,77,77,77,77,77],"card_choices":[{"not_picked":["Underhanded Strike","Quick Slash"],"picked":"Distraction","floor":1},{"not_picked":["Acrobatics","PiercingWail"],"picked":"Blade Dance","floor":3},{"not_picked":["Deflect","Skewer"],"picked":"Accuracy","floor":5},{"not_picked":["Dodge and Roll","Backstab"],"picked":"Heel Hook","floor":7},{"not_picked":["Riddle With Holes","Quick Slash"],"picked":"Acrobatics","floor":8},{"not_picked":["Poisoned Stab","Dagger Throw"],"picked":"Phantasmal Killer","floor":11},{"not_picked":["Skewer","Bane"],"picked":"PiercingWail","floor":13},{"not_picked":["Flying Knee","Catalyst"],"picked":"Eviscerate","floor":14},{"not_picked":["Unload","Doppelganger"],"picked":"Tools of the Trade","floor":16},{"not_picked":["Setup","Quick Slash","Poisoned Stab"],"picked":"SKIP","floor":18},{"not_picked":["Deflect","Prepared"],"picked":"Caltrops","floor":20},{"not_picked":["Deadly Poison","Distraction"],"picked":"Slice+1","floor":21},{"not_picked":["Sucker Punch","Cloak And Dagger"],"picked":"Underhanded Strike+1","floor":24},{"not_picked":["Expertise","Quick Slash"],"picked":"Dash","floor":27},{"not_picked":["Expertise","Heel Hook","Glass Knife"],"picked":"SKIP","floor":28},{"not_picked":["Bane","Expertise"],"picked":"Cloak And Dagger","floor":29},{"not_picked":["Quick Slash","Bane+1","Choke"],"picked":"SKIP","floor":31},{"not_picked":["Storm of Steel","Phantasmal Killer"],"picked":"After Image","floor":33},{"not_picked":["Masterful Stab","Predator+1"],"picked":"Cloak And Dagger","floor":35},{"not_picked":["Cloak And Dagger+1","Eviscerate"],"picked":"Backflip+1","floor":37},{"not_picked":["Outmaneuver","Underhanded Strike"],"picked":"Dodge and Roll+1","floor":38},{"not_picked":["Bouncing Flask","Wraith Form v2"],"picked":"Dodge and Roll+1","floor":40},{"not_picked":["Flying Knee","Underhanded Strike"],"picked":"Distraction+1","floor":41},{"not_picked":["Dodge and Roll+1","Choke"],"picked":"Calculated Gamble+1","floor":42},{"not_picked":["Underhanded Strike+1","Quick Slash"],"picked":"Prepared+1","floor":45},{"not_picked":["Underhanded Strike+1","Deflect+1","Sucker Punch+1"],"picked":"SKIP","floor":47}],"player_experience":260817,"relics_obtained":[{"floor":2,"key":"InkBottle"},{"floor":7,"key":"Happy Flower"},{"floor":9,"key":"Bottled Flame"},{"floor":11,"key":"Bag of Preparation"},{"floor":22,"key":"Akabeko"},{"floor":26,"key":"Meat on the Bone"},{"floor":31,"key":"Tough Bandages"},{"floor":40,"key":"Toy Ornithopter"},{"floor":42,"key":"Ice Cream"},{"floor":43,"key":"Shuriken"}],"event_choices":[{"damage_healed":0,"gold_gain":0,"player_choice":"2 cards matched","damage_taken":0,"max_hp_gain":0,"max_hp_loss":0,"event_name":"Match and Keep!","floor":4,"gold_loss":0,"cards_obtained":["Glass Knife","Blur"]},{"cards_removed":["Strike_G"],"damage_healed":0,"gold_gain":0,"player_choice":"Single Remove","damage_taken":0,"max_hp_gain":0,"max_hp_loss":0,"event_name":"Designer","floor":19,"gold_loss":60},{"damage_healed":0,"gold_gain":0,"player_choice":"Paid","damage_taken":0,"relics_obtained":["Red Mask"],"max_hp_gain":0,"max_hp_loss":0,"event_name":"Tomb of Lord Red Mask","floor":39,"gold_loss":45},{"damage_healed":0,"gold_gain":0,"player_choice":"Fight","damage_taken":0,"max_hp_gain":0,"max_hp_loss":0,"event_name":"MindBloom","floor":42,"gold_loss":0}],"is_beta":false,"boss_relics":[{"not_picked":["Tiny House","SacredBark"],"picked":"Cursed Key"},{"not_picked":["Snecko Eye","Runic Pyramid"],"picked":"WristBlade"}],"items_purged_floors":[12,30,36],"is_endless":false,"potions_floor_spawned":[1,3,13,16,18,20,24,29,37,40,42],"ascension_level":7}}