{"host":"0jile2yd1dg679g0","time":1613009085,"event":{"mods":["AchievementEnabler","Act Like it!","BaseMod","Better Third Choice","Bossed Relics","Colored Map","Colored Powertips","Gensokyo","Marisa????????","Minty Spire (QoL Compilation)","Random Character Button","Reliquary","Spicy Shops","StSLib","The Marked","The Senshi","The Servant 0.9.4","Transform Curses","Waifu the Spire"],"gold_per_floor":[109,109,184,184,208,241,271,292,317,317,120,295,295,364,364,364,364],"floor_reached":16,"language":"ENG","playtime":1045,"items_purged":[],"score":123,"play_id":"829275ed-ab37-42ca-95e3-2d75a4b811c5","local_time":"20210210210445","is_ascension_mode":false,"campfire_choices":[{"data":"WitchOfGreed","floor":10,"key":"SMITH"},{"data":"MaximisePower","floor":13,"key":"SMITH"},{"floor":15,"key":"REST"}],"circlet_count":0,"master_deck":["Strike_MRS","Strike_MRS","Strike_MRS+1","Strike_MRS","Defend_MRS","Defend_MRS","Defend_MRS","Defend_MRS","MasterSpark","UpSweep+1","IllusionStar+1","StarBarrage","GalacticHalo","WitchOfGreed+1","MaximisePower+1","WitchOfGreed","Doubt","GrandCross"],"relics":["MiniHakkero","NeowsBlessing","Golden Idol","Whetstone","theSenshi:FeatherClipsRelic","Art of War"],"acts_visited":["Exordium"],"potions_floor_usage":[16],"damage_taken":[{"damage":0,"enemies":"Cultist","floor":1,"turns":1},{"damage":0,"enemies":"2 Louse","floor":5,"turns":2},{"damage":0,"enemies":"3 Sentries","floor":6,"turns":1},{"damage":0,"enemies":"Small Slimes","floor":8,"turns":3},{"damage":20,"enemies":"Looter","floor":14,"turns":3},{"damage":86,"enemies":"Hexaghost","floor":16,"turns":9}],"seed_played":"8238725397364549616","potions_obtained":[{"floor":5,"key":"FairyPotion"},{"floor":8,"key":"DuplicationPotion"},{"floor":14,"key":"ColorlessPotion"}],"is_trial":false,"path_per_floor":["M","?","?","?","M","E","?","M","T","R","$","?","R","M","R","B"],"character_chosen":"MARISA","items_purchased":["MaximisePower","WitchOfGreed","reliquary:FerryPass"],"campfire_rested":1,"item_purchase_floors":[11,11,11],"current_hp_per_floor":[75,57,46,46,46,46,46,52,52,52,52,52,52,38,60,0,0],"gold":364,"neow_bonus":"THREE_ENEMY_KILL","is_daily":false,"chose_seed":false,"campfire_upgraded":2,"win_rate":0.0,"timestamp":1613009085,"path_taken":["M","?","?","?","?","E","?","M","T","R","$","?","R","M","R","BOSS"],"items_purchased_type":["Card","Card","Relic"],"build_version":"2020-12-22","purchased_purges":0,"victory":false,"max_hp_per_floor":[75,75,75,75,75,75,75,75,75,75,75,75,75,75,75,75,75],"card_choices":[{"not_picked":["6A","GalacticHalo"],"picked":"IllusionStar","floor":1},{"not_picked":["DoubleSpark","MilkyWay"],"picked":"StarBarrage","floor":5},{"not_picked":["MilkyWay","Acceleration"],"picked":"GalacticHalo","floor":6},{"not_picked":["MilkyWay","EscapeVelocity"],"picked":"WitchOfGreed","floor":8},{"not_picked":["DC","DoubleSpark"],"picked":"GrandCross","floor":14}],"player_experience":335172,"relics_obtained":[{"floor":6,"key":"Whetstone"},{"floor":9,"key":"Art of War"}],"event_choices":[{"damage_healed":0,"gold_gain":0,"player_choice":"Take Damage","damage_taken":18,"relics_obtained":["Golden Idol"],"max_hp_gain":0,"max_hp_loss":0,"event_name":"Golden Idol","floor":2,"gold_loss":0},{"damage_healed":0,"gold_gain":75,"player_choice":"Gold","damage_taken":11,"max_hp_gain":0,"max_hp_loss":0,"event_name":"betterThird:BetterGoop","floor":3,"gold_loss":0},{"damage_healed":0,"gold_gain":0,"player_choice":"Grow","damage_taken":0,"max_hp_gain":0,"max_hp_loss":0,"event_name":"Living Wall","floor":4,"gold_loss":0,"cards_upgraded":["IllusionStar"]},{"damage_healed":0,"gold_gain":30,"player_choice":"Searched \u00273\u0027 times","damage_taken":0,"relics_obtained":["theSenshi:FeatherClipsRelic"],"max_hp_gain":0,"max_hp_loss":0,"event_name":"Dead Adventurer","floor":7,"gold_loss":0},{"damage_healed":0,"gold_gain":175,"player_choice":"AGREE","damage_taken":120,"max_hp_gain":0,"max_hp_loss":0,"event_name":"betterThird:BetterSerpent","floor":12,"gold_loss":0}],"is_beta":false,"boss_relics":[],"items_purged_floors":[],"is_endless":false,"potions_floor_spawned":[5,8],"killed_by":"Hexaghost","ascension_level":0}}