{"host":"5ddwedapke4fsx0r","time":1613071404,"event":{"mods":["BaseMod","Downfall","Minty Spire (QoL Compilation)","Reliquary","Shade Mod","StSLib"],"gold_per_floor":[99,116,130,81,81,81,81,81,94,194,119,69,69,94,104,201,201,51,71,87,107,92,127,127,76,111,61,61,61,88,88,88,88,88],"floor_reached":32,"language":"ENG","playtime":1940,"items_purged":[],"score":323,"play_id":"31561915-4bde-4406-aa7a-99957cf42efe","local_time":"20210211202324","is_ascension_mode":true,"campfire_choices":[{"data":"Slimebound:Split","floor":1,"key":"SMITH"},{"data":"Slimebound:AcidTongue","floor":8,"key":"SMITH"},{"data":"Slimebound:LivingWall","floor":12,"key":"SMITH"},{"data":"Slimebound:OozeBath","floor":18,"key":"SMITH"},{"floor":27,"key":"REST"},{"floor":28,"key":"RECALL"}],"circlet_count":0,"master_deck":["Slimebound:Strike_Slimebound+1","Slimebound:Strike_Slimebound+1","Slimebound:Tackle","Slimebound:Defend_Slimebound","Slimebound:Defend_Slimebound","Slimebound:Split+1","Slimebound:CorrosiveSpit","Slimebound:PressTheAttack","Slimebound:FormOfPuddle","Slimebound:LivingWall+1","Slimebound:AcidTongue+1","Slimebound:Equalize","Slimebound:OozeBath+1","CurseOfTheBell","Slimebound:SplitSpecialist","Slimebound:Recollect+1","Slimebound:LeechingTouch","Slimebound:RainOfGoop","Slimebound:LevelUp","Slimebound:Grow","Pride","Slimebound:Equalize+1"],"relics":["Slimebound:AbsorbEndCombat","reliquary:BoilingFlask","Pantograph","Slimebound:GreedOozeRelic","Kunai","Calling Bell","Juzu Bracelet","Matryoshka","WingedGreaves","downfall:HeartBlessingGreen","Art of War","Whetstone","Gambling Chip","reliquary:IridiumChain","reliquary:TuningFork","StrikeDummy","reliquary:WeakTea","Ginger"],"acts_visited":["Exordium","TheCity"],"potions_floor_usage":[15,20,21,26,30,32],"damage_taken":[{"damage":4,"enemies":"Cultist","floor":2,"turns":3},{"damage":0,"enemies":"Small Slimes","floor":3,"turns":2},{"damage":3,"enemies":"downfall:FleeingMerchant","floor":4,"turns":4},{"damage":0,"enemies":"2 Louse","floor":9,"turns":2},{"damage":24,"enemies":"3 Sentries","floor":14,"turns":8},{"damage":9,"enemies":"Exordium Wildlife","floor":15,"turns":4},{"damage":27,"enemies":"SI_SHIV_ARCHETYPE","floor":16,"turns":6},{"damage":8,"enemies":"Shell Parasite","floor":19,"turns":6},{"damage":10,"enemies":"Spheric Guardian","floor":20,"turns":6},{"damage":17,"enemies":"Chosen and Byrds","floor":21,"turns":6},{"damage":0,"enemies":"downfall:FleeingMerchant","floor":22,"turns":4},{"damage":27,"enemies":"Book of Stabbing","floor":23,"turns":6},{"damage":11,"enemies":"downfall:FleeingMerchant","floor":25,"turns":4},{"damage":31,"enemies":"Gremlin Leader","floor":26,"turns":7},{"damage":44,"enemies":"Slavers","floor":30,"turns":6},{"damage":13,"enemies":"Snake Plant","floor":32,"turns":2}],"seed_played":"8759345013536067780","potions_obtained":[{"floor":3,"key":"Slimebound:SlimedPotion"},{"floor":14,"key":"AttackPotion"},{"floor":19,"key":"Block Potion"},{"floor":20,"key":"Weak Potion"},{"floor":26,"key":"ColorlessPotion"},{"floor":30,"key":"PowerPotion"}],"is_trial":false,"path_per_floor":["R","M","M","$","T","?","T","R","M","?","?","R","T","E","M","B",null,"R","M","M","M","$","E","T","$","E","R","R","?","E","T","M"],"character_chosen":"SLIMEBOUND","items_purchased":["Slimebound:AcidTongue","Slimebound:Grow"],"campfire_rested":1,"item_purchase_floors":[4,25],"current_hp_per_floor":[59,59,59,59,59,59,59,59,59,59,59,59,59,39,36,41,59,59,59,57,50,59,38,38,41,22,39,39,39,7,7,0,0,0],"gold":88,"neow_bonus":"REMOVE_TWO","is_daily":false,"chose_seed":false,"campfire_upgraded":4,"win_rate":0.0,"timestamp":1613071404,"path_taken":["R","M","M","?","?","?","T","R","?","?","?","R","?","E","M","BOSS","R","M","M","M","$","E","T","$","E","R","R","?","E","?","M"],"items_purchased_type":["Card","Card"],"build_version":"2020-12-22","purchased_purges":0,"victory":false,"max_hp_per_floor":[59,59,59,59,59,59,59,59,59,59,59,59,59,59,59,59,59,59,59,59,59,59,59,59,59,59,59,59,59,59,59,59,59,59],"card_choices":[{"not_picked":["Slimebound:SplitAcid","Slimebound:Prepare"],"picked":"Slimebound:PressTheAttack","floor":2},{"not_picked":["Slimebound:DisruptingSlam","Slimebound:SlimeSpikes"],"picked":"Slimebound:FormOfPuddle","floor":3},{"not_picked":["Slimebound:ForwardTackle","Slimebound:PressTheAttack"],"picked":"Slimebound:LivingWall","floor":4},{"not_picked":["Slimebound:RollThrough","Slimebound:LeechEnergy","Slimebound:SlimeSpikes"],"picked":"SKIP","floor":9},{"not_picked":["Slimebound:FormOfPuddle","Slimebound:GoopTackle","Slimebound:SlimeSpikes"],"picked":"SKIP","floor":14},{"not_picked":["Slimebound:SamplingLick","Slimebound:PrepareCrush"],"picked":"Slimebound:Equalize","floor":15},{"not_picked":["Slimebound:MassRepurpose","Slimebound:TagTeam"],"picked":"Slimebound:OozeBath","floor":16},{"not_picked":["Slimebound:Repurpose","Slimebound:LeadByExample"],"picked":"Slimebound:SplitSpecialist","floor":19},{"not_picked":["Slimebound:TongueLash","Slimebound:DisruptingSlam"],"picked":"Slimebound:Recollect+1","floor":20},{"not_picked":["Slimebound:FinishingTackle","Slimebound:PressTheAttack"],"picked":"Slimebound:LeechingTouch","floor":21},{"not_picked":["Slimebound:Repurpose","Slimebound:LevelUp"],"picked":"Slimebound:RainOfGoop","floor":22},{"not_picked":["Slimebound:BestDefense","Slimebound:Dissolve"],"picked":"Slimebound:LevelUp","floor":23},{"not_picked":["Slimebound:BestDefense","Slimebound:GoopTackle","Slimebound:PressTheAttack"],"picked":"SKIP","floor":25},{"not_picked":["Slimebound:SplitMire","Slimebound:Prepare","Slimebound:HauntingLick"],"picked":"SKIP","floor":26},{"not_picked":["Slimebound:SplitAcid","Slimebound:HauntingLick"],"picked":"Slimebound:Equalize+1","floor":30}],"player_experience":491362,"relics_obtained":[{"floor":5,"key":"reliquary:BoilingFlask"},{"floor":7,"key":"Pantograph"},{"floor":14,"key":"Kunai"},{"floor":17,"key":"Juzu Bracelet"},{"floor":17,"key":"Matryoshka"},{"floor":17,"key":"WingedGreaves"},{"floor":23,"key":"Art of War"},{"floor":24,"key":"Whetstone"},{"floor":24,"key":"Gambling Chip"},{"floor":26,"key":"reliquary:IridiumChain"},{"floor":30,"key":"StrikeDummy"},{"floor":31,"key":"reliquary:WeakTea"},{"floor":31,"key":"Ginger"}],"event_choices":[{"damage_healed":0,"gold_gain":0,"player_choice":"Stole Relic","damage_taken":0,"relics_obtained":["reliquary:TuningFork"],"max_hp_gain":0,"max_hp_loss":0,"event_name":"Addict","floor":29,"gold_loss":0,"cards_obtained":["Pride"]}],"is_beta":false,"boss_relics":[{"not_picked":["reliquary:RedCape","reliquary:KinkedSpring"],"picked":"Calling Bell"}],"items_purged_floors":[],"is_endless":false,"potions_floor_spawned":[3,14,19,20,26,30],"killed_by":"Snake Plant","ascension_level":2}}