{"host":"4w0ph6h4vm9bom6o","time":1613057732,"event":{"mods":["BaseMod","Bestiary","Minty Spire (QoL Compilation)","Relic Stats","ojb\u0027s Better Paths Mod","ojb\u0027s Info Mod"],"gold_per_floor":[110,127,202,221,96,125,125,144,144,175,189,189,216,231,231,326,326,339,339,339,439,452,483,495,522,534,575,587,599,624,648,660,672,672],"floor_reached":33,"language":"ENG","playtime":2802,"items_purged":["Strike_G"],"score":374,"play_id":"72079d34-7613-4cf9-93f4-54de7b3fae53","local_time":"20210211173532","is_ascension_mode":true,"campfire_choices":[{"data":"Blade Dance","floor":7,"key":"SMITH"},{"data":"Predator","floor":12,"key":"SMITH"},{"floor":15,"key":"REST"},{"data":"Adrenaline","floor":24,"key":"SMITH"},{"data":"Caltrops","floor":28,"key":"SMITH"},{"data":"Outmaneuver","floor":32,"key":"SMITH"}],"circlet_count":0,"master_deck":["Strike_G","Strike_G","Defend_G","Defend_G","Defend_G","Defend_G","Defend_G","Survivor","Neutralize","Blade Dance+1","Dagger Throw","Flying Knee","Predator+1","Calculated Gamble","Acrobatics","PiercingWail","Crippling Poison","Caltrops+1","Adrenaline+1","Dodge and Roll+1","Ghostly","Ghostly","Ghostly","Ghostly","Ghostly","Leg Sweep","Deflect","Outmaneuver+1","Backflip","Well Laid Plans","Blur+1","Bullet Time"],"relics":["Ring of the Snake","NeowsBlessing","Orichalcum","Lantern","InkBottle","TungstenRod","Runic Pyramid","Nilry\u0027s Codex","MawBank","Eternal Feather","Blood Vial"],"acts_visited":["TheCity"],"potions_floor_usage":[6,6,16,16],"damage_taken":[{"damage":0,"enemies":"Cultist","floor":1,"turns":1},{"damage":0,"enemies":"Jaw Worm","floor":2,"turns":1},{"damage":0,"enemies":"Small Slimes","floor":4,"turns":1},{"damage":10,"enemies":"Lagavulin","floor":6,"turns":7},{"damage":5,"enemies":"Looter","floor":8,"turns":2},{"damage":6,"enemies":"3 Sentries","floor":10,"turns":5},{"damage":3,"enemies":"Red Slaver","floor":11,"turns":3},{"damage":15,"enemies":"Lagavulin","floor":13,"turns":4},{"damage":1,"enemies":"Large Slime","floor":14,"turns":4},{"damage":11,"enemies":"Slime Boss","floor":16,"turns":9},{"damage":15,"enemies":"Spheric Guardian","floor":18,"turns":6},{"damage":0,"enemies":"3 Byrds","floor":22,"turns":4},{"damage":23,"enemies":"Gremlin Leader","floor":23,"turns":12},{"damage":6,"enemies":"Centurion and Healer","floor":25,"turns":6},{"damage":0,"enemies":"Slavers","floor":27,"turns":8},{"damage":0,"enemies":"Snake Plant","floor":30,"turns":5},{"damage":0,"enemies":"Shelled Parasite and Fungi","floor":31,"turns":5},{"damage":42,"enemies":"Collector","floor":33,"turns":12}],"seed_played":"6198240297789910941","potions_obtained":[{"floor":1,"key":"Swift Potion"},{"floor":6,"key":"SmokeBomb"},{"floor":11,"key":"SkillPotion"},{"floor":13,"key":"DuplicationPotion"},{"floor":18,"key":"Poison Potion"},{"floor":23,"key":"Energy Potion"}],"is_trial":false,"path_per_floor":["M","M","?","M","$","E","R","M","T","E","M","R","E","M","R","B",null,"M","?","?","?","M","E","R","M","T","E","R","?","M","M","R","B"],"character_chosen":"THE_SILENT","items_purchased":["SteroidPotion"],"campfire_rested":1,"item_purchase_floors":[5],"current_hp_per_floor":[70,70,59,59,59,49,49,44,44,38,35,35,20,19,40,29,70,55,43,35,35,35,12,12,6,6,6,24,24,26,28,35,0,0],"gold":672,"neow_bonus":"THREE_ENEMY_KILL","is_daily":false,"chose_seed":false,"campfire_upgraded":5,"win_rate":0.0,"timestamp":1613057732,"path_taken":["M","?","?","M","$","E","R","M","T","E","M","R","E","M","R","BOSS","M","?","?","?","M","E","R","?","T","E","R","?","M","M","R","BOSS"],"items_purchased_type":["Potion"],"build_version":"2020-12-22","purchased_purges":1,"victory":false,"max_hp_per_floor":[70,70,70,70,70,70,70,70,70,70,70,70,70,70,70,70,70,70,70,35,35,35,35,35,35,35,35,35,35,35,35,35,35,35],"relic_stats":{"Blood Vial":4,"counters":[18,95],"Eternal Feather":25,"Orichalcum":[258],"MawBank":120,"obtain_stats":[{"Blood Vial":27,"Lantern":9,"NeowsBlessing":0,"Nilry\u0027s Codex":19,"Eternal Feather":26,"Orichalcum":6,"MawBank":23,"InkBottle":10,"TungstenRod":13,"Ring of the Snake":0,"Runic Pyramid":17},{"Blood Vial":15,"Lantern":5,"NeowsBlessing":0,"Nilry\u0027s Codex":11,"Eternal Feather":14,"Orichalcum":4,"MawBank":13,"InkBottle":6,"TungstenRod":8,"Ring of the Snake":0,"Runic Pyramid":10},{"Blood Vial":73,"Lantern":12,"NeowsBlessing":0,"Nilry\u0027s Codex":43,"Eternal Feather":65,"Orichalcum":10,"MawBank":59,"InkBottle":17,"TungstenRod":24,"Ring of the Snake":0,"Runic Pyramid":37}],"InkBottle":[28],"TungstenRod":22,"Ring of the Snake":[36]},"card_choices":[{"not_picked":["Prepared","Dagger Throw"],"picked":"Blade Dance","floor":1},{"not_picked":["Dagger Throw","Acrobatics","Finisher"],"picked":"SKIP","floor":2},{"not_picked":["Acrobatics","Finisher"],"picked":"Dagger Throw","floor":2},{"not_picked":["Prepared","Acrobatics"],"picked":"Flying Knee","floor":4},{"not_picked":["Endless Agony","Venomology"],"picked":"Predator","floor":6},{"not_picked":["Bane","Dagger Throw"],"picked":"Calculated Gamble","floor":8},{"not_picked":["Choke","Caltrops"],"picked":"Acrobatics","floor":10},{"not_picked":["Masterful Stab","Deadly Poison"],"picked":"PiercingWail","floor":11},{"not_picked":["Riddle With Holes","Underhanded Strike"],"picked":"Crippling Poison","floor":13},{"not_picked":["Crippling Poison","PiercingWail"],"picked":"Caltrops","floor":14},{"not_picked":["Envenom","Die Die Die"],"picked":"Adrenaline","floor":16},{"not_picked":["Blade Dance","Deadly Poison"],"picked":"Dodge and Roll+1","floor":18},{"not_picked":["Backflip+1","Choke+1"],"picked":"Leg Sweep","floor":22},{"not_picked":["Bane+1","Riddle With Holes"],"picked":"Deflect","floor":23},{"not_picked":["Acrobatics","Quick Slash+1","Infinite Blades+1"],"picked":"SKIP","floor":25},{"not_picked":["Poisoned Stab+1","Slice"],"picked":"Outmaneuver","floor":27},{"not_picked":["Dodge and Roll","Dagger Throw"],"picked":"Blur+1","floor":30},{"not_picked":["Quick Slash","Dagger Throw"],"picked":"Bullet Time","floor":31}],"player_experience":21803,"relics_obtained":[{"floor":6,"key":"Orichalcum"},{"floor":9,"key":"Lantern"},{"floor":10,"key":"InkBottle"},{"floor":13,"key":"TungstenRod"},{"floor":19,"key":"Nilry\u0027s Codex"},{"floor":23,"key":"MawBank"},{"floor":26,"key":"Eternal Feather"},{"floor":27,"key":"Blood Vial"}],"event_choices":[{"damage_healed":0,"gold_gain":75,"player_choice":"Gather Gold","damage_taken":11,"max_hp_gain":0,"max_hp_loss":0,"event_name":"World of Goop","floor":3,"gold_loss":0},{"damage_healed":0,"gold_gain":0,"player_choice":"Obtained Book","damage_taken":16,"max_hp_gain":0,"max_hp_loss":0,"event_name":"Cursed Tome","floor":19,"gold_loss":0},{"damage_healed":0,"gold_gain":0,"player_choice":"Became a Ghost","damage_taken":0,"max_hp_gain":0,"max_hp_loss":35,"event_name":"Ghosts","floor":20,"gold_loss":0,"cards_obtained":["Ghostly","Ghostly","Ghostly","Ghostly","Ghostly"]},{"damage_healed":0,"gold_gain":100,"player_choice":"Pray","damage_taken":0,"max_hp_gain":0,"max_hp_loss":0,"event_name":"Golden Shrine","floor":21,"gold_loss":0},{"damage_healed":0,"gold_gain":0,"cards_transformed":["Strike_G","Strike_G"],"player_choice":"Became Test Subject","damage_taken":0,"max_hp_gain":0,"max_hp_loss":0,"event_name":"Drug Dealer","floor":29,"gold_loss":0,"cards_obtained":["Backflip","Well Laid Plans"]}],"is_beta":false,"boss_relics":[{"not_picked":["Sozu","Black Star"],"picked":"Runic Pyramid"}],"items_purged_floors":[5],"is_endless":false,"potions_floor_spawned":[1,6,11,13,18,23,25,30,31],"killed_by":"Collector","ascension_level":1}}