{"host":"9brt9rggm379u2p7","time":1613065470,"event":{"mods":["AchievementEnabler","BaseMod","Highlight Path","Minty Spire (QoL Compilation)","Permanent Neow","Quick Restart","SuperFastMode"],"gold_per_floor":[117,127,140,156,176,176,209,221,233,280,292,324,336,348,360,475,487,514,526,526],"floor_reached":19,"language":"ENG","playtime":890,"items_purged":[],"score":224,"play_id":"ff4bf683-8acd-48f5-b2b1-06c60a9404e5","local_time":"20210212024430","is_ascension_mode":true,"campfire_choices":[{"data":"Grand Finale","floor":6.0,"key":"SMITH"},{"data":"Cloak And Dagger","floor":8.0,"key":"SMITH"},{"data":"Prepared","floor":15.0,"key":"SMITH"}],"circlet_count":0,"master_deck":["Strike_G","Strike_G","Strike_G","Strike_G","Defend_G","Defend_G","Defend_G","Defend_G","Survivor","Neutralize","Prepared+1","Cloak And Dagger+1","Grand Finale+1","Prepared","Burst"],"relics":["Ring of the Snake","MawBank","Sundial","Blue Candle","Frozen Egg 2"],"acts_visited":["Exordium","TheCity"],"potions_floor_usage":[],"damage_taken":[{"damage":1.0,"enemies":"Cultist","floor":1.0,"turns":5.0},{"damage":1.0,"enemies":"Jaw Worm","floor":2.0,"turns":5.0},{"damage":0.0,"enemies":"2 Louse","floor":3.0,"turns":3.0},{"damage":6.0,"enemies":"Exordium Thugs","floor":4.0,"turns":5.0},{"damage":0.0,"enemies":"Exordium Wildlife","floor":5.0,"turns":2.0},{"damage":0.0,"enemies":"Gremlin Nob","floor":7.0,"turns":2.0},{"damage":8.0,"enemies":"Lagavulin","floor":10.0,"turns":5.0},{"damage":15.0,"enemies":"Gremlin Gang","floor":12.0,"turns":9.0},{"damage":6.0,"enemies":"Slime Boss","floor":16.0,"turns":5.0},{"damage":62,"enemies":"Spheric Guardian","floor":18,"turns":9},{"damage":8,"enemies":"3 Byrds","floor":19,"turns":5}],"seed_played":"-6518703759934296706","potions_obtained":[{"floor":1.0,"key":"PowerPotion"},{"floor":3.0,"key":"Poison Potion"},{"floor":4.0,"key":"LiquidMemories"},{"floor":16.0,"key":"Dexterity Potion"},{"floor":18,"key":"DistilledChaos"}],"is_trial":false,"path_per_floor":["M","M","M","M","M","R","E","R","T","E","?","M","?","T","R","B",null,"M","M"],"character_chosen":"THE_SILENT","items_purchased":[],"campfire_rested":0,"item_purchase_floors":[],"current_hp_per_floor":[48,47,47,41,41,41,41,41,41,33,33,18,18,18,18,12,70,8,0,0],"gold":526,"neow_bonus":"REMOVE_TWO","is_daily":false,"chose_seed":false,"campfire_upgraded":3,"win_rate":0.0,"timestamp":1613065470,"path_taken":["M","M","M","M","?","R","E","R","T","E","?","M","?","?","R","BOSS","M","M"],"items_purchased_type":[],"build_version":"2020-12-22","purchased_purges":0,"victory":false,"max_hp_per_floor":[70,70,70,70,70,70,70,70,70,70,70,70,70,70,70,70,70,70,70,70],"card_choices":[{"not_picked":["Skewer","Distraction"],"picked":"Prepared","floor":1.0},{"not_picked":["Acrobatics","Dagger Throw"],"picked":"Cloak And Dagger","floor":2.0},{"not_picked":["Acrobatics","Dagger Spray","Deadly Poison"],"picked":"SKIP","floor":3.0},{"not_picked":["Calculated Gamble","Prepared"],"picked":"Grand Finale","floor":4.0},{"not_picked":["Backflip","Quick Slash","Blade Dance"],"picked":"SKIP","floor":5.0},{"not_picked":["Backflip","Quick Slash","Blade Dance"],"picked":"SKIP","floor":5.0},{"not_picked":["Backflip","Quick Slash","Blade Dance"],"picked":"SKIP","floor":5.0},{"not_picked":["Eviscerate","Finisher"],"picked":"Prepared","floor":7.0},{"not_picked":["Glass Knife","Flying Knee","Dagger Throw"],"picked":"SKIP","floor":10.0},{"not_picked":["Blur","Distraction","Deadly Poison"],"picked":"SKIP","floor":12.0},{"not_picked":["Storm of Steel","Bullet Time"],"picked":"Burst","floor":16.0},{"not_picked":["Bane+1","Distraction","Flying Knee"],"picked":"SKIP","floor":18}],"player_experience":417810,"relics_obtained":[{"floor":7.0,"key":"MawBank"},{"floor":9.0,"key":"Sundial"},{"floor":10.0,"key":"Blue Candle"},{"floor":14.0,"key":"Frozen Egg 2"}],"event_choices":[{"damage_healed":0.0,"max_hp_gain":0.0,"max_hp_loss":0.0,"gold_gain":0.0,"event_name":"Liars Game","player_choice":"Ignored","floor":11.0,"gold_loss":0.0,"damage_taken":0.0},{"damage_healed":0.0,"max_hp_gain":0.0,"max_hp_loss":0.0,"gold_gain":0.0,"event_name":"Scrap Ooze","player_choice":"Fled","floor":13.0,"gold_loss":0.0,"damage_taken":0.0}],"is_beta":false,"boss_relics":[{"not_picked":["Busted Crown","Cursed Key","Snecko Eye"]}],"items_purged_floors":[],"is_endless":false,"potions_floor_spawned":[1,3,4,16,18],"killed_by":"3 Byrds","ascension_level":2}}