{"host":"xt3o4iokwksypl90","time":1613068127,"event":{"mods":["AchievementEnabler","BaseMod","Googly Eyes","Highlight Path","Minty Spire (QoL Compilation)","Permanent Neow"],"gold_per_floor":[15,30,4,4,4,33,52,84,111,123,123,133,166,182,182,281,281,300,310,310,329,344,344,344],"floor_reached":23,"language":"ENG","playtime":1424,"items_purged":[],"score":280,"play_id":"c852441e-a374-4139-acfa-687eabcae8b8","local_time":"20210211192847","is_ascension_mode":true,"campfire_choices":[{"floor":11.0,"key":"REST"},{"floor":15.0,"key":"REST"}],"circlet_count":0,"master_deck":["Strike_B","Strike_B","Defend_B","Defend_B","Defend_B","Defend_B","Zap","Dualcast","Apotheosis","Streamline","FTL","Hologram","Rebound","Cold Snap","Conserve Battery","Glacier","Darkness","Seek","Conserve Battery","Fusion"],"relics":["Cracked Core","MealTicket","DataDisk","Boot","Girya","Nuclear Battery"],"acts_visited":["Exordium","TheCity"],"potions_floor_usage":[23,23,23],"damage_taken":[{"damage":0.0,"enemies":"Cultist","floor":1.0,"turns":3.0},{"damage":10.0,"enemies":"Small Slimes","floor":2.0,"turns":3.0},{"damage":4.0,"enemies":"Lagavulin","floor":6.0,"turns":4.0},{"damage":8.0,"enemies":"2 Louse","floor":7.0,"turns":2.0},{"damage":11.0,"enemies":"Gremlin Nob","floor":8.0,"turns":3.0},{"damage":14.0,"enemies":"Lots of Slimes","floor":10.0,"turns":4.0},{"damage":9.0,"enemies":"3 Louse","floor":12.0,"turns":4.0},{"damage":1.0,"enemies":"Lagavulin","floor":13.0,"turns":6.0},{"damage":11.0,"enemies":"Red Slaver","floor":14.0,"turns":3.0},{"damage":2.0,"enemies":"Slime Boss","floor":16.0,"turns":6.0},{"damage":0.0,"enemies":"Spheric Guardian","floor":18.0,"turns":3.0},{"damage":26.0,"enemies":"3 Byrds","floor":19.0,"turns":5.0},{"damage":7.0,"enemies":"Snecko","floor":21.0,"turns":5.0},{"damage":21.0,"enemies":"Snake Plant","floor":22.0,"turns":5.0},{"damage":14,"enemies":"Slavers","floor":23,"turns":2}],"seed_played":"-4950052088870565119","potions_obtained":[{"floor":2.0,"key":"EssenceOfSteel"},{"floor":6.0,"key":"PotionOfCapacity"},{"floor":10.0,"key":"AttackPotion"},{"floor":21.0,"key":"BlessingOfTheForge"}],"is_trial":false,"path_per_floor":["M","M","$","?","?","E","M","E","T","M","R","M","E","M","R","B",null,"M","M","?","M","M","E"],"character_chosen":"DEFECT","items_purchased":["Hologram"],"campfire_rested":2,"item_purchase_floors":[3],"current_hp_per_floor":[68,58,58,51,51,47,39,28,28,14,36,27,26,15,37,35,65,65,39,39,32,11,0,0],"gold":344,"neow_bonus":"RANDOM_COLORLESS_2","is_daily":false,"chose_seed":false,"campfire_upgraded":0,"win_rate":0.0,"timestamp":1613068127,"path_taken":["M","M","?","?","?","E","M","E","T","M","R","?","E","M","R","BOSS","M","M","?","M","M","E"],"items_purchased_type":["Card"],"build_version":"2020-12-22","purchased_purges":0,"victory":false,"max_hp_per_floor":[75,75,75,75,75,75,75,75,75,75,75,75,75,75,75,75,75,75,75,75,75,75,75,75],"card_choices":[{"not_picked":["Sadistic Nature","Transmutation"],"picked":"Apotheosis","floor":0.0},{"not_picked":["White Noise","Leap"],"picked":"Streamline","floor":1.0},{"not_picked":["Gash","Chill"],"picked":"FTL","floor":2.0},{"not_picked":["Go for the Eyes","Reinforced Body"],"picked":"Rebound","floor":6.0},{"not_picked":["Reinforced Body","Blizzard"],"picked":"Cold Snap","floor":7.0},{"not_picked":["Beam Cell","Aggregate"],"picked":"Conserve Battery","floor":8.0},{"not_picked":["Go for the Eyes","Sunder"],"picked":"Glacier","floor":10.0},{"not_picked":["Go for the Eyes","Gash","Skim"],"picked":"SKIP","floor":12.0},{"not_picked":["Heatsinks","Melter"],"picked":"Darkness","floor":13.0},{"not_picked":["Force Field","Multi-Cast","Coolheaded"],"picked":"SKIP","floor":14.0},{"not_picked":["Creative AI","Electrodynamics"],"picked":"Seek","floor":16.0},{"not_picked":["Turbo","Sweeping Beam","Aggregate"],"picked":"SKIP","floor":18.0},{"not_picked":["Melter+1","Gash","Reprogram"],"picked":"SKIP","floor":19.0},{"not_picked":["Streamline","Go for the Eyes","Recycle"],"picked":"SKIP","floor":21.0},{"not_picked":["Barrage","Blizzard+1"],"picked":"Fusion","floor":22.0}],"player_experience":349286,"relics_obtained":[{"floor":6.0,"key":"MealTicket"},{"floor":8.0,"key":"DataDisk"},{"floor":9.0,"key":"Boot"},{"floor":13.0,"key":"Girya"}],"event_choices":[{"cards_removed":["Strike_B"],"damage_healed":0.0,"max_hp_gain":0.0,"max_hp_loss":0.0,"gold_gain":0.0,"event_name":"Golden Wing","player_choice":"Card Removal","floor":4.0,"gold_loss":0.0,"damage_taken":7.0},{"cards_removed":["Strike_B"],"damage_healed":0.0,"max_hp_gain":0.0,"max_hp_loss":0.0,"gold_gain":0.0,"event_name":"Bonfire Elementals","player_choice":"Offered Basic","floor":5.0,"gold_loss":0.0,"damage_taken":0.0},{"damage_healed":0.0,"max_hp_gain":0.0,"max_hp_loss":0.0,"gold_gain":0.0,"event_name":"Duplicator","player_choice":"Copied","floor":20.0,"gold_loss":0.0,"damage_taken":0.0,"cards_obtained":["Conserve Battery"]}],"is_beta":false,"boss_relics":[{"not_picked":["Runic Pyramid","Runic Dome"],"picked":"Nuclear Battery"}],"items_purged_floors":[],"is_endless":false,"potions_floor_spawned":[2,6,10,21,22],"killed_by":"Slavers","ascension_level":6}}