{"host":"rykcscnxwcosqdkz","time":1613066100,"event":{"mods":["100% Spire Juice","Act Like it!","Arknights","BaseMod","DeckTracker","GifTheSpireLib","Minty Spire (QoL Compilation)","Reliquary","StSLib","Stuff the Spire","The Dragon Tamer","The Marked","??????REMEMod"],"gold_per_floor":[11,86,86,101,101,101,133,151,175,187,198,198,198,41,41,146,146,161,172,172,172],"floor_reached":20,"language":"ENG","playtime":801,"items_purged":[],"score":174,"play_id":"0758ff1f-aab9-450a-8c9c-3c2b2715c0e1","local_time":"20210211185500","is_ascension_mode":false,"campfire_choices":[{"data":"Mayhem","floor":6,"key":"SMITH"},{"data":"Moonworks:CloudOfSeagulls","floor":13,"key":"SMITH"},{"data":"Moonworks:JonathanRush","floor":15,"key":"SMITH"}],"circlet_count":0,"master_deck":["Moonworks:Strike+1","Moonworks:Strike+1","Moonworks:Defend","Moonworks:Defend","Moonworks:Defend","Moonworks:Ambush","Moonworks:LongDistanceShot","Mayhem+1","Moonworks:CloudOfSeagulls+1","Moonworks:JonathanRush+1","Moonworks:MiracleRedBeanIceCream","Moonworks:JonathanRush","Moonworks:EvilSpyWorkPreparation","Moonworks:StarBlastingFuse","Moonworks:ImOnFire+1","Moonworks:BigBangBell+1","Moonworks:HolyNight+1","Moonworks:CloudOfSeagulls","Moonworks:OutOfAmmo"],"relics":["Moonworks:BrokenBomb","Moonworks:Homemark","REME_ComplimentaryCards","Orichalcum","reliquary:SharkskinSheath","Lee\u0027s Waffle","Astrolabe"],"acts_visited":["Exordium","TheCity"],"potions_floor_usage":[11],"damage_taken":[{"damage":6,"enemies":"Cultist","floor":1,"turns":3},{"damage":10,"enemies":"Small Slimes","floor":4,"turns":4},{"damage":19,"enemies":"Gremlin Nob","floor":7,"turns":4},{"damage":0,"enemies":"2 Louse","floor":8,"turns":2},{"damage":6,"enemies":"Exordium Wildlife","floor":10,"turns":3},{"damage":0,"enemies":"Looter","floor":11,"turns":1},{"damage":14,"enemies":"Slime Boss","floor":16,"turns":8},{"damage":0,"enemies":"Spheric Guardian","floor":18,"turns":3},{"damage":30,"enemies":"2 Thieves","floor":19,"turns":4},{"damage":64,"enemies":"Masked Bandits","floor":20,"turns":3}],"seed_played":"-6899910952947037601","potions_obtained":[{"floor":1,"key":"Dexterity Potion"},{"floor":7,"key":"Energy Potion"},{"floor":16,"key":"SpeedPotion"},{"floor":19,"key":"Regen Potion"}],"is_trial":false,"path_per_floor":["M","?","?","M","?","R","E","M","T","M","M","?","R","$","R","B",null,"M","M","?"],"character_chosen":"THE_STARBREAKER","items_purchased":["Lee\u0027s Waffle"],"campfire_rested":0,"item_purchase_floors":[14],"current_hp_per_floor":[54,43,60,50,38,38,19,19,19,18,23,23,23,67,67,53,67,67,42,0,0],"gold":172,"neow_bonus":"RANDOM_COLORLESS_2","is_daily":false,"chose_seed":false,"campfire_upgraded":3,"win_rate":0.0,"timestamp":1613066100,"path_taken":["M","?","?","M","?","R","E","?","T","M","M","?","R","?","R","BOSS","M","M","?"],"items_purchased_type":["Relic"],"build_version":"2020-12-22","purchased_purges":0,"victory":false,"max_hp_per_floor":[60,60,60,60,60,60,60,60,60,60,60,60,60,67,67,67,67,67,67,67,67],"card_choices":[{"not_picked":["Chrysalis","Metamorphosis"],"picked":"Mayhem","floor":0},{"not_picked":["Moonworks:IntelligenceOfficer","Moonworks:LulusLuckyEgg"],"picked":"Moonworks:CloudOfSeagulls","floor":1},{"not_picked":["Moonworks:SweetBattle","Moonworks:Assault","Moonworks:SakisCookie"],"picked":"SKIP","floor":4},{"not_picked":["Moonworks:UnluckyCharm","Moonworks:DevilHand"],"picked":"Moonworks:JonathanRush","floor":7},{"not_picked":["Moonworks:ImOnFire","Moonworks:DeployBits"],"picked":"Moonworks:MiracleRedBeanIceCream","floor":8},{"not_picked":["Moonworks:IndiscriminateFireSupport","Moonworks:SakisCookie"],"picked":"Moonworks:JonathanRush","floor":10},{"not_picked":["Moonworks:SweetBattle","Moonworks:FinalBattle"],"picked":"Moonworks:EvilSpyWorkPreparation","floor":11},{"not_picked":["Moonworks:Gamble","Moonworks:Blazing"],"picked":"Moonworks:StarBlastingFuse","floor":16},{"not_picked":["Moonworks:NicePresent","Moonworks:ForcedRevival"],"picked":"Moonworks:CloudOfSeagulls","floor":18},{"not_picked":["Moonworks:DeployBits+1","Moonworks:BeyondHell+1"],"picked":"Moonworks:OutOfAmmo","floor":19}],"player_experience":40367,"relics_obtained":[{"floor":7,"key":"Orichalcum"},{"floor":9,"key":"reliquary:SharkskinSheath"}],"event_choices":[{"damage_healed":0,"gold_gain":75,"player_choice":"Gather Gold","damage_taken":11,"max_hp_gain":0,"max_hp_loss":0,"event_name":"World of Goop","floor":2,"gold_loss":0},{"damage_healed":20,"gold_gain":0,"player_choice":"Banana","damage_taken":0,"max_hp_gain":0,"max_hp_loss":0,"event_name":"Big Fish","floor":3,"gold_loss":0},{"damage_healed":0,"gold_gain":0,"player_choice":"Entered Light","damage_taken":12,"max_hp_gain":0,"max_hp_loss":0,"event_name":"Shining Light","floor":5,"gold_loss":0,"cards_upgraded":["Moonworks:Strike","Moonworks:Strike"]},{"damage_healed":0,"gold_gain":0,"player_choice":"Ignored","damage_taken":0,"max_hp_gain":0,"max_hp_loss":0,"event_name":"Golden Wing","floor":12,"gold_loss":0},{"damage_healed":0,"gold_gain":0,"player_choice":"Fought Bandits","damage_taken":0,"max_hp_gain":0,"max_hp_loss":0,"event_name":"Masked Bandits","floor":20,"gold_loss":0}],"is_beta":false,"boss_relics":[{"not_picked":["Calling Bell","Runic Dome"],"picked":"Astrolabe"}],"items_purged_floors":[],"is_endless":false,"potions_floor_spawned":[1,7,16,19],"killed_by":"Masked Bandits","ascension_level":0}}