{"host":"5m2js577gj4e7pak","time":1613065697,"event":{"mods":["AchievementEnabler","BaseMod","Better Match","BetterRewards","Bossed Relics","Colored Map","Colored Powertips","Googly Eyes","Highlight Path","Infinite Spire","Lobotomy","LobotomyExtend","Minty Spire (QoL Compilation)","Quick Restart","Relic Filter","Shop Mod","StSLib","slay the spire mod where everything is the same but ironclad has a cowboy hat"],"gold_per_floor":[120,15,29,49,62,79,107,107,179,192,224,224,12,12,12,109,109,128,140,239,239,135,135,169,181,206,34,51,51,71,88,88,185,185,203,203,203,74,91,122,137,137,137,16,29,29,64,82,82,82,82],"floor_reached":50,"language":"ENG","playtime":2102,"items_purged":[],"score":712,"play_id":"8daa1b4f-ff46-4eb2-b019-853257675bdb","local_time":"20210211184817","is_ascension_mode":true,"campfire_choices":[],"circlet_count":0,"master_deck":["SpecialBullet","SpecialBullet","SpecialBullet","SpecialBullet","SpecialBullet","SpecialBullet","SpecialBullet","SpecialBullet","ControlCode","SecurityCode","RedEyes","Noise","Beak","SwordSharpenedByTears","ShedSkin","Wellcheers","Gaze","Tough","BigBird","Moonlight","ShyLook","Wingbeat","ParadiseLost","Tough","Discovery","LaLuna","DaCapo","BeautyBeast","RedEyes+1","WristCuter","Tough","Noise","Beak","RedEyes","TrainingCode","Penitence","Lamp+2","Gaze+1","Twilight","Beak","Swift Strike","infinitespire:FutureSight","QueenOfHatred","Christmas+1","Gaze+1","TT2Protocol","Beak","SummonCall","Moonlight+1","WelfareCode"],"relics":["CogitoBucket","infinitespire:Lucky Rock","RabbitCall","LetterFromLob","Bag of Preparation","Darkstone Periapt","SkinProphecy","Pen Nib","Membership Card","Tiny House","Orichalcum","Happy Flower","LuminousBracelet","Toy Ornithopter","infinitespire:FocusingShard","Heaven_r","MagicBullet_r","LaetitiaHeart","Astrolabe","infinitespire:EmpoweringShard","Potion Belt","Bottled Lightning","Toxic Egg 2","Centennial Puzzle"],"acts_visited":["Exordium","TheCity","TheBeyond"],"potions_floor_usage":[4,11,11,11,16,31,33,41,48],"damage_taken":[{"damage":6,"enemies":"Cultist","floor":1,"turns":3},{"damage":13,"enemies":"infinitespire:Voidling","floor":3,"turns":2},{"damage":10,"enemies":"Small Slimes","floor":4,"turns":2},{"damage":10,"enemies":"Looter","floor":5,"turns":2},{"damage":15,"enemies":"Exordium Thugs","floor":6,"turns":4},{"damage":21,"enemies":"Lagavulin","floor":7,"turns":6},{"damage":33,"enemies":"Exordium Wildlife","floor":10,"turns":6},{"damage":5,"enemies":"Gremlin Nob","floor":11,"turns":3},{"damage":54,"enemies":"Hexaghost","floor":16,"turns":7},{"damage":2,"enemies":"Shell Parasite","floor":18,"turns":3},{"damage":10,"enemies":"Chosen","floor":19,"turns":3},{"damage":25,"enemies":"Book of Stabbing","floor":24,"turns":5},{"damage":58,"enemies":"Sentry and Sphere","floor":25,"turns":11},{"damage":0,"enemies":"Snake Plant","floor":28,"turns":2},{"damage":0,"enemies":"Snake Plant","floor":29,"turns":2},{"damage":12,"enemies":"Centurion and Healer","floor":30,"turns":4},{"damage":16,"enemies":"Shelled Parasite and Fungi","floor":31,"turns":4},{"damage":65,"enemies":"Collector","floor":33,"turns":11},{"damage":66,"enemies":"3 Shapes","floor":35,"turns":9},{"damage":14,"enemies":"Orb Walker","floor":39,"turns":3},{"damage":38,"enemies":"Reptomancer","floor":40,"turns":5},{"damage":6,"enemies":"Writhing Mass","floor":41,"turns":2},{"damage":10,"enemies":"Spire Growth","floor":45,"turns":3},{"damage":1,"enemies":"Giant Head","floor":47,"turns":3},{"damage":55,"enemies":"Transient","floor":48,"turns":5},{"damage":202,"enemies":"FixerMidnight","floor":50,"turns":6}],"seed_played":"-183734404824307058","potions_obtained":[{"floor":1,"key":"EntropicBrew"},{"floor":10,"key":"DuplicationPotion"},{"floor":11,"key":"ColorlessPotion"},{"floor":28,"key":"DistilledChaos"},{"floor":30,"key":"DistilledChaos"},{"floor":39,"key":"ColorlessPotion"},{"floor":45,"key":"PowerPotion"}],"is_trial":false,"path_per_floor":["M","$","M","M","M","M","E","R","T","M","E","R","$","M","R","B",null,"M","M","?","?","$","R","E","M","T","$","M","?","M","M","R","B",null,"M","?","AVR","$","M","E","M","R","T","$","M","R","E","M","R","B"],"character_chosen":"Angela","items_purchased":["Noise","Beak","Membership Card","Tough","Discovery","Orichalcum","Tough","infinitespire:FocusingShard","Beak","RedEyes","infinitespire:EmpoweringShard","Toxic Egg 2"],"campfire_rested":0,"item_purchase_floors":[2,2,13,13,13,22,22,27,27,27,38,44],"current_hp_per_floor":[70,70,65,63,61,57,56,56,56,37,47,47,47,72,72,14,74,76,78,78,78,78,78,80,89,89,89,101,103,105,107,107,96,109,111,111,111,111,119,121,123,123,123,123,125,125,127,112,112,0,0],"gold":82,"neow_bonus":"RANDOM_COMMON_RELIC","is_daily":false,"chose_seed":false,"campfire_upgraded":0,"win_rate":0.0,"timestamp":1613065697,"path_taken":["M","$","M","M","?","?","E","R","T","M","E","R","$","?","R","BOSS","M","M","?","?","$","R","E","M","T","$","M","?","M","M","R","BOSS","M","?","AVR","?","M","E","M","R","T","$","M","R","E","M","R","BOSS"],"items_purchased_type":["Card","Card","Relic","Card","Card","Relic","Card","Relic","Card","Card","Relic","Relic"],"build_version":"2020-12-22","purchased_purges":0,"victory":false,"max_hp_per_floor":[70,70,70,70,70,70,70,70,70,70,72,72,72,72,72,74,74,76,78,78,78,78,78,80,99,99,99,101,103,105,107,107,109,109,113,113,113,113,119,121,123,123,123,123,125,125,127,129,129,131,131],"card_choices":[{"not_picked":["Loneliness"],"picked":"RedEyes","floor":1},{"not_picked":["CherryBlossom"],"picked":"SwordSharpenedByTears","floor":3},{"not_picked":["Penitence"],"picked":"ShedSkin","floor":4},{"not_picked":["RedShoes","CherryBlossoms"],"picked":"Wellcheers","floor":5},{"not_picked":["SomewhereSpear"],"picked":"Gaze","floor":5},{"not_picked":["CherryBlossom"],"picked":"Tough","floor":6},{"not_picked":["MHz","OSAHOGD"],"picked":"BigBird","floor":7},{"not_picked":["Lantern"],"picked":"Moonlight","floor":7},{"not_picked":["MHz","Freischutz"],"picked":"ShyLook","floor":10},{"not_picked":["CUTE"],"picked":"Wingbeat","floor":10},{"not_picked":["BloodyDesire"],"picked":"ParadiseLost","floor":11},{"not_picked":["Porccubus","OldLady"],"picked":"LaLuna","floor":16},{"not_picked":["ParadiseLost"],"picked":"DaCapo","floor":16},{"not_picked":["Scorched","OSAHOGD"],"picked":"BeautyBeast","floor":18},{"not_picked":["CherryBlossom+1"],"picked":"RedEyes+1","floor":18},{"not_picked":["Loneliness"],"picked":"WristCuter","floor":19},{"not_picked":["Regret_ego"],"picked":"Noise","floor":24},{"not_picked":["Laetitia_ego+1","Amita+1"],"picked":"SKIP","floor":25},{"not_picked":["ShedSkin"],"picked":"Penitence","floor":28},{"not_picked":["Noise+1"],"picked":"Lamp","floor":30},{"not_picked":["Tough"],"picked":"Gaze+1","floor":31},{"not_picked":["Adoration"],"picked":"Twilight","floor":33},{"not_picked":["WristCuter+1"],"picked":"Beak","floor":35},{"not_picked":["Purity"],"picked":"Swift Strike","floor":36},{"not_picked":["DespairKnight","LittlePrince"],"picked":"QueenOfHatred","floor":39},{"not_picked":["Horn+1"],"picked":"Christmas+1","floor":39},{"not_picked":["Tough"],"picked":"Gaze+1","floor":40},{"not_picked":["ScreamingWedge","FourthMatchFlame+1"],"picked":"SKIP","floor":41},{"not_picked":["Adoration+1","SolemnVow+1"],"picked":"SKIP","floor":45},{"not_picked":["CrimsonScar"],"picked":"Beak","floor":47},{"not_picked":["Beak"],"picked":"Moonlight+1","floor":48}],"player_experience":66014,"relics_obtained":[{"floor":1,"key":"LetterFromLob"},{"floor":7,"key":"Bag of Preparation"},{"floor":9,"key":"Darkstone Periapt"},{"floor":11,"key":"Pen Nib"},{"floor":24,"key":"Happy Flower"},{"floor":26,"key":"Toy Ornithopter"},{"floor":40,"key":"Potion Belt"},{"floor":43,"key":"Bottled Lightning"},{"floor":47,"key":"Centennial Puzzle"}],"event_choices":[{"damage_healed":0,"gold_gain":99,"player_choice":"Stole From Cult","damage_taken":0,"max_hp_gain":0,"max_hp_loss":0,"event_name":"Nest","floor":20,"gold_loss":0},{"cards_removed":["InformationCode"],"damage_healed":0,"gold_gain":0,"player_choice":"Elegance","damage_taken":0,"max_hp_gain":0,"max_hp_loss":0,"event_name":"Back to Basics","floor":21,"gold_loss":0},{"damage_healed":0,"gold_gain":0,"player_choice":"Memory 1","damage_taken":0,"max_hp_gain":0,"max_hp_loss":0,"event_name":"SensoryStone","floor":36,"gold_loss":0}],"is_beta":false,"boss_relics":[{"not_picked":["Empty Cage","Fusion Hammer"],"picked":"Tiny House"},{"not_picked":["Philosopher\u0027s Stone","Busted Crown"],"picked":"Astrolabe"}],"items_purged_floors":[],"is_endless":false,"potions_floor_spawned":[1,6,10,11,28,30,39,45],"killed_by":"FixerMidnight","ascension_level":1}}