{"host":"dcj2yvrgcvh5dl2s","time":1613024636,"event":{"mods":["BaseMod","Bestiary","Better Note","Block Reminder","Colored Powertips","Curses Come First","DeckTracker","Minty Spire (QoL Compilation)","Quick Restart","Rare Cards Sparkle","Relic Stats","StSLib"],"gold_per_floor":[112,112,112,112,127,127,162,162,187,187,187,26,65,80,80,80,80],"floor_reached":16,"language":"ENG","playtime":12274,"items_purged":[],"score":212,"play_id":"b38e9fcd-0965-4759-a230-222e6716bc4c","local_time":"20210211162356","is_ascension_mode":true,"campfire_choices":[{"data":"Carnage","floor":6,"key":"SMITH"},{"floor":8,"key":"REST"},{"floor":11,"key":"REST"},{"floor":15,"key":"REST"}],"circlet_count":0,"master_deck":["AscendersBane","Strike_R","Strike_R","Strike_R","Strike_R","Strike_R","Defend_R","Defend_R","Defend_R","Defend_R","Bash","Carnage+1","Heavy Blade","Shrug It Off","Disarm"],"relics":["Burning Blood","WingedGreaves","The Courier","Lizard Tail","Shovel","Oddly Smooth Stone","Golden Idol","Membership Card","Bottled Flame"],"acts_visited":["Exordium"],"potions_floor_usage":[13,16],"damage_taken":[{"damage":7,"enemies":"2 Louse","floor":1,"turns":2},{"damage":10,"enemies":"Small Slimes","floor":5,"turns":3},{"damage":35,"enemies":"3 Sentries","floor":7,"turns":7},{"damage":46,"enemies":"Lagavulin","floor":13,"turns":7},{"damage":6,"enemies":"Jaw Worm","floor":14,"turns":2},{"damage":86,"enemies":"Slime Boss","floor":16,"turns":8}],"seed_played":"-6337368533667355497","potions_obtained":[{"floor":7,"key":"PowerPotion"},{"floor":13,"key":"AttackPotion"}],"is_trial":false,"path_per_floor":["M","?","?","?","M","R","E","R","T","?","R","$","E","M","R","B"],"character_chosen":"IRONCLAD","items_purchased":["Membership Card","Shrug It Off"],"campfire_rested":3,"item_purchase_floors":[12,12],"current_hp_per_floor":[67,56,56,49,45,45,16,36,36,36,54,54,14,14,32,0,0],"gold":80,"neow_bonus":"ONE_RARE_RELIC","is_daily":false,"chose_seed":false,"campfire_upgraded":1,"win_rate":0.0,"timestamp":1613024636,"path_taken":["M","?","?","?","M","R","E","R","T","?","R","$","E","?","R","BOSS"],"items_purchased_type":["Relic","Card"],"build_version":"2020-12-22","purchased_purges":0,"victory":false,"max_hp_per_floor":[68,68,68,68,68,68,68,68,68,62,62,62,62,62,62,62,62],"relic_stats":{"Lizard Tail":31,"Shovel":0,"counters":[6,29],"Golden Idol":11,"obtain_stats":[{"Lizard Tail":3,"Bottled Flame":13,"Shovel":7,"Golden Idol":10,"Oddly Smooth Stone":9,"WingedGreaves":0,"The Courier":2,"Membership Card":12,"Burning Blood":0},{"Lizard Tail":1,"Bottled Flame":4,"Shovel":3,"Golden Idol":3,"Oddly Smooth Stone":3,"WingedGreaves":0,"The Courier":1,"Membership Card":3,"Burning Blood":0},{"Lizard Tail":2,"Bottled Flame":19,"Shovel":12,"Golden Idol":12,"Oddly Smooth Stone":12,"WingedGreaves":0,"The Courier":2,"Membership Card":12,"Burning Blood":0}],"Burning Blood":30},"card_choices":[{"not_picked":["Clothesline","Anger"],"picked":"Carnage","floor":1},{"not_picked":["Anger","Rampage"],"picked":"Heavy Blade","floor":5},{"not_picked":["Entrench","Headbutt","Clash"],"picked":"SKIP","floor":7},{"not_picked":["Wild Strike","Fiend Fire"],"picked":"Disarm","floor":13},{"not_picked":["Rampage","Sword Boomerang","Headbutt"],"picked":"SKIP","floor":14}],"player_experience":2367979,"relics_obtained":[{"floor":7,"key":"Shovel"},{"floor":9,"key":"Oddly Smooth Stone"},{"floor":13,"key":"Bottled Flame"}],"event_choices":[{"damage_healed":0,"gold_gain":0,"player_choice":"Success","damage_taken":11,"relics_obtained":["The Courier"],"max_hp_gain":0,"max_hp_loss":0,"event_name":"Scrap Ooze","floor":2,"gold_loss":0},{"damage_healed":0,"gold_gain":0,"player_choice":"Box","damage_taken":0,"relics_obtained":["Lizard Tail"],"max_hp_gain":0,"max_hp_loss":0,"event_name":"Big Fish","floor":3,"gold_loss":0,"cards_obtained":["Regret"]},{"cards_removed":["Regret"],"damage_healed":0,"gold_gain":0,"player_choice":"Card Removal","damage_taken":7,"max_hp_gain":0,"max_hp_loss":0,"event_name":"Golden Wing","floor":4,"gold_loss":0},{"damage_healed":0,"gold_gain":0,"player_choice":"Lose Max HP","damage_taken":0,"relics_obtained":["Golden Idol"],"max_hp_gain":0,"max_hp_loss":6,"event_name":"Golden Idol","floor":10,"gold_loss":0}],"is_beta":false,"boss_relics":[],"items_purged_floors":[],"is_endless":false,"potions_floor_spawned":[7,13],"killed_by":"Slime Boss","ascension_level":20}}