{"host":"hw9lt6p3yhr90vz0","time":1613010117,"event":{"mods":["BaseMod","DeckTracker","Minty Spire (QoL Compilation)","Relic Stats"],"gold_per_floor":[99,99,99,99,99,99,99,99,99,99,69,69,69,69,69,69,69,69,9,9,9,9,9,9],"floor_reached":23,"language":"ENG","playtime":2440,"items_purged":[],"score":293,"play_id":"665b63a4-be27-4f00-8a9a-d1cf97b15dae","local_time":"20210210212157","is_ascension_mode":true,"campfire_choices":[{"floor":10.0,"key":"REST"},{"floor":15.0,"key":"REST"}],"circlet_count":0,"master_deck":["Zap","Dualcast","Static Discharge","BootSequence","Genetic Algorithm","Loop","Genetic Algorithm+1","Creative AI","Rebound","Conserve Battery","White Noise","Seek","Heatsinks","Heatsinks","Hologram","Stack","Barrage","Rip and Tear","Consume","Go for the Eyes","Go for the Eyes","Seek","BootSequence","Aggregate"],"relics":["Ectoplasm","Bottled Lightning","War Paint","CeramicFish","Pandora\u0027s Box"],"acts_visited":["Exordium","TheCity"],"potions_floor_usage":[22,22,22,22,22,23],"damage_taken":[{"damage":1.0,"enemies":"Cultist","floor":1.0,"turns":3.0},{"damage":10.0,"enemies":"Small Slimes","floor":2.0,"turns":4.0},{"damage":0.0,"enemies":"2 Louse","floor":3.0,"turns":3.0},{"damage":6.0,"enemies":"Lots of Slimes","floor":4.0,"turns":5.0},{"damage":8.0,"enemies":"2 Fungi Beasts","floor":5.0,"turns":5.0},{"damage":25.0,"enemies":"Gremlin Nob","floor":6.0,"turns":5.0},{"damage":1.0,"enemies":"Lagavulin","floor":8.0,"turns":7.0},{"damage":6.0,"enemies":"Looter","floor":11.0,"turns":3.0},{"damage":5.0,"enemies":"Lots of Slimes","floor":12.0,"turns":5.0},{"damage":31.0,"enemies":"3 Sentries","floor":13.0,"turns":7.0},{"damage":0.0,"enemies":"Exordium Wildlife","floor":14.0,"turns":4.0},{"damage":13.0,"enemies":"The Guardian","floor":16.0,"turns":12.0},{"damage":5.0,"enemies":"Shell Parasite","floor":18.0,"turns":5.0},{"damage":22.0,"enemies":"2 Thieves","floor":19.0,"turns":4.0},{"damage":13,"enemies":"Centurion and Healer","floor":22,"turns":9},{"damage":26,"enemies":"Book of Stabbing","floor":23,"turns":4}],"seed_played":"2721601817292519157","potions_obtained":[{"floor":2.0,"key":"EssenceOfSteel"},{"floor":3.0,"key":"AttackPotion"},{"floor":4.0,"key":"BlessingOfTheForge"},{"floor":7.0,"key":"EssenceOfSteel"},{"floor":7.0,"key":"Regen Potion"},{"floor":7.0,"key":"SkillPotion"},{"floor":11.0,"key":"Fire Potion"},{"floor":13.0,"key":"Explosive Potion"},{"floor":16.0,"key":"EssenceOfSteel"},{"floor":18.0,"key":"Block Potion"},{"floor":19.0,"key":"EntropicBrew"},{"floor":22,"key":"FocusPotion"}],"is_trial":false,"path_per_floor":["M","M","M","M","M","E","?","E","T","R","M","M","E","M","R","B",null,"M","M","?","$","M","E"],"character_chosen":"DEFECT","items_purchased":[],"campfire_rested":2,"item_purchase_floors":[],"current_hp_per_floor":[67,57,57,51,43,18,18,32,32,54,48,43,12,12,34,21,62,57,35,35,35,22,0,0],"gold":9,"neow_bonus":"BOSS_RELIC","is_daily":false,"chose_seed":false,"campfire_upgraded":0,"win_rate":0.0,"timestamp":1613010117,"path_taken":["M","M","M","M","?","E","?","E","T","R","M","?","E","M","R","BOSS","M","M","?","$","?","E"],"items_purchased_type":[],"build_version":"2020-12-22","purchased_purges":0,"victory":false,"max_hp_per_floor":[75,75,75,75,75,75,75,75,75,75,75,75,75,75,75,75,75,75,75,75,75,75,75,75],"relic_stats":{"counters":[16,84],"CeramicFish":0,"Pandora\u0027s Box":["Heatsinks","Heatsinks","Hologram","Stack","Barrage","Rip and Tear","Consume","Go for the Eyes"],"Ectoplasm":549,"War Paint":["Genetic Algorithm","Defend_B"],"obtain_stats":[{"CeramicFish":13,"Pandora\u0027s Box":17,"Ectoplasm":0,"Bottled Lightning":6,"War Paint":8,"Cracked Core":0},{"CeramicFish":10,"Pandora\u0027s Box":12,"Ectoplasm":0,"Bottled Lightning":6,"War Paint":7,"Cracked Core":0},{"CeramicFish":46,"Pandora\u0027s Box":62,"Ectoplasm":0,"Bottled Lightning":24,"War Paint":31,"Cracked Core":0}]},"card_choices":[{"not_picked":["Leap","Coolheaded"],"picked":"Static Discharge","floor":1.0},{"not_picked":["Stack","Reprogram"],"picked":"BootSequence","floor":2.0},{"not_picked":["Force Field","Beam Cell"],"picked":"Genetic Algorithm","floor":3.0},{"not_picked":["Conserve Battery","Sweeping Beam"],"picked":"Loop","floor":4.0},{"not_picked":["Coolheaded","Redo"],"picked":"Genetic Algorithm","floor":5.0},{"not_picked":["Redo","Cold Snap"],"picked":"Creative AI","floor":6.0},{"not_picked":["Compile Driver","Reprogram"],"picked":"Rebound","floor":8.0},{"not_picked":["Rebound","Go for the Eyes"],"picked":"Conserve Battery","floor":11.0},{"not_picked":["Scrape","Gash"],"picked":"White Noise","floor":12.0},{"not_picked":["Redo","Rebound","All For One"],"picked":"SKIP","floor":13.0},{"not_picked":["Barrage","Reinforced Body","Reprogram"],"picked":"SKIP","floor":14.0},{"not_picked":["Machine Learning","Creative AI"],"picked":"Seek","floor":16.0},{"not_picked":["Stack+1","Compile Driver+1","Reinforced Body"],"picked":"SKIP","floor":18.0},{"not_picked":["Hologram","Streamline+1"],"picked":"Go for the Eyes","floor":19.0},{"not_picked":["Leap","Go for the Eyes"],"picked":"Aggregate","floor":22}],"player_experience":1407036,"relics_obtained":[{"floor":6.0,"key":"Bottled Lightning"},{"floor":8.0,"key":"War Paint"},{"floor":13.0,"key":"CeramicFish"}],"event_choices":[{"damage_healed":0.0,"max_hp_gain":0.0,"max_hp_loss":0.0,"gold_gain":0.0,"event_name":"Lab","player_choice":"Got Potions","floor":7.0,"gold_loss":0.0,"damage_taken":0.0},{"damage_healed":0.0,"max_hp_gain":0.0,"max_hp_loss":0.0,"gold_gain":0.0,"event_name":"Match and Keep!","player_choice":"2 cards matched","floor":20.0,"gold_loss":0.0,"damage_taken":0.0,"cards_obtained":["Seek","BootSequence"]}],"is_beta":false,"boss_relics":[{"not_picked":["Nuclear Battery","Astrolabe"],"picked":"Pandora\u0027s Box"}],"items_purged_floors":[],"is_endless":false,"potions_floor_spawned":[2,3,4,11,13,16,18,19,22],"killed_by":"Book of Stabbing","ascension_level":7}}