{"host":"rm0ctv8qd8mnbkg1","time":1613047358,"event":{"mods":["BaseMod","Beaked The Cultist","BetterRewards","Colored Map","DNKmod","Dark Map","Defuse TimeMaze Blight","Downfall","Friendly Minions","Halation","Hubris","Marisa????????","Minty Spire (QoL Compilation)","MostiFishMod","Permanent Neow","Quarter Circle Forward PUNCH!","RRrroohrrRGHHhhh!!","Rare Cards Sparkle","Relic Sorter","Reliquary","Replay The Spire","RumiaBox-????????","Shade Mod","Shop Mod","Spicy Shops","Spire Arcade","StS++","StSLib","The Construct","The Servant 0.9.4","TheVacant","Wandering Minibosses","??????REMEMod"],"gold_per_floor":[10010,9307,9307,9327,9402,9433,8923,8923,8995,8995,9013,9013,9041,9059,9059,9154,9154,9170,9183,8477,8477,8491,8491,8517,8530,8530,7745,7080,7092,7092,7160,7160,7261,7261,7280,6675,6690,6705,6805,6805,6805,6805,6829,6841,6841,6860,6918,6788,6788,6788],"floor_reached":51,"language":"ENG","playtime":1984,"items_purged":["Regret"],"score":1228,"play_id":"9ee3c861-a268-4970-9511-87d079d9d1c0","local_time":"20210211124238","is_ascension_mode":false,"campfire_choices":[{"data":"construct:Autoturret","floor":8,"key":"SMITH"},{"data":"construct:Autoturret","floor":10,"key":"SMITH"},{"data":"construct:AttackMode","floor":12,"key":"SMITH"},{"data":"construct:LaserCore","floor":15,"key":"SMITH"},{"data":"construct:Autoturret+1","floor":23,"key":"SMITH"},{"data":"construct:Hazardproof+1","floor":32,"key":"SMITH"},{"data":"construct:FlakBarrage+1","floor":40,"key":"SMITH"},{"data":"construct:LongRangeLance+1","floor":42,"key":"SMITH"},{"data":"MostiFishMod:Galeforce","floor":49,"key":"SMITH"}],"circlet_count":0,"master_deck":["construct:Strike_Gold","construct:Strike_Gold","construct:Strike_Gold+1","construct:Strike_Gold+1","construct:Strike_Gold+1","construct:Defend_Gold","construct:Defend_Gold+1","construct:Defend_Gold+1","construct:Defend_Gold+1","construct:Defend_Gold+1","construct:AttackMode+2","construct:DefenseMode","REME_MawOfCthun+1","construct:SuppressiveFire","construct:Hazardproof+2","construct:PointDefense+1","construct:Chainstrike+1","construct:ClusterMines+1","construct:Autoturret+1","construct:Autoturret+2","construct:FlakBarrage+1","construct:LaserCore+2","construct:Failsafe+1","construct:ClusterMines+1","construct:HammerDown+1","construct:PointDefense","construct:ReactiveShield+1","construct:LongRangeLance+2","construct:ShiftStrike","GravityBeat+1","construct:ScopeCore","MostiFishMod:Galeforce+1","construct:SweepLaser+1","construct:Hazardproof+1","construct:Autoturret+1","construct:Multistage","construct:SiegeForm","construct:FlakBarrage+2","construct:ForceCore","construct:ShieldGenerator","construct:ElectricArmor+1","downfall:Haunted","downfall:Haunted","Clumsy","construct:SpinDrive+1","rorgmod:Feeble","Clumsy","construct:Zapper+1"],"relics":["construct:ClockworkPhoenix","REME_ComplimentaryCards","DaveBox","DSteel32","halation:LettersToHer","halation:BlackBeret","HandDrill","reliquary:Aerogel","Shuriken","Strange Spoon","StSpp:WoodenPendulum","Gambling Chip","wanderingMiniBosses:ThiefScarf","rorgmod:Black Star","ImprovedEquipment","War Paint","Frozen Eye","hubris:TenFootPole","PlanX","ReplayTheSpireMod:CursedCoin","FossilizedHelix","ThornShield","hubris:TinFlute","reliquary:PartyBalloon","SynthV","reliquary:RosewoodLute","reliquary:TuningFork","sneckomod:SneckoTalon","Membership Card","construct:MasterCore","BirthdayGift-Icosahedron","Du-Vu Doll","halation:PinkSoulGem","REME_HandOfSuture","SynthV:C4","Replay:Ringing Soul","Frozen Egg 2","reliquary:BallBearing","construct:LongRangeLance","construct:LongRangeLance","construct:ExtraLongRangeLance"],"acts_visited":["Exordium","TheCity","TheBeyond"],"potions_floor_usage":[],"damage_taken":[{"damage":0,"enemies":"2 Louse","floor":1,"turns":3},{"damage":0,"enemies":"Jaw Worm","floor":4,"turns":2},{"damage":0,"enemies":"Replay:BlueRogue","floor":6,"turns":5},{"damage":3,"enemies":"Small Slimes","floor":11,"turns":3},{"damage":21,"enemies":"3 Sentries","floor":13,"turns":5},{"damage":3,"enemies":"Exordium Wildlife","floor":14,"turns":8},{"damage":0,"enemies":"The Guardian","floor":16,"turns":6},{"damage":0,"enemies":"Chosen","floor":18,"turns":3},{"damage":0,"enemies":"Shell Parasite","floor":19,"turns":4},{"damage":0,"enemies":"Centurion and Healer","floor":22,"turns":6},{"damage":0,"enemies":"Shelled Parasite and Fungi","floor":25,"turns":3},{"damage":0,"enemies":"3 Cultists","floor":29,"turns":3},{"damage":0,"enemies":"Book of Stabbing","floor":31,"turns":5},{"damage":0,"enemies":"hubris:MusketHawk","floor":33,"turns":6},{"damage":0,"enemies":"Orb Walker","floor":35,"turns":4},{"damage":0,"enemies":"3 Darklings","floor":37,"turns":2},{"damage":0,"enemies":"4 Shapes","floor":38,"turns":1},{"damage":0,"enemies":"Jaw Worm Horde","floor":44,"turns":2},{"damage":0,"enemies":"Spire Growth","floor":46,"turns":2},{"damage":0,"enemies":"Reptomancer","floor":47,"turns":2},{"damage":0,"enemies":"hubris:GrandSnecko","floor":50,"turns":3}],"seed_played":"-4834045282881933127","potions_obtained":[{"floor":16,"key":"Languid Potion"}],"is_trial":false,"path_per_floor":["M","$","?","M","?","E","$","R","T","R","M","R","E","M","R","B",null,"M","M","$","?","M","R","T","M","T","$","$","M","?","E","R","B",null,"M","$","M","M","?","R","?","R","T","M","T","M","E","$","R","B",null],"character_chosen":"THE_CONSTRUCT_MOD","items_purchased":["halation:BlackBeret","HandDrill","construct:Hazardproof","construct:PointDefense+1","construct:Chainstrike","construct:Autoturret","Shuriken","Strange Spoon","construct:FlakBarrage","ImprovedEquipment","construct:LongRangeLance+1","construct:ShiftStrike","War Paint","Frozen Eye","ReplayTheSpireMod:CursedCoin","FossilizedHelix","MostiFishMod:Galeforce","construct:SweepLaser+1","construct:Hazardproof","ThornShield","hubris:TinFlute","construct:Autoturret","reliquary:PartyBalloon","SynthV","Membership Card","construct:MasterCore","BirthdayGift-Icosahedron","construct:ForceCore","reliquary:BallBearing"],"campfire_rested":0,"item_purchase_floors":[2,2,2,2,2,7,7,7,7,20,20,20,20,20,27,27,27,27,27,27,28,28,28,28,36,36,36,36,48],"current_hp_per_floor":[1000,1000,1000,1000,989,989,989,989,989,989,986,986,965,962,962,962,1000,1000,1000,1000,1000,1000,1000,1000,1000,1000,1000,1000,1000,1000,1000,1000,1000,1000,1000,1000,1000,1000,1005,1005,1005,1005,1005,1005,1005,1005,1005,1005,1005,1005],"gold":6788,"neow_bonus":"RANDOM_COMMON_RELIC","is_daily":false,"chose_seed":false,"campfire_upgraded":9,"win_rate":0.0,"timestamp":1613047358,"path_taken":["M","$","?","M","?","E","$","R","T","R","M","R","E","M","R","BOSS","M","M","$","?","M","R","?","M","T","?","$","?","?","E","R","BOSS","M","$","M","M","?","R","?","R","T","M","?","M","E","$","R","BOSS"],"items_purchased_type":["Relic","Relic","Card","Card","Card","Card","Relic","Relic","Card","Relic","Card","Card","Relic","Relic","Relic","Relic","Card","Card","Card","Relic","Relic","Card","Relic","Relic","Relic","Relic","Relic","Card","Relic"],"build_version":"2020-12-22","purchased_purges":1,"victory":true,"max_hp_per_floor":[1000,1000,1000,1000,1000,1000,1000,1000,1000,1000,1000,1000,1000,1000,1000,1000,1000,1000,1000,1000,1000,1000,1000,1000,1000,1000,1000,1000,1000,1000,1000,1000,1000,1000,1000,1000,1000,1000,1005,1005,1005,1005,1005,1005,1005,1005,1005,1005,1005,1005],"card_choices":[{"not_picked":["construct:CripplingShot","construct:Electrocute"],"picked":"construct:SuppressiveFire","floor":1},{"not_picked":["construct:CriticalHit","construct:ModeShift"],"picked":"construct:ClusterMines","floor":4},{"not_picked":["construct:Boost","construct:CripplingShot"],"picked":"construct:Autoturret","floor":6},{"not_picked":["construct:Zapper","construct:CripplingShot","construct:Anticipate","construct:PointDefense"],"picked":"construct:LaserCore","floor":11},{"not_picked":["construct:Chainstrike","construct:SyphonStrike","construct:ShiftingStance","construct:GuardCore"],"picked":"construct:Failsafe","floor":13},{"not_picked":["construct:Stasis","construct:OneWayMirror","construct:Missile","construct:ElectricArmor"],"picked":"construct:ClusterMines","floor":14},{"not_picked":["construct:ShiftingStance","construct:ShieldBurst","construct:GatlingGun","construct:BatteryCore"],"picked":"construct:HammerDown","floor":16},{"not_picked":["construct:BatteryAcid+1","construct:SyphonStrike","construct:FocusedBeam","construct:Impenetrable"],"picked":"construct:PointDefense","floor":18},{"not_picked":["construct:SuppressiveFire+1","construct:Versatility+1","construct:HardReboot","construct:Failsafe"],"picked":"construct:ReactiveShield","floor":19},{"not_picked":["construct:ReactiveShield+1","construct:Anticipate","construct:Reinforce","construct:Disrupt"],"picked":"construct:ScopeCore","floor":22},{"not_picked":["construct:FierceBash","construct:CriticalHit+1","construct:FocusedBeam","construct:SyphonStrike","construct:Versatility"],"picked":"SKIP","floor":25},{"not_picked":["construct:ShiftStrike+1","construct:Accumulate","construct:Analyze+1","construct:Backfire"],"picked":"construct:Multistage","floor":29},{"not_picked":["construct:Anticipate","construct:Analyze","construct:Antimatter","construct:VentSteam","construct:ModeShift"],"picked":"SKIP","floor":31},{"not_picked":["construct:Reserves","construct:HammerDown","construct:Bunker","construct:BatteryCore"],"picked":"construct:SiegeForm","floor":33},{"not_picked":["construct:Chainstrike","construct:SaveState+1","construct:ClusterMines","construct:FocusedBeam"],"picked":"construct:FlakBarrage+1","floor":35},{"not_picked":["construct:VentSteam+1","construct:Autoturret+1","construct:ClusterMines+1","construct:ModeShift+1"],"picked":"construct:ShieldGenerator","floor":37},{"not_picked":["construct:FlameCore+1","construct:ScrapCannon+1","construct:Construct_Overclock+1","construct:Reinforce+1"],"picked":"construct:ElectricArmor","floor":38},{"not_picked":["construct:ModeShift+1","construct:VentSteam+1","construct:Analyze","construct:Forcefield+1"],"picked":"construct:Zapper+1","floor":44},{"not_picked":["construct:VentSteam+1","construct:SaveState+1","construct:MetalShell+1","construct:Dampening","construct:ScrapCannon+1"],"picked":"SKIP","floor":46},{"not_picked":["construct:Analyze","construct:Backup","construct:ShiftStrike+1","construct:SuppressiveFire+1","construct:Isolate+1"],"picked":"SKIP","floor":47}],"player_experience":345723,"relics_obtained":[{"floor":6,"key":"reliquary:Aerogel"},{"floor":9,"key":"halation:LettersToHer"},{"floor":9,"key":"StSpp:WoodenPendulum"},{"floor":13,"key":"Gambling Chip"},{"floor":14,"key":"wanderingMiniBosses:ThiefScarf"},{"floor":24,"key":"halation:LettersToHer"},{"floor":24,"key":"hubris:TenFootPole"},{"floor":26,"key":"PlanX"},{"floor":26,"key":"halation:LettersToHer"},{"floor":31,"key":"reliquary:RosewoodLute"},{"floor":31,"key":"reliquary:TuningFork"},{"floor":43,"key":"halation:LettersToHer"},{"floor":43,"key":"REME_HandOfSuture"},{"floor":45,"key":"halation:LettersToHer"},{"floor":45,"key":"SynthV:C4"},{"floor":47,"key":"Replay:Ringing Soul"},{"floor":47,"key":"Frozen Egg 2"}],"event_choices":[{"damage_healed":0,"gold_gain":0,"player_choice":"Leave","damage_taken":0,"max_hp_gain":0,"max_hp_loss":0,"event_name":"The Cleric","floor":3,"gold_loss":0},{"damage_healed":0,"gold_gain":75,"player_choice":"Gather Gold","damage_taken":11,"max_hp_gain":0,"max_hp_loss":0,"event_name":"World of Goop","floor":5,"gold_loss":0},{"damage_healed":0,"gold_gain":0,"player_choice":"Read","damage_taken":0,"max_hp_gain":0,"max_hp_loss":0,"event_name":"The Library","floor":21,"gold_loss":0,"cards_obtained":["GravityBeat"]}],"is_beta":false,"boss_relics":[{"not_picked":["EE1DDrone","hubris:BlackHole"],"picked":"rorgmod:Black Star"},{"not_picked":["SacredBark","SlaversCollar"],"picked":"sneckomod:SneckoTalon"}],"items_purged_floors":[27],"is_endless":false,"potions_floor_spawned":[11,16,18,31,33,35,37],"ascension_level":0}}