{"host":"rb2p2z6v6vieend5","time":1613009027,"event":{"mods":["BaseMod","Block Reminder","Colored Map","DeckTracker","Highlight Path","Minty Spire (QoL Compilation)","Relic Stats"],"gold_per_floor":[99,51,51,51,51,51,51,51,51,51,51,51,36,6,6,6,6,6,6,6,6,6,6,6,6,6,6,6,6,6,6,6,6,6],"floor_reached":33,"language":"ENG","playtime":1785,"items_purged":[],"score":398,"play_id":"fcb81aba-388f-4c07-a211-c8b43928fc3f","local_time":"20210211030347","is_ascension_mode":true,"campfire_choices":[{"data":"CrushJoints","floor":6,"key":"SMITH"},{"data":"Eruption","floor":8,"key":"SMITH"},{"floor":15,"key":"REST"},{"floor":32,"key":"REST"}],"circlet_count":0,"master_deck":["Strike_P","Defend_P+1","Defend_P","Defend_P","Defend_P+1","Eruption+1","Vigilance","CrushJoints+1","ClearTheMind","Evaluate","CutThroughFate","JustLucky","Crescendo","DeceiveReality","Judgement","MentalFortress+1","Vault+1","Weave+1","Ghostly","Ghostly","Ghostly","Ghostly","Ghostly","Protect+1","Shame","Prostrate+1","Nirvana"],"relics":["Ectoplasm","Pear","War Paint","Astrolabe","Mummified Hand","Sundial","Blood Vial","Mango"],"acts_visited":["Exordium","TheCity"],"potions_floor_usage":[16,23,28,33],"damage_taken":[{"damage":0,"enemies":"Cultist","floor":1,"turns":2},{"damage":2,"enemies":"Small Slimes","floor":5,"turns":4},{"damage":49,"enemies":"3 Sentries","floor":7,"turns":12},{"damage":4,"enemies":"Jaw Worm","floor":10,"turns":3},{"damage":0,"enemies":"3 Louse","floor":11,"turns":4},{"damage":0,"enemies":"Large Slime","floor":12,"turns":3},{"damage":4,"enemies":"Looter","floor":13,"turns":2},{"damage":2,"enemies":"Exordium Thugs","floor":14,"turns":4},{"damage":11,"enemies":"Hexaghost","floor":16,"turns":9},{"damage":2,"enemies":"Shell Parasite","floor":18,"turns":6},{"damage":0,"enemies":"Spheric Guardian","floor":21,"turns":1},{"damage":5,"enemies":"Gremlin Leader","floor":23,"turns":9},{"damage":9,"enemies":"3 Cultists","floor":27,"turns":7},{"damage":24,"enemies":"Book of Stabbing","floor":28,"turns":9},{"damage":3,"enemies":"Snake Plant","floor":31,"turns":6},{"damage":66,"enemies":"Collector","floor":33,"turns":7}],"seed_played":"5217513431810257057","potions_obtained":[{"floor":10,"key":"CultistPotion"},{"floor":11,"key":"FearPotion"},{"floor":14,"key":"AttackPotion"},{"floor":16,"key":"DuplicationPotion"},{"floor":21,"key":"Energy Potion"},{"floor":23,"key":"Dexterity Potion"},{"floor":25,"key":"SmokeBomb"}],"is_trial":false,"path_per_floor":["M","?","?","$","M","R","E","R","T","M","M","M","M","M","R","B",null,"M","?","?","M","?","E","T","?","T","M","E","?","$","M","R","B"],"character_chosen":"WATCHER","items_purchased":[],"campfire_rested":2,"item_purchase_floors":[],"current_hp_per_floor":[65,65,65,65,63,63,24,24,24,20,20,20,16,14,38,27,68,66,50,43,43,43,38,38,38,52,45,23,23,23,22,39,0,0],"gold":6,"neow_bonus":"BOSS_RELIC","is_daily":false,"chose_seed":false,"campfire_upgraded":2,"win_rate":0.0,"timestamp":1613009027,"path_taken":["M","?","?","$","M","R","E","R","T","M","M","?","M","M","R","BOSS","M","?","?","M","?","E","?","?","T","?","E","?","?","M","R","BOSS"],"items_purchased_type":[],"build_version":"2020-12-22","purchased_purges":0,"victory":false,"max_hp_per_floor":[72,72,72,72,72,72,82,82,82,82,82,82,82,82,82,82,82,82,87,43,43,43,43,43,43,57,57,57,57,57,57,57,57,57],"relic_stats":{"Blood Vial":8,"counters":[16,88],"Mummified Hand":[11],"Sundial":[2],"Astrolabe":["MentalFortress","Vault","Weave"],"Ectoplasm":676,"War Paint":["Defend_P","Defend_P"],"obtain_stats":[{"Blood Vial":24,"Pear":7,"Mummified Hand":22,"Sundial":23,"Astrolabe":17,"Mango":26,"Ectoplasm":0,"PureWater":0,"War Paint":9},{"Blood Vial":12,"Pear":3,"Mummified Hand":11,"Sundial":12,"Astrolabe":9,"Mango":12,"Ectoplasm":0,"PureWater":0,"War Paint":3},{"Blood Vial":59,"Pear":18,"Mummified Hand":50,"Sundial":59,"Astrolabe":43,"Mango":59,"Ectoplasm":0,"PureWater":0,"War Paint":18}]},"card_choices":[{"not_picked":["ThirdEye","Pray"],"picked":"CrushJoints","floor":1},{"not_picked":["Consecrate","FlyingSleeves"],"picked":"ClearTheMind","floor":5},{"not_picked":["Weave","Collect"],"picked":"Evaluate","floor":7},{"not_picked":["Pray","EmptyFist"],"picked":"CutThroughFate","floor":10},{"not_picked":["ThirdEye","Halt"],"picked":"JustLucky","floor":11},{"not_picked":["EmptyFist","BowlingBash"],"picked":"Crescendo","floor":12},{"not_picked":["Evaluate","EmptyFist","FollowUp"],"picked":"SKIP","floor":13},{"not_picked":["ClearTheMind","CutThroughFate"],"picked":"DeceiveReality","floor":14},{"not_picked":["Omniscience","DevaForm"],"picked":"Judgement","floor":16},{"not_picked":["PathToVictory","Consecrate+1","Wireheading"],"picked":"SKIP","floor":18},{"not_picked":["CrushJoints","FlyingSleeves+1"],"picked":"Protect+1","floor":21},{"not_picked":["FlurryOfBlows+1","FollowUp+1"],"picked":"Prostrate+1","floor":23},{"not_picked":["Weave","FearNoEvil"],"picked":"Nirvana","floor":27},{"not_picked":["Consecrate","Halt","EmptyFist"],"picked":"SKIP","floor":31}],"player_experience":719692,"relics_obtained":[{"floor":7,"key":"Pear"},{"floor":9,"key":"War Paint"},{"floor":23,"key":"Sundial"},{"floor":24,"key":"Blood Vial"},{"floor":26,"key":"Mango"}],"event_choices":[{"damage_healed":0,"gold_gain":0,"player_choice":"Left Gold","damage_taken":0,"max_hp_gain":0,"max_hp_loss":0,"event_name":"World of Goop","floor":2,"gold_loss":48},{"damage_healed":0,"gold_gain":100,"player_choice":"Pray","damage_taken":0,"max_hp_gain":0,"max_hp_loss":0,"event_name":"Golden Shrine","floor":3,"gold_loss":0},{"damage_healed":0,"gold_gain":0,"player_choice":"Shed Blood","damage_taken":21,"max_hp_gain":5,"max_hp_loss":0,"event_name":"Forgotten Altar","floor":19,"gold_loss":0},{"damage_healed":0,"gold_gain":0,"player_choice":"Became a Ghost","damage_taken":0,"max_hp_gain":0,"max_hp_loss":44,"event_name":"Ghosts","floor":20,"gold_loss":0,"cards_obtained":["Ghostly","Ghostly","Ghostly","Ghostly","Ghostly"]},{"damage_healed":0,"gold_gain":0,"player_choice":"Stole Relic","damage_taken":0,"relics_obtained":["Mummified Hand"],"max_hp_gain":0,"max_hp_loss":0,"event_name":"Addict","floor":22,"gold_loss":0,"cards_obtained":["Shame"]},{"damage_healed":0,"gold_gain":0,"player_choice":"Got Potions","damage_taken":0,"max_hp_gain":0,"max_hp_loss":0,"event_name":"Lab","floor":25,"gold_loss":0},{"damage_healed":0,"gold_gain":99,"player_choice":"Stole From Cult","damage_taken":0,"max_hp_gain":0,"max_hp_loss":0,"event_name":"Nest","floor":29,"gold_loss":0}],"is_beta":false,"boss_relics":[{"not_picked":["Empty Cage","Philosopher\u0027s Stone"],"picked":"Astrolabe"}],"items_purged_floors":[],"is_endless":false,"potions_floor_spawned":[10,11,14,16,21,23],"killed_by":"Collector","ascension_level":6}}