{"host":"Luke","time":1613047843,"event":{"mods":["BaseMod","Downfall","Hermit","Minty Spire (QoL Compilation)","StSLib"],"gold_per_floor":[114,129,129,129,148,148,164,218,218,246,246,246,246,257,257,357,357,370,88,98,98,118,118,147,147,147,147,165,90,120,120,120,221,221,221,221,221,221,239,239,239,239,263,263,273,79,79,111,111,111,111,111,23,23,23],"floor_reached":54,"language":"ENG","playtime":3775,"items_purged":[],"score":824,"play_id":"78a074d0-a83c-4298-b447-45f744fae223","local_time":"20210211125043","is_ascension_mode":false,"campfire_choices":[{"data":"hermit:Roulette","floor":6,"key":"SMITH"},{"data":"hermit:Glare","floor":11,"key":"SMITH"},{"data":"hermit:Misfire","floor":13,"key":"SMITH"},{"data":"hermit:EyeOfTheStorm","floor":15,"key":"SMITH"},{"floor":23,"key":"REST"},{"floor":27,"key":"REST"},{"data":"hermit:Maintenance","floor":32,"key":"SMITH"},{"floor":40,"key":"RECALL"},{"data":"hermit:Snipe","floor":42,"key":"SMITH"},{"data":"hermit:HighNoon","floor":44,"key":"SMITH"},{"data":"hermit:Dive","floor":47,"key":"SMITH"},{"floor":49,"key":"REST"},{"data":"hermit:Coalescence","floor":52,"key":"SMITH"}],"circlet_count":0,"master_deck":["hermit:Strike_Hermit+1","hermit:Strike_Hermit+1","hermit:Defend_Hermit+1","hermit:Defend_Hermit+1","hermit:Defend_Hermit+1","hermit:Defend_Hermit+1","hermit:Snapshot","hermit:Covet","hermit:Roulette+1","hermit:Enervate","Survivor","hermit:Coalescence+1","hermit:Glare+1","hermit:Misfire+1","hermit:EyeOfTheStorm+1","hermit:Reprieve","hermit:GoldenBullet","hermit:Maintenance+1","hermit:Desperado","hermit:SprayPray+1","Injury","hermit:Determination","hermit:Quickdraw+1","Pain","hermit:Misfire+1","hermit:TakeCover","hermit:FinalCanter+1","CurseOfTheBell","Bandage Up","Bandage Up","Mind Blast+1","Madness","Madness","downfall:Bewildered","hermit:Snipe+1","hermit:HighNoon+1","Trip","downfall:Malfunctioning","hermit:Dive+1","hermit:BigShot+1","hermit:ShadowCloak"],"relics":["hermit:Momento","NeowsBlessing","Mercury Hourglass","Matryoshka","Cursed Key","Regal Pillow","Blood Vial","Potion Belt","Molten Egg 2","Enchiridion","Orichalcum","WingedGreaves","Tiny Chest","Calling Bell","Oddly Smooth Stone","Ornamental Fan","Turnip","Toy Ornithopter","ClockworkSouvenir","Lantern"],"acts_visited":["Exordium","TheCity","TheBeyond","TheEnding"],"potions_floor_usage":[16,20,20,20,22,24,35,45,45,45,48,54],"damage_taken":[{"damage":0,"enemies":"Cultist","floor":1,"turns":1},{"damage":0,"enemies":"Small Slimes","floor":2,"turns":1},{"damage":0,"enemies":"2 Louse","floor":5,"turns":1},{"damage":8,"enemies":"Lots of Slimes","floor":7,"turns":4},{"damage":13,"enemies":"Lagavulin","floor":10,"turns":6},{"damage":0,"enemies":"Exordium Thugs","floor":14,"turns":3},{"damage":34,"enemies":"Hexaghost","floor":16,"turns":8},{"damage":14,"enemies":"Shell Parasite","floor":18,"turns":6},{"damage":14,"enemies":"3 Byrds","floor":20,"turns":4},{"damage":24,"enemies":"3 Cultists","floor":22,"turns":5},{"damage":40,"enemies":"Slavers","floor":24,"turns":5},{"damage":9,"enemies":"Snake Plant","floor":28,"turns":3},{"damage":18,"enemies":"Gremlin Leader","floor":30,"turns":5},{"damage":43,"enemies":"Collector","floor":33,"turns":13},{"damage":0,"enemies":"3 Darklings","floor":35,"turns":2},{"damage":8,"enemies":"3 Shapes","floor":39,"turns":4},{"damage":6,"enemies":"3 Darklings","floor":45,"turns":3},{"damage":56,"enemies":"Giant Head","floor":48,"turns":9},{"damage":55,"enemies":"Awakened One","floor":50,"turns":11},{"damage":91,"enemies":"Shield and Spear","floor":54,"turns":5}],"seed_played":"-7565806310337347779","potions_obtained":[{"floor":1,"key":"champ:CounterPotion"},{"floor":12,"key":"EntropicBrew"},{"floor":12,"key":"CultistPotion"},{"floor":12,"key":"Energy Potion"},{"floor":16,"key":"CultistPotion"},{"floor":18,"key":"bronze:BurnAndBuffPotion"},{"floor":28,"key":"BlessingOfTheForge"},{"floor":33,"key":"FearPotion"},{"floor":39,"key":"GamblersBrew"}],"is_trial":false,"path_per_floor":["M","M","$","?","M","R","M","?","T","E","R","?","R","M","R","B",null,"M","$","M","T","M","R","E","?","T","R","M","?","E","?","R","B",null,"M","?","?","T","M","R","?","R","T","R","M","$","R","E","R","B",null,"R","$","E"],"character_chosen":"HERMIT","items_purchased":["hermit:Maintenance","hermit:Desperado","Regal Pillow","hermit:Tonic","ClockworkSouvenir","hermit:ShadowCloak","sneckomod:MuddlingPotion"],"campfire_rested":3,"item_purchase_floors":[19,19,19,46,46,53,53],"current_hp_per_floor":[75,75,75,75,75,75,67,67,67,54,54,54,54,54,54,20,75,61,61,51,51,33,70,40,24,24,61,66,66,50,50,50,21,75,75,65,56,56,68,68,68,68,68,68,75,75,75,35,72,59,75,75,75,0,0],"gold":23,"neow_bonus":"THREE_ENEMY_KILL","is_daily":false,"chose_seed":false,"campfire_upgraded":9,"win_rate":0.0,"timestamp":1613047843,"path_taken":["M","M","?","?","M","R","?","?","T","E","R","?","R","M","R","BOSS","M","$","?","?","M","R","E","?","T","R","M","?","E","?","R","BOSS","M","?","?","?","?","R","?","R","T","R","M","$","R","E","R","BOSS","R","$","E"],"items_purchased_type":["Card","Card","Relic","Potion","Relic","Card","Potion"],"build_version":"2020-12-18","purchased_purges":0,"victory":false,"max_hp_per_floor":[75,75,75,75,75,75,75,75,75,75,75,75,75,75,75,75,75,75,75,75,75,75,75,75,75,75,75,75,75,75,75,75,75,75,75,75,75,75,75,75,75,75,75,75,75,75,75,75,75,75,75,75,75,75,75],"card_choices":[{"not_picked":["hermit:TakeAim","hermit:Headshot"],"picked":"hermit:Roulette","floor":1},{"not_picked":["hermit:WideOpen","hermit:Roulette"],"picked":"hermit:Enervate","floor":2},{"not_picked":["hermit:Roulette","hermit:PistolWhip"],"picked":"hermit:Coalescence","floor":5},{"not_picked":["hermit:Malice","hermit:Vantage"],"picked":"hermit:Glare","floor":7},{"not_picked":["hermit:Virtue","hermit:LowProfile"],"picked":"hermit:Misfire","floor":10},{"not_picked":["hermit:Manifest","hermit:Feint"],"picked":"hermit:EyeOfTheStorm","floor":14},{"not_picked":["hermit:Purgatory","hermit:Magnum"],"picked":"hermit:Reprieve","floor":16},{"not_picked":["hermit:Glare","hermit:Headshot"],"picked":"hermit:GoldenBullet","floor":18},{"not_picked":["hermit:BigShot","hermit:Scavenge"],"picked":"hermit:SprayPray+1","floor":20},{"not_picked":["hermit:Headshot","hermit:FullyLoaded"],"picked":"hermit:Determination","floor":22},{"not_picked":["hermit:LowProfile","hermit:Desperado+1"],"picked":"hermit:Quickdraw+1","floor":24},{"not_picked":["hermit:Brawl+1","hermit:Coalescence+1"],"picked":"hermit:Misfire+1","floor":28},{"not_picked":["hermit:EyeOfTheStorm","hermit:ItchyTrigger+1"],"picked":"hermit:TakeCover","floor":30},{"not_picked":["hermit:Purgatory+1","hermit:DeadOrAlive+1"],"picked":"hermit:FinalCanter+1","floor":33},{"not_picked":["Chrysalis","Sadistic Nature"],"picked":"Bandage Up","floor":36},{"not_picked":["Violence","Mind Blast+1"],"picked":"Bandage Up","floor":36},{"not_picked":["Purity","HandOfGreed+1"],"picked":"Mind Blast+1","floor":36},{"not_picked":["hermit:Grudge+1","hermit:LowProfile"],"picked":"hermit:Snipe","floor":39},{"not_picked":["hermit:Ricochet+1","hermit:Midnight+1"],"picked":"hermit:Dive","floor":45},{"not_picked":["hermit:DeadMansHand","hermit:HighCaliber+1"],"picked":"hermit:BigShot+1","floor":48}],"player_experience":697872,"relics_obtained":[{"floor":9,"key":"Mercury Hourglass"},{"floor":10,"key":"Matryoshka"},{"floor":21,"key":"Blood Vial"},{"floor":21,"key":"Potion Belt"},{"floor":24,"key":"Molten Egg 2"},{"floor":25,"key":"Enchiridion"},{"floor":26,"key":"Orichalcum"},{"floor":26,"key":"WingedGreaves"},{"floor":30,"key":"Tiny Chest"},{"floor":34,"key":"Oddly Smooth Stone"},{"floor":34,"key":"Ornamental Fan"},{"floor":34,"key":"Turnip"},{"floor":43,"key":"Toy Ornithopter"},{"floor":48,"key":"Lantern"}],"event_choices":[{"cards_removed":["hermit:Strike_Hermit"],"damage_healed":0,"gold_gain":0,"player_choice":"Took Card","damage_taken":0,"max_hp_gain":0,"max_hp_loss":0,"event_name":"NoteForYourself","floor":4,"gold_loss":0,"cards_obtained":["Survivor"]},{"damage_healed":0,"gold_gain":54,"player_choice":"Gained Gold","damage_taken":0,"max_hp_gain":0,"max_hp_loss":0,"event_name":"Golden Wing","floor":8,"gold_loss":0},{"damage_healed":0,"gold_gain":0,"player_choice":"Got Potions","damage_taken":0,"max_hp_gain":0,"max_hp_loss":0,"event_name":"Lab","floor":12,"gold_loss":0},{"damage_healed":0,"gold_gain":0,"player_choice":"Obtained Book","damage_taken":16,"max_hp_gain":0,"max_hp_loss":0,"event_name":"Cursed Tome","floor":25,"gold_loss":0},{"cards_removed":["hermit:Strike_Hermit"],"damage_healed":0,"gold_gain":0,"player_choice":"Gave Gold","damage_taken":0,"max_hp_gain":0,"max_hp_loss":0,"event_name":"Beggar","floor":29,"gold_loss":75},{"damage_healed":0,"gold_gain":0,"player_choice":"Simplicity","damage_taken":0,"max_hp_gain":0,"max_hp_loss":0,"event_name":"Back to Basics","floor":31,"gold_loss":0,"cards_upgraded":["hermit:Strike_Hermit","hermit:Strike_Hermit","hermit:Defend_Hermit","hermit:Defend_Hermit","hermit:Defend_Hermit","hermit:Defend_Hermit"]},{"damage_healed":0,"gold_gain":0,"player_choice":"Memory 3","damage_taken":10,"max_hp_gain":0,"max_hp_loss":0,"event_name":"SensoryStone","floor":36,"gold_loss":0},{"damage_healed":0,"gold_gain":0,"player_choice":"Embrace Madness","damage_taken":9,"max_hp_gain":0,"max_hp_loss":0,"event_name":"Winding Halls","floor":37,"gold_loss":0,"cards_obtained":["Madness","Madness"]},{"damage_healed":0,"gold_gain":0,"player_choice":"2 cards matched","damage_taken":0,"max_hp_gain":0,"max_hp_loss":0,"event_name":"Match and Keep!","floor":41,"gold_loss":0,"cards_obtained":["hermit:HighNoon","Trip"]}],"is_beta":true,"boss_relics":[{"not_picked":["hermit:BartenderGlass","SacredBark"],"picked":"Cursed Key"},{"not_picked":["Philosopher\u0027s Stone","Empty Cage"],"picked":"Calling Bell"}],"items_purged_floors":[],"is_endless":false,"potions_floor_spawned":[1,14,16,18,20,28,33,35,39],"killed_by":"Shield and Spear","ascension_level":0}}