{"host":"mo4d2vii2wc3uyp7","time":1613059539,"event":{"mods":["AchievementEnabler","BaseMod","Colored Map","Highlight Path","Keyboard Shortcuts","Minty Spire (QoL Compilation)","Permanent Neow","Quick Restart","Shop Mod","StSLib","SuperFastMode","everything is the same but u backflip on backflip"],"gold_per_floor":[116,134,152,172,187,187,221,235,259,291,291,319,319,345,345,453,453,474,484,200,226,196,225,245,245,321,338,338,378,408,426,426,426,426],"floor_reached":33,"language":"KOR","playtime":966,"items_purged":["Strike_G"],"score":318,"play_id":"9919d7f1-979f-4fb7-b524-1f30d3efbfb1","local_time":"20210212010539","is_ascension_mode":true,"campfire_choices":[{"data":"Die Die Die","floor":6.0,"key":"SMITH"},{"data":"Neutralize","floor":11.0,"key":"SMITH"},{"floor":15.0,"key":"REST"},{"data":"Calculated Gamble","floor":25.0,"key":"SMITH"},{"floor":28.0,"key":"REST"},{"floor":32.0,"key":"REST"}],"circlet_count":0,"master_deck":["Strike_G","Strike_G","Strike_G","Strike_G","Defend_G","Defend_G","Defend_G","Defend_G","Defend_G","Survivor","Neutralize+1","Die Die Die+1","Backflip","Poisoned Stab","Bane","Dagger Throw","Quick Slash","Noxious Fumes","Backstab","Calculated Gamble+1","All Out Attack","Unload","Endless Agony+1","Footwork","Dagger Spray","Envenom"],"relics":["Ring of the Snake","Pantograph","Blood Vial","Centennial Puzzle","Odd Mushroom","CeramicFish","ClockworkSouvenir","Bag of Marbles","Bottled Tornado","Kunai"],"acts_visited":["Exordium","TheCity"],"potions_floor_usage":[33,33],"damage_taken":[{"damage":0.0,"enemies":"2 Louse","floor":1.0,"turns":2.0},{"damage":0.0,"enemies":"Jaw Worm","floor":2.0,"turns":4.0},{"damage":2.0,"enemies":"Small Slimes","floor":3.0,"turns":3.0},{"damage":2.0,"enemies":"Red Slaver","floor":4.0,"turns":4.0},{"damage":0.0,"enemies":"Blue Slaver","floor":5.0,"turns":3.0},{"damage":25.0,"enemies":"Lagavulin","floor":7.0,"turns":4.0},{"damage":0.0,"enemies":"Exordium Thugs","floor":8.0,"turns":2.0},{"damage":22.0,"enemies":"Gremlin Nob","floor":10.0,"turns":4.0},{"damage":0.0,"enemies":"The Mushroom Lair","floor":12.0,"turns":2.0},{"damage":0.0,"enemies":"2 Fungi Beasts","floor":14.0,"turns":2.0},{"damage":43.0,"enemies":"Slime Boss","floor":16.0,"turns":10.0},{"damage":0.0,"enemies":"Chosen","floor":18.0,"turns":4.0},{"damage":16.0,"enemies":"Shell Parasite","floor":19.0,"turns":6.0},{"damage":9.0,"enemies":"Shelled Parasite and Fungi","floor":21.0,"turns":7.0},{"damage":15.0,"enemies":"Slavers","floor":23.0,"turns":4.0},{"damage":1.0,"enemies":"Snecko","floor":24.0,"turns":3.0},{"damage":19.0,"enemies":"Snake Plant","floor":27.0,"turns":5.0},{"damage":11.0,"enemies":"Chosen and Byrds","floor":29.0,"turns":5.0},{"damage":45.0,"enemies":"Book of Stabbing","floor":30.0,"turns":6.0},{"damage":13.0,"enemies":"Sentry and Sphere","floor":31.0,"turns":6.0},{"damage":69,"enemies":"Collector","floor":33,"turns":7}],"seed_played":"-6087758385292329497","potions_obtained":[{"floor":3.0,"key":"LiquidMemories"},{"floor":4.0,"key":"BlessingOfTheForge"},{"floor":8.0,"key":"Fruit Juice"},{"floor":10.0,"key":"FairyPotion"},{"floor":18.0,"key":"DistilledChaos"},{"floor":22.0,"key":"Fire Potion"},{"floor":22.0,"key":"SneckoOil"},{"floor":24.0,"key":"ColorlessPotion"},{"floor":29.0,"key":"Poison Potion"},{"floor":30.0,"key":"Dexterity Potion"},{"floor":31.0,"key":"SteroidPotion"}],"is_trial":false,"path_per_floor":["M","M","M","M","M","R","E","M","T","E","R","?","?","M","R","B",null,"M","M","$","M","?","E","M","R","T","M","R","M","E","M","R","B"],"character_chosen":"THE_SILENT","items_purchased":["Footwork","ClockworkSouvenir"],"campfire_rested":3,"item_purchase_floors":[20,20],"current_hp_per_floor":[70,70,68,66,66,66,41,41,41,26,26,28,16,18,40,24,75,75,59,59,52,52,39,40,40,40,23,45,36,22,11,33,0,0],"gold":426,"neow_bonus":"ONE_RANDOM_RARE_CARD","is_daily":false,"chose_seed":false,"campfire_upgraded":3,"win_rate":0.0,"timestamp":1613059539,"path_taken":["M","M","M","M","M","R","E","M","T","E","R","?","?","M","R","BOSS","M","M","$","M","?","E","M","R","T","M","R","M","E","M","R","BOSS"],"items_purchased_type":["Card","Relic"],"build_version":"2020-12-22","purchased_purges":1,"victory":false,"max_hp_per_floor":[70,70,70,70,70,70,70,70,70,75,75,75,75,75,75,75,75,75,75,75,75,75,75,75,75,75,75,75,75,75,75,75,75,75],"card_choices":[{"not_picked":["Dodge and Roll","Prepared"],"picked":"Backflip","floor":1.0},{"not_picked":["Prepared","Flying Knee"],"picked":"Poisoned Stab","floor":2.0},{"not_picked":["Flying Knee","Leg Sweep"],"picked":"Bane","floor":3.0},{"not_picked":["Corpse Explosion","Backflip"],"picked":"Dagger Throw","floor":4.0},{"not_picked":["Reflex","Deadly Poison"],"picked":"Quick Slash","floor":5.0},{"not_picked":["Backflip","Tools of the Trade","Deadly Poison"],"picked":"SKIP","floor":7.0},{"not_picked":["Infinite Blades","Dodge and Roll"],"picked":"Noxious Fumes","floor":8.0},{"not_picked":["Flying Knee","Crippling Poison"],"picked":"Backstab","floor":10.0},{"not_picked":["Well Laid Plans","PiercingWail"],"picked":"Calculated Gamble","floor":12.0},{"not_picked":["Backflip","Accuracy"],"picked":"All Out Attack","floor":14.0},{"not_picked":["Grand Finale","Phantasmal Killer"],"picked":"Unload","floor":16.0},{"not_picked":["Infinite Blades","Choke+1"],"picked":"Endless Agony+1","floor":18.0},{"not_picked":["Outmaneuver","Sucker Punch","Flying Knee"],"picked":"SKIP","floor":19.0},{"not_picked":["Dagger Throw","Setup"],"picked":"Dagger Spray","floor":21.0},{"not_picked":["Poisoned Stab","Blade Dance","Cloak And Dagger"],"picked":"SKIP","floor":23.0},{"not_picked":["Poisoned Stab","Sucker Punch+1","Expertise"],"picked":"SKIP","floor":24.0},{"not_picked":["Blade Dance","Flying Knee","Bane"],"picked":"SKIP","floor":27.0},{"not_picked":["Backflip","Dodge and Roll"],"picked":"Envenom","floor":29.0},{"not_picked":["Skewer+1","Dagger Spray","Deflect"],"picked":"SKIP","floor":30.0},{"not_picked":["Grand Finale","Heel Hook","Backstab"],"picked":"SKIP","floor":31.0}],"player_experience":613933,"relics_obtained":[{"floor":7.0,"key":"Pantograph"},{"floor":9.0,"key":"Blood Vial"},{"floor":10.0,"key":"Centennial Puzzle"},{"floor":12.0,"key":"Odd Mushroom"},{"floor":23.0,"key":"Bag of Marbles"},{"floor":26.0,"key":"Bottled Tornado"},{"floor":30.0,"key":"Kunai"}],"event_choices":[{"damage_healed":0.0,"max_hp_gain":0.0,"max_hp_loss":0.0,"gold_gain":0.0,"event_name":"Mushrooms","player_choice":"Fought Mushrooms","floor":12.0,"gold_loss":0.0,"damage_taken":0.0},{"damage_healed":0.0,"max_hp_gain":0.0,"max_hp_loss":0.0,"gold_gain":0.0,"event_name":"Scrap Ooze","player_choice":"Success","floor":13.0,"gold_loss":0.0,"damage_taken":12.0,"relics_obtained":["CeramicFish"]},{"damage_healed":0.0,"max_hp_gain":0.0,"max_hp_loss":0.0,"gold_gain":0.0,"event_name":"The Woman in Blue","player_choice":"Bought 2 Potions","floor":22.0,"gold_loss":0.0,"damage_taken":0.0}],"is_beta":false,"boss_relics":[{"not_picked":["Snecko Eye","Runic Pyramid","Sozu"]}],"items_purged_floors":[20],"is_endless":false,"potions_floor_spawned":[3,4,8,10,18,24,29,30,31],"killed_by":"Collector","ascension_level":1}}