{"host":"clf2hd4adhiiw0zf","time":1613086038,"event":{"mods":["AchievementEnabler","BaseMod","Beaked The Cultist","Bestiary","Dark Map","Downfall","Gremlin Mod","Hermit","Jorbs\u0027s Wanderer Trilogy","Marisa????????","Minty Spire (QoL Compilation)","Shop Mod","StSLib","The Cursed","The Servant 0.9.4","Wide Potions"],"gold_per_floor":[99,116,127,127,142,142,142,162,182,182,182,201,1,35,55,155,155,155,165,184,184,184,211,288,288,188,188,188,202,202,214,233,330,330,330,340,31,51,36,52,52,52,104,104,434,205,205,205,219,219,219,219,219,219],"floor_reached":52,"language":"ENG","playtime":3542,"items_purged":[],"score":737,"play_id":"8911abd1-e210-4d1d-9399-8f519835ffba","local_time":"20210211162718","is_ascension_mode":true,"campfire_choices":[{"data":"bronze:Virus","floor":1.0,"key":"SMITH"},{"floor":10.0,"key":"RECALL"},{"data":"bronze:NullPointer","floor":13.0,"key":"SMITH"},{"data":"bronze:Hardcode","floor":18.0,"key":"SMITH"},{"data":"bronze:Repulsor","floor":26.0,"key":"SMITH"},{"data":"bronze:Terminator","floor":28.0,"key":"SMITH"},{"data":"bronze:AlphaBuild","floor":35.0,"key":"SMITH"},{"data":"bronze:Optimize","floor":47.0,"key":"SMITH"}],"circlet_count":0,"master_deck":["bronze:Replicate","bronze:Goto","bronze:Virus+1","bronze:Frontload+1","bronze:ForceShield","bronze:NullPointer+1","bronze:Verify+1","bronze:ItsAFeature","bronze:Iterate","bronze:Verify+1","bronze:Separator","bronze:Repulsor+1","bronze:Overheat","bronze:ForceShield","bronze:ChildClass","bronze:FunctionCard","bronze:BugBarrage","bronze:AlphaBuild+1","bronze:Hardcode","bronze:Iterate+1","bronze:Philosophize+1","bronze:FineTuning+1","bronze:Optimize+1","expansioncontent:YouAreMine","bronze:Frontload","bronze:Flail","bronze:Terminator","bronze:Shell+1"],"relics":["bronze:BronzeCore","Incense Burner","Meat on the Bone","downfall:HeartBlessingRed","downfall:HeartBlessingBlue","Pandora\u0027s Box","Boot","Question Card","downfall:HeartBlessingGreen","beaked:SacredDeck","Lantern","Blood Vial","InkBottle","CaptainsWheel","Membership Card"],"acts_visited":["Exordium","TheCity","TheBeyond","TheEnding"],"potions_floor_usage":[52,52],"damage_taken":[{"damage":8.0,"enemies":"2 Louse","floor":2.0,"turns":2.0},{"damage":0.0,"enemies":"Cultist","floor":3.0,"turns":2.0},{"damage":2.0,"enemies":"Jaw Worm","floor":5.0,"turns":3.0},{"damage":17.0,"enemies":"Exordium Wildlife","floor":8.0,"turns":3.0},{"damage":0.0,"enemies":"Red Slaver","floor":9.0,"turns":3.0},{"damage":7.0,"enemies":"2 Fungi Beasts","floor":12.0,"turns":3.0},{"damage":0.0,"enemies":"Lagavulin","floor":14.0,"turns":5.0},{"damage":8.0,"enemies":"Lots of Slimes","floor":15.0,"turns":4.0},{"damage":14.0,"enemies":"IC_STATUS_ARCHETYPE","floor":16.0,"turns":10.0},{"damage":12.0,"enemies":"Shell Parasite","floor":19.0,"turns":5.0},{"damage":19.0,"enemies":"Centurion and Healer","floor":20.0,"turns":5.0},{"damage":23.0,"enemies":"Book of Stabbing","floor":23.0,"turns":5.0},{"damage":12.0,"enemies":"Snake Plant","floor":29.0,"turns":3.0},{"damage":5.0,"enemies":"Snecko","floor":31.0,"turns":6.0},{"damage":0.0,"enemies":"Centurion and Healer","floor":32.0,"turns":5.0},{"damage":39.0,"enemies":"SI_MIRROR_ARCHETYPE","floor":33.0,"turns":6.0},{"damage":36.0,"enemies":"3 Shapes","floor":36.0,"turns":6.0},{"damage":4.0,"enemies":"downfall:FleeingMerchant","floor":37.0,"turns":4.0},{"damage":16.0,"enemies":"Orb Walker","floor":38.0,"turns":2.0},{"damage":15.0,"enemies":"downfall:FleeingMerchant","floor":39.0,"turns":4.0},{"damage":0.0,"enemies":"Transient","floor":40.0,"turns":5.0},{"damage":43.0,"enemies":"2 Orb Walkers","floor":43.0,"turns":7.0},{"damage":0.0,"enemies":"downfall:FleeingMerchant","floor":45.0,"turns":1.0},{"damage":46.0,"enemies":"Sphere and 2 Shapes","floor":49.0,"turns":5.0},{"damage":28.0,"enemies":"WA_ARCHETYPE_DIVINITY","floor":50.0,"turns":10.0},{"damage":86,"enemies":"downfall:CharBossMerchant","floor":52,"turns":8}],"seed_played":"-3848148657796752067","potions_obtained":[{"floor":8.0,"key":"Ancient Potion"},{"floor":12.0,"key":"hexamod:SoulburnPotion"},{"floor":15.0,"key":"LiquidMemories"},{"floor":16.0,"key":"GamblersBrew"},{"floor":23.0,"key":"DistilledChaos"},{"floor":31.0,"key":"Dexterity Potion"},{"floor":32.0,"key":"Strength Potion"},{"floor":33.0,"key":"bronze:BurnAndBuffPotion"},{"floor":38.0,"key":"ColorlessPotion"},{"floor":40.0,"key":"Guardian:BlockOnCardUsePotion"},{"floor":43.0,"key":"Swift Potion"},{"floor":48.0,"key":"DuplicationPotion"},{"floor":49.0,"key":"PowerPotion"}],"is_trial":false,"path_per_floor":["R","M","M","?","M","?","T","M","M","R","T","M","R","E","M","B",null,"R","M","M","?","?","E","T","?","R","?","R","M","?","M","M","B",null,"R","M","$","M","$","M","T","?","?","?","$","$","R","?","M","B",null,"E"],"character_chosen":"THE_AUTOMATON","items_purchased":["Lantern","Blood Vial","Membership Card","bronze:Flail","bronze:Terminator"],"campfire_rested":0,"item_purchase_floors":[37,37,46,46,46],"current_hp_per_floor":[49,41,41,41,39,21,21,16,28,28,28,33,43,43,47,45,80,80,68,49,49,41,30,30,30,30,30,30,30,30,37,49,22,80,80,44,52,50,49,51,51,51,22,80,80,80,80,80,46,32,80,0,0,0],"gold":219,"neow_bonus":"THREE_RARE_CARDS","is_daily":false,"chose_seed":false,"campfire_upgraded":7,"win_rate":0.0,"timestamp":1613086038,"path_taken":["R","M","M","?","?","?","T","M","M","R","?","?","R","E","M","BOSS","R","M","M","?","?","E","T","?","R","?","R","M","?","M","M","BOSS","R","M","$","M","?","M","T","?","?","?","?","$","R","?","M","BOSS","E"],"items_purchased_type":["Relic","Relic","Relic","Card","Card"],"build_version":"2020-12-22","purchased_purges":0,"victory":false,"max_hp_per_floor":[70,70,70,70,70,70,70,70,70,70,70,70,80,80,80,80,80,80,80,80,80,80,80,80,80,80,80,80,80,80,80,80,80,80,80,80,80,80,80,80,80,80,80,80,80,80,80,80,80,80,80,80,80,80],"card_choices":[{"not_picked":["bronze:Mutator","bronze:InfiniteLoop"],"picked":"bronze:Virus","floor":0.0},{"not_picked":["bronze:WhirlingStrike","bronze:Turbo"],"picked":"bronze:Frontload","floor":2.0},{"not_picked":["bronze:OilSpill","bronze:Deprecate"],"picked":"bronze:ForceShield","floor":3.0},{"not_picked":["bronze:OilSpill","bronze:ChildClass","bronze:ForceShield"],"picked":"SKIP","floor":5.0},{"not_picked":["bronze:Branch","bronze:Safeguard"],"picked":"bronze:Terminator","floor":8.0},{"not_picked":["bronze:Safeguard","bronze:BuggyMess"],"picked":"bronze:NullPointer","floor":9.0},{"not_picked":["bronze:DelayedSlice","bronze:BuggyMess","bronze:CutThrough"],"picked":"SKIP","floor":12.0},{"not_picked":["bronze:Separator","bronze:Deprecate"],"picked":"bronze:Verify","floor":14.0},{"not_picked":["bronze:ForceShield","bronze:Separator"],"picked":"bronze:ItsAFeature","floor":15.0},{"not_picked":["bronze:Break","bronze:BurnOut"],"picked":"bronze:Hardcode","floor":16.0},{"not_picked":["bronze:BitShift","bronze:GetLatest+1"],"picked":"bronze:Iterate","floor":19.0},{"not_picked":["bronze:Deprecate","bronze:WildBeam+1"],"picked":"bronze:Overheat","floor":20.0},{"not_picked":["bronze:Refactor","bronze:Overheat","bronze:ChosenStrike"],"picked":"SKIP","floor":23.0},{"not_picked":["bronze:ForceShield","bronze:Separator","bronze:Iterate"],"picked":"bronze:ChildClass","floor":29.0},{"not_picked":["bronze:InfiniteBeams","bronze:Frontload","bronze:BronzeArmor","bronze:Safeguard"],"picked":"SKIP","floor":31.0},{"not_picked":["bronze:Branch","bronze:InfiniteBeams","bronze:Shield"],"picked":"bronze:BugBarrage","floor":32.0},{"not_picked":["bronze:Virus","bronze:TinkerersToolbox","bronze:HardenedForm"],"picked":"bronze:AlphaBuild","floor":33.0},{"not_picked":["bronze:ChosenStrike+1","bronze:BugBarrage","bronze:BronzeArmor+1"],"picked":"bronze:Iterate+1","floor":36.0},{"not_picked":["bronze:WildBeam+1","bronze:Overheat","bronze:BronzeArmor+1","bronze:CutThrough"],"picked":"SKIP","floor":37.0},{"not_picked":["bronze:Allocate","bronze:InfiniteBeams","bronze:Branch"],"picked":"bronze:Philosophize+1","floor":38.0},{"not_picked":["bronze:Terminator","bronze:NullPointer+1","bronze:BurnOut"],"picked":"bronze:FineTuning+1","floor":39.0},{"not_picked":["bronze:Fortify","bronze:DelayedGuard","bronze:InfiniteBeams"],"picked":"bronze:Optimize","floor":40.0},{"not_picked":["expansioncontent:InvincibleStrength","expansioncontent:PolyBeam"],"picked":"expansioncontent:YouAreMine","floor":42.0},{"not_picked":["bronze:WildBeam","bronze:BronzeOrb","bronze:Separator"],"picked":"bronze:Frontload","floor":43.0},{"not_picked":["bronze:CutThrough","bronze:Optimize","bronze:BronzeArmor","bronze:BitShift"],"picked":"SKIP","floor":45.0},{"not_picked":["bronze:NullPointer","bronze:Constructor","bronze:Return"],"picked":"bronze:Shell+1","floor":49.0}],"player_experience":220100,"relics_obtained":[{"floor":7.0,"key":"Meat on the Bone"},{"floor":14.0,"key":"Juzu Bracelet"},{"floor":23.0,"key":"Boot"},{"floor":24.0,"key":"Question Card"},{"floor":41.0,"key":"InkBottle"},{"floor":43.0,"key":"CaptainsWheel"}],"event_choices":[{"damage_healed":0.0,"max_hp_gain":0.0,"max_hp_loss":0.0,"gold_gain":0.0,"event_name":"Scrap Ooze","player_choice":"Success","floor":6.0,"gold_loss":0.0,"damage_taken":18.0,"relics_obtained":["Incense Burner"]},{"damage_healed":0.0,"max_hp_gain":0.0,"max_hp_loss":0.0,"gold_gain":0.0,"event_name":"Mysterious Sphere","player_choice":"Fight","floor":43.0,"gold_loss":0.0,"damage_taken":0.0},{"cards_removed":["bronze:ClassDefault"],"damage_healed":58.0,"max_hp_gain":0.0,"max_hp_loss":0.0,"gold_gain":0.0,"event_name":"Bonfire Elementals","player_choice":"Offered Uncommon","floor":44.0,"gold_loss":0.0,"damage_taken":0.0}],"is_beta":false,"boss_relics":[{"not_picked":["Empty Cage","Coffee Dripper"],"picked":"Pandora\u0027s Box"},{"not_picked":["Velvet Choker","Busted Crown"],"picked":"beaked:SacredDeck"}],"items_purged_floors":[],"is_endless":false,"potions_floor_spawned":[8,12,14,15,16,23,31,32,33,38,40,43,49],"killed_by":"downfall:CharBossMerchant","ascension_level":2}}