{"host":"kcvncuxxsb6xpuus","time":1613038646,"event":{"mods":["BaseMod","Minty Spire (QoL Compilation)","Replay The Spire","StSLib"],"gold_per_floor":[112,35,50,50,50,50,90,15,92,92,109,141,141,156,156,254,254,266,283,295,53,72,72,88,88,88],"floor_reached":25,"language":"ZHS","playtime":1259,"items_purged":["Defend_R","Hemogenesis"],"score":223,"play_id":"094d528a-759a-469a-be7d-af32f27e016e","local_time":"20210211181726","is_ascension_mode":true,"campfire_choices":[{"data":"Combust","floor":6.0,"key":"SMITH"},{"floor":10.0,"key":"REST"},{"floor":23,"key":"REST"}],"circlet_count":0,"master_deck":["Strike_R","Strike_R","Defend_R+1","Defend_R","Defend_R+1","Bash","Anger","Combust+1","Battle Trance+1","Limit Break","ReplayTheSpireMod:Muscle Training","Brutality","Shrug It Off","Shrug It Off"],"relics":["Burning Blood","War Paint","Bag of Preparation","Ornamental Fan","Blue Doll","Runic Cube","BargainBundle"],"acts_visited":["Exordium","TheCity"],"potions_floor_usage":[22,22,22,25],"damage_taken":[{"damage":2.0,"enemies":"Cultist","floor":1.0,"turns":4.0},{"damage":3.0,"enemies":"Small Slimes","floor":3.0,"turns":4.0},{"damage":6.0,"enemies":"2 Louse","floor":11.0,"turns":2.0},{"damage":18.0,"enemies":"Gremlin Nob","floor":12.0,"turns":4.0},{"damage":3.0,"enemies":"Large Slime","floor":14.0,"turns":3.0},{"damage":33.0,"enemies":"Fading Forest","floor":16.0,"turns":11.0},{"damage":32.0,"enemies":"3 Byrds","floor":18.0,"turns":4.0},{"damage":18.0,"enemies":"2 Thieves","floor":19.0,"turns":3.0},{"damage":34.0,"enemies":"Cultist and Chosen","floor":20.0,"turns":7.0},{"damage":26,"enemies":"Shelled Parasite and Fungi","floor":22,"turns":3},{"damage":30,"enemies":"Snake Plant","floor":24,"turns":4},{"damage":25,"enemies":"Gremlin Leader","floor":25,"turns":1}],"seed_played":"-6104750666260705477","potions_obtained":[{"floor":3.0,"key":"PowerPotion"},{"floor":7.0,"key":"DuplicationPotion"},{"floor":16.0,"key":"CultistPotion"},{"floor":20.0,"key":"PowerPotion"},{"floor":22,"key":"Explosive Potion"},{"floor":24,"key":"Adrenaline Potion"}],"is_trial":false,"path_per_floor":["M","$","M","?","?","R","?","$","T","R","M","E","?","M","R","B",null,"M","M","M","$","M","R","M","E"],"character_chosen":"IRONCLAD","items_purchased":["Combust","BargainBundle","Brutality","Strength Potion","SkillPotion","Shrug It Off"],"campfire_rested":2,"item_purchase_floors":[2,21,21,21,21,21],"current_hp_per_floor":[80,80,80,80,73,73,41,41,41,65,65,53,53,56,80,62,80,80,68,40,40,20,44,20,0,0],"gold":88,"neow_bonus":"RANDOM_COMMON_RELIC","is_daily":false,"chose_seed":false,"campfire_upgraded":1,"win_rate":0.0,"timestamp":1613038646,"path_taken":["M","$","?","?","?","R","?","$","T","R","M","E","?","?","R","BOSS","M","M","M","$","M","R","M","E"],"items_purchased_type":["Card","Relic","Card","Potion","Potion","Card"],"build_version":"2020-12-22","purchased_purges":2,"victory":false,"max_hp_per_floor":[80,80,80,80,80,80,80,80,80,80,80,80,80,80,80,80,80,80,80,80,80,80,80,80,80,80],"card_choices":[{"not_picked":["Warcry","Perfected Strike"],"picked":"Anger","floor":1.0},{"not_picked":["Headbutt","Havoc"],"picked":"Hemogenesis","floor":3.0},{"not_picked":["Havoc","ReplayTheSpireMod:Stacked"],"picked":"Battle Trance","floor":11.0},{"not_picked":["Intimidate","Clash","Sword Boomerang"],"picked":"SKIP","floor":12.0},{"not_picked":["Sever Soul","Abandon","Heavy Blade"],"picked":"SKIP","floor":14.0},{"not_picked":["Feed","Offering"],"picked":"Limit Break","floor":16.0},{"not_picked":["Flex","Shrug It Off","Thunderclap"],"picked":"SKIP","floor":18.0},{"not_picked":["Second Wind","Searing Blow","Body Slam"],"picked":"SKIP","floor":19.0},{"not_picked":["Twin Strike","Clothesline"],"picked":"ReplayTheSpireMod:Muscle Training","floor":20.0},{"not_picked":["Entrench+1","Warcry+1","Battle Trance+1"],"picked":"SKIP","floor":22},{"not_picked":["Twin Strike","Iron Wave","Cleave"],"picked":"SKIP","floor":24}],"player_experience":92868,"relics_obtained":[{"floor":7.0,"key":"Bag of Preparation"},{"floor":9.0,"key":"Ornamental Fan"},{"floor":12.0,"key":"Blue Doll"}],"event_choices":[{"cards_removed":["Strike_R"],"damage_healed":0.0,"max_hp_gain":0.0,"max_hp_loss":0.0,"gold_gain":0.0,"event_name":"Living Wall","player_choice":"Forget","floor":4.0,"gold_loss":0.0,"damage_taken":0.0},{"cards_removed":["Strike_R"],"damage_healed":0.0,"max_hp_gain":0.0,"max_hp_loss":0.0,"gold_gain":0.0,"event_name":"Golden Wing","player_choice":"Card Removal","floor":5.0,"gold_loss":0.0,"damage_taken":7.0},{"cards_removed":["Strike_R"],"damage_healed":0.0,"max_hp_gain":0.0,"max_hp_loss":0.0,"gold_gain":0.0,"event_name":"Purifier","player_choice":"Purged","floor":13.0,"gold_loss":0.0,"damage_taken":0.0}],"is_beta":false,"boss_relics":[{"not_picked":["Replay:Ancient Bell","Black Blood"],"picked":"Runic Cube"}],"items_purged_floors":[8,21],"is_endless":false,"potions_floor_spawned":[3,16,20,22,24],"killed_by":"Gremlin Leader","ascension_level":2}}