{"host":"9tei3k72ipos80hh","time":1613084339,"event":{"mods":["BaseMod","Colored Map","Conspire","Downfall","Googly Eyes","Halation","Hubris","Minty Spire (QoL Compilation)","Relic Sorter","Replay The Spire","Shop Mod","StSLib"],"gold_per_floor":[199,219,219,231,231,231,256,256,35,60,45,45,58,69,87,182,182,82,102,121,136,149,249,249,349,349,349,349],"floor_reached":26,"language":"ENG","playtime":2023,"items_purged":[],"score":208,"play_id":"818b110b-1058-496d-bce0-f2be0e565012","local_time":"20210211175859","is_ascension_mode":false,"campfire_choices":[{"data":"Slimebound:Split","floor":8,"key":"SMITH"},{"data":"Slimebound:SplitLeeching","floor":12,"key":"SMITH"},{"data":"Slimebound:DouseInSlime","floor":18,"key":"SMITH"}],"circlet_count":0,"master_deck":["Slimebound:Strike_Slimebound","Slimebound:Strike_Slimebound","Slimebound:Defend_Slimebound","Slimebound:Defend_Slimebound","Slimebound:Defend_Slimebound","Slimebound:Defend_Slimebound","Slimebound:Split+1","Slimebound:CorrosiveSpit","Slimebound:Nibble","Slimebound:SlimeBarrage","Slimebound:PressTheAttack","Slimebound:LivingWall","Slimebound:GoopSpray","Slimebound:SplitLeeching+1","Slimebound:Repurpose","Slimebound:SelfFormingGoo","Slimebound:AcidTongue","Slimebound:DouseInSlime+1","Slimebound:ItLooksTasty","Slimebound:SamplingLick","Slimebound:Dissolve","Slimebound:RainOfGoop","Slimebound:LeadByExample","Slimebound:OneTwoCombo","J.A.X.","Slimebound:SplitAcid"],"relics":["Slimebound:AbsorbEndCombat","Replay:Towering Pillar of Hats","halation:PinkSoulGem","ReplayTheSpireMod:TigerMarble","halation:Sosunser","Ginger","SacredBark","downfall:HeartBlessingGreen","MutagenicStrength"],"acts_visited":["Exordium","TheCity"],"potions_floor_usage":[22,26],"damage_taken":[{"damage":0,"enemies":"2 Louse","floor":2,"turns":4},{"damage":4,"enemies":"Cultist","floor":4,"turns":5},{"damage":6,"enemies":"downfall:FleeingMerchant","floor":9,"turns":4},{"damage":30,"enemies":"3 Sentries","floor":10,"turns":10},{"damage":6,"enemies":"downfall:FleeingMerchant","floor":11,"turns":4},{"damage":0,"enemies":"Small Slimes","floor":13,"turns":3},{"damage":4,"enemies":"conspire:2 RoseBushes","floor":14,"turns":7},{"damage":5,"enemies":"Exordium Wildlife","floor":15,"turns":2},{"damage":4,"enemies":"SI_SHIV_ARCHETYPE","floor":16,"turns":7},{"damage":3,"enemies":"Spheric Guardian","floor":19,"turns":3},{"damage":44,"enemies":"Cultist and Chosen","floor":20,"turns":6},{"damage":9,"enemies":"Snecko","floor":21,"turns":6},{"damage":0,"enemies":"Centurion and Healer","floor":22,"turns":4},{"damage":36,"enemies":"downfall:Augmenter","floor":23,"turns":7},{"damage":10,"enemies":"Sentry and Sphere","floor":26,"turns":3}],"seed_played":"-3386133213360506580","potions_obtained":[{"floor":3,"key":"Languid Potion"},{"floor":3,"key":"DistilledChaos"},{"floor":3,"key":"SkillPotion"},{"floor":4,"key":"LifebloodPotion"},{"floor":15,"key":"SkillPotion"},{"floor":19,"key":"Block Potion"}],"is_trial":false,"path_per_floor":["R_BF","M","?","M","?","?","T","R","$","E","$","R","M","M","M","B",null,"R_BF","M","M","M","M","?","T","?","M"],"character_chosen":"SLIMEBOUND","items_purchased":["Slimebound:LivingWall","halation:Sosunser"],"campfire_rested":0,"item_purchase_floors":[9,9],"current_hp_per_floor":[65,65,65,63,60,60,60,60,61,37,43,43,47,53,48,52,71,71,70,31,28,36,8,8,8,0,0,0],"gold":349,"neow_bonus":"HUNDRED_GOLD","is_daily":false,"chose_seed":false,"campfire_upgraded":3,"win_rate":0.0,"timestamp":1613084339,"path_taken":["R_BF","M","?","?","?","?","T","R","$","E","?","R","M","?","M","BOSS","R_BF","M","M","M","M","?","T","?","M"],"items_purchased_type":["Card","Relic"],"build_version":"2020-12-22","purchased_purges":0,"victory":false,"max_hp_per_floor":[65,65,65,65,65,65,65,65,65,65,65,65,65,71,71,71,71,71,71,71,71,71,71,71,71,71,71,71],"card_choices":[{"not_picked":["Slimebound:ItLooksTasty","Slimebound:ViciousTackle"],"picked":"Slimebound:FlameTackle","floor":2},{"not_picked":["Slimebound:SpikyOuterGoop","Slimebound:RollThrough"],"picked":"Slimebound:SlimeBarrage","floor":4},{"not_picked":["Slimebound:Schlurp","Slimebound:ViciousTackle"],"picked":"Slimebound:PressTheAttack","floor":9},{"not_picked":["Slimebound:Recycling","Slimebound:SamplingLick"],"picked":"Slimebound:GoopSpray","floor":10},{"not_picked":["Slimebound:SlimeSpikes","Slimebound:FinishingTackle"],"picked":"Slimebound:SplitLeeching","floor":11},{"not_picked":["Slimebound:SplitMire","Slimebound:ComboTackle"],"picked":"Slimebound:Repurpose","floor":13},{"not_picked":["Slimebound:ComboTackle","Slimebound:SlimeBrawl"],"picked":"Slimebound:SelfFormingGoo","floor":14},{"not_picked":["Slimebound:GrowthPunch","Slimebound:Schlurp"],"picked":"Slimebound:AcidTongue","floor":15},{"not_picked":["Slimebound:MassFeed","Slimebound:SelfFormingGoo"],"picked":"Slimebound:DouseInSlime","floor":16},{"not_picked":["Slimebound:SplitBruiser","Slimebound:Replication"],"picked":"Slimebound:ItLooksTasty","floor":19},{"not_picked":["Slimebound:FlameTackle","Slimebound:ViciousTackle"],"picked":"Slimebound:SamplingLick","floor":20},{"not_picked":["Slimebound:Grow","Slimebound:ItLooksTasty+1"],"picked":"Slimebound:Dissolve","floor":21},{"not_picked":["Slimebound:FormOfPuddle+1","Slimebound:SplitAcid"],"picked":"Slimebound:RainOfGoop","floor":22},{"not_picked":[],"picked":"J.A.X.","floor":23},{"not_picked":["Slimebound:DisruptingSlam","Slimebound:PressTheAttack"],"picked":"Slimebound:SplitAcid","floor":23}],"player_experience":435040,"relics_obtained":[{"floor":7,"key":"ReplayTheSpireMod:TigerMarble"},{"floor":10,"key":"Ginger"},{"floor":23,"key":"MutagenicStrength"}],"event_choices":[{"damage_healed":0,"gold_gain":0,"player_choice":"Got Potions","damage_taken":0,"max_hp_gain":0,"max_hp_loss":0,"event_name":"Lab","floor":3,"gold_loss":0},{"damage_healed":0,"gold_gain":0,"player_choice":"Success","damage_taken":3,"relics_obtained":["Replay:Towering Pillar of Hats"],"max_hp_gain":0,"max_hp_loss":0,"event_name":"Scrap Ooze","floor":5,"gold_loss":0}],"is_beta":false,"boss_relics":[{"not_picked":["Tiny House","Busted Crown"],"picked":"SacredBark"}],"items_purged_floors":[],"is_endless":false,"potions_floor_spawned":[4,10,14,15,19,20],"killed_by":"Sentry and Sphere","ascension_level":0}}