{"host":"AcidLead","time":1613084971,"event":{"mods":["2.2 Compatiblity","BaseMod","Conspire","Downfall","GifTheSpireLib","Gremlin Mod","Hermit","Hubris","Mimic Mod","Minty Spire (QoL Compilation)","Replay The Spire","Shop Mod","Spicy Shops","StSLib","Stuff the Spire","The Construct","The Cursed","The Disciple","The Jungle","The Runesmith"],"gold_per_floor":[0,13,31,31,46,58,84,84,84,101,152,52,28,54,68,172,172,72,88,108,118,118,118,118,118,118,118],"floor_reached":25,"language":"ENG","playtime":3267,"items_purged":[],"score":243,"play_id":"b6c055e6-42d5-4fe9-9be4-96c2b599286f","local_time":"20210211170931","is_ascension_mode":false,"campfire_choices":[{"data":"Guardian:Strike_Guardian","floor":1.0,"key":"PURGE"},{"floor":8,"key":"RECALL"},{"data":"Guardian:DonusPower","floor":12,"key":"SMITH"},{"data":"conspire:Banana","floor":18,"key":"SMITH"}],"circlet_count":0,"master_deck":["Guardian:Strike_Guardian","Guardian:Strike_Guardian","Guardian:Strike_Guardian","Guardian:Defend_Guardian","Guardian:Defend_Guardian","Guardian:Defend_Guardian","Guardian:Defend_Guardian","Guardian:CurlUp","Guardian:TwinSlam","Guardian:DonusPower+1","StuffTheSpire:CuriosityCurse","Guardian:Suspension","Regret","Guardian:TimeSifter","conspire:Banana+1","Guardian:Gem_Cyan","Guardian:ConstructionForm","Guardian:VentSteam+1","Guardian:ShieldSpikes","Guardian:CrystalBeam"],"relics":["Guardian:ModeShifter","conspire:BottledYoYo","StuffTheSpire:RedRose","hubris:ToyBattleship","downfall:HeartBlessingBlue","Anchor","Ring of Chaos","downfall:HeartBlessingRed","Nilry\u0027s Codex","hubris:AstralHammer"],"acts_visited":["Exordium","TheCity"],"potions_floor_usage":[19,20],"damage_taken":[{"damage":1.0,"enemies":"Jaw Worm","floor":2.0,"turns":7.0},{"damage":1.0,"enemies":"conspire:RoseBush","floor":3.0,"turns":4.0},{"damage":5,"enemies":"2 Louse","floor":5,"turns":3},{"damage":2,"enemies":"conspire:2 RoseBushes","floor":6,"turns":9},{"damage":14,"enemies":"Blue Slaver","floor":10,"turns":4},{"damage":3,"enemies":"downfall:FleeingMerchant","floor":13,"turns":4},{"damage":7,"enemies":"3 Louse","floor":15,"turns":4},{"damage":32,"enemies":"SI_SHIV_ARCHETYPE","floor":16,"turns":7},{"damage":15,"enemies":"conspire:FuzzyDice","floor":19,"turns":8},{"damage":12,"enemies":"Spheric Guardian","floor":20,"turns":4},{"damage":35,"enemies":"Centurion and Healer","floor":21,"turns":11},{"damage":39,"enemies":"3 Cultists","floor":25,"turns":6}],"seed_played":"-1692641086547022858","potions_obtained":[{"floor":2.0,"key":"Ancient Potion"},{"floor":3.0,"key":"Guardian:DefensiveModePotion"},{"floor":5,"key":"Dexterity Potion"},{"floor":19,"key":"Slimebound:ThreeZeroPotion"},{"floor":20,"key":"Strength Potion"}],"is_trial":false,"path_per_floor":["R","M","M","?","M","M","T","R","?","M","T","R","$","T","M","B",null,"R","M","M","M","?","?","T","M"],"character_chosen":"GUARDIAN","items_purchased":["conspire:Banana"],"campfire_rested":0,"item_purchase_floors":[13],"current_hp_per_floor":[96,95,94,94,89,87,87,87,87,73,73,83,80,80,74,43,108,108,95,85,52,36,36,36,0,0,0],"gold":118,"neow_bonus":"TWENTY_PERCENT_HP_BONUS","is_daily":false,"chose_seed":false,"campfire_upgraded":2,"win_rate":0.0,"timestamp":1613084971,"path_taken":["R","M","M","?","M","M","T","R","?","M","?","R","?","?","M","BOSS","R","M","M","M","?","?","T","M"],"items_purchased_type":["Card"],"build_version":"2020-12-18","purchased_purges":0,"victory":false,"max_hp_per_floor":[96,96,96,96,96,96,96,96,96,96,96,106,106,106,107,108,108,108,110,112,114,114,114,114,116,116,116],"card_choices":[{"not_picked":["Guardian:ArmoredProtocol","Guardian:TemporalShield"],"picked":"Guardian:Gem_Purple","floor":2.0},{"not_picked":["Guardian:Harden","Guardian:BronzeArmor"],"picked":"Guardian:DonusPower","floor":3.0},{"not_picked":["Guardian:TemporalStrike","Guardian:Gem_Purple"],"picked":"Guardian:Suspension","floor":5},{"not_picked":["Guardian:Emergency","Guardian:ShieldCharger"],"picked":"Guardian:Gem_Yellow","floor":6},{"not_picked":["Guardian:Incinerate","Guardian:Suspension"],"picked":"Guardian:Gem_Lightblue","floor":10},{"not_picked":["Guardian:VentSteam","Guardian:TemporalShield"],"picked":"Guardian:TimeSifter","floor":13},{"not_picked":["Guardian:VentSteam","Guardian:BronzeArmor"],"picked":"Guardian:Gem_Cyan","floor":15},{"not_picked":["Guardian:TimeSifter","Guardian:Gem_Orange"],"picked":"Guardian:ConstructionForm","floor":16},{"not_picked":["Guardian:Clone","Guardian:ChargeCore"],"picked":"Guardian:VentSteam+1","floor":19},{"not_picked":["Guardian:TemporalStrike","Guardian:TimeCapacitor"],"picked":"Guardian:ShieldSpikes","floor":20},{"not_picked":["Guardian:SentryBeam","Guardian:Gem_Cyan"],"picked":"Guardian:CrystalBeam","floor":21}],"player_experience":2404538,"relics_obtained":[{"floor":11,"key":"hubris:ToyBattleship"},{"floor":14,"key":"Anchor"},{"floor":22,"key":"Nilry\u0027s Codex"},{"floor":24,"key":"hubris:AstralHammer"}],"event_choices":[{"damage_healed":0,"gold_gain":0,"player_choice":"Ignored","damage_taken":0,"max_hp_gain":0,"max_hp_loss":0,"event_name":"Ghosts","floor":23,"gold_loss":0}],"is_beta":true,"boss_relics":[{"not_picked":["Philosopher\u0027s Stone","construct:ClawGrip"],"picked":"Ring of Chaos"}],"items_purged_floors":[],"is_endless":false,"potions_floor_spawned":[2,3,5,19,20,21],"killed_by":"3 Cultists","ascension_level":0}}