{"host":"kfd0jpqqxt101ydt","time":1613082993,"event":{"mods":["BaseMod","Downfall","Googly Eyes","Highlight Path","Minty Spire (QoL Compilation)","StSLib"],"gold_per_floor":[99,113,129,147,506,506,506,506,526,538,565,579,610,2,16,121,121,121,137,122,122,222,247,247,274,43,43,43,43],"floor_reached":27,"language":"ENG","playtime":1161,"items_purged":[],"score":304,"play_id":"9fa6d30b-2abd-4deb-b26f-18b338bd9329","local_time":"20210212003633","is_ascension_mode":true,"campfire_choices":[{"data":"Slimebound:Split","floor":1,"key":"SMITH"},{"data":"Slimebound:Darklings","floor":18,"key":"SMITH"}],"circlet_count":0,"master_deck":["Slimebound:Defend_Slimebound","Slimebound:Defend_Slimebound","Slimebound:Defend_Slimebound","Slimebound:Split+1","Slimebound:CorrosiveSpit","Slimebound:OneTwoCombo","Slimebound:PressTheAttack","Slimebound:ForwardTackle","Slimebound:HauntingLick","Slimebound:Schlurp","Slimebound:Replication","Slimebound:SplitAcid","Slimebound:GoopSpray","Slimebound:RainOfGoop","Slimebound:Dissolve","Slimebound:PressTheAttack","Slimebound:LivingWall","Slimebound:Darklings+1","Slimebound:SplitBruiser+1","Slimebound:CheckThePlaybook","Slimebound:DuplicatedForm","J.A.X.","Slimebound:RejuvenatingLick","Slimebound:RejuvenatingLick","downfall:Aged","Normality","Slimebound:Recycling","Slimebound:SplitAcid+1","Slimebound:LevelUp"],"relics":["Slimebound:AbsorbEndCombatUpgraded","Old Coin","Ginger","downfall:ExtraCursedKey","Blood Vial","Shuriken","Mango","Sling","Strawberry","Centennial Puzzle","MutagenicStrength","Juzu Bracelet","MawBank","MealTicket"],"acts_visited":["Exordium","TheCity"],"potions_floor_usage":[11,11,13,22,27,27],"damage_taken":[{"damage":8,"enemies":"2 Louse","floor":2,"turns":4},{"damage":8,"enemies":"Small Slimes","floor":3,"turns":2},{"damage":15,"enemies":"Jaw Worm","floor":4,"turns":2},{"damage":39,"enemies":"Lagavulin Event","floor":5,"turns":5},{"damage":7,"enemies":"Blue Slaver","floor":9,"turns":3},{"damage":2,"enemies":"Exordium Wildlife","floor":10,"turns":2},{"damage":25,"enemies":"Lagavulin","floor":11,"turns":4},{"damage":0,"enemies":"2 Fungi Beasts","floor":12,"turns":4},{"damage":8,"enemies":"3 Sentries","floor":13,"turns":4},{"damage":3,"enemies":"downfall:FleeingMerchant","floor":14,"turns":4},{"damage":0,"enemies":"3 Louse","floor":15,"turns":3},{"damage":41,"enemies":"DF_ARCHETYPE_STREAMLINE","floor":16,"turns":8},{"damage":3,"enemies":"Chosen","floor":19,"turns":3},{"damage":18,"enemies":"downfall:FleeingMerchant","floor":20,"turns":4},{"damage":36,"enemies":"downfall:Augmenter","floor":22,"turns":5},{"damage":12,"enemies":"Gremlin Leader","floor":23,"turns":5},{"damage":18,"enemies":"3 Byrds","floor":25,"turns":3},{"damage":23,"enemies":"downfall:FleeingMerchant","floor":26,"turns":4},{"damage":53,"enemies":"Book of Stabbing","floor":27,"turns":2}],"seed_played":"-7548095579352580474","potions_obtained":[{"floor":4,"key":"FairyPotion"},{"floor":5,"key":"Slimebound:SlimyTonguePotion"},{"floor":9,"key":"LiquidMemories"},{"floor":11,"key":"ColorlessPotion"},{"floor":12,"key":"Fire Potion"},{"floor":13,"key":"champ:CounterPotion"},{"floor":23,"key":"FearPotion"},{"floor":25,"key":"Regen Potion"}],"is_trial":false,"path_per_floor":["R","M","M","M","?","?","T","?","M","M","E","M","E","$","M","B",null,"R","M","$","?","?","E","T","M","$","E"],"character_chosen":"SLIMEBOUND","items_purchased":["Mango","Sling","Strawberry","MealTicket","Slimebound:LevelUp"],"campfire_rested":0,"item_purchase_floors":[14,14,14,26,26],"current_hp_per_floor":[59,55,49,36,5,5,5,5,21,23,6,12,14,38,44,13,80,80,77,70,70,48,50,50,43,37,0,0,0],"gold":43,"neow_bonus":"TRANSFORM_TWO_CARDS","is_daily":false,"chose_seed":false,"campfire_upgraded":2,"win_rate":0.0,"timestamp":1613082993,"path_taken":["R","M","M","M","?","?","T","?","M","M","E","M","E","?","M","BOSS","R","M","$","?","?","E","T","M","?","E"],"items_purchased_type":["Relic","Relic","Relic","Relic","Card"],"build_version":"2020-12-22","purchased_purges":0,"victory":false,"max_hp_per_floor":[59,59,59,59,59,59,59,59,59,59,59,59,59,80,80,80,80,80,80,80,80,80,80,80,80,80,80,80,80],"card_choices":[{"not_picked":["Slimebound:RollThrough","Slimebound:ItLooksTasty"],"picked":"Slimebound:ForwardTackle","floor":2},{"not_picked":["Slimebound:ComboTackle","Slimebound:Dissolve"],"picked":"Slimebound:HauntingLick","floor":3},{"not_picked":["Slimebound:TongueLash","Slimebound:SamplingLick"],"picked":"Slimebound:Schlurp","floor":4},{"not_picked":["Slimebound:SpikyOuterGoop","Slimebound:SplitSpecialist"],"picked":"Slimebound:Replication","floor":5},{"not_picked":["Slimebound:SpikyOuterGoop","Slimebound:Chomp"],"picked":"Slimebound:SplitAcid","floor":9},{"not_picked":["Slimebound:Prepare","Slimebound:SlimeTap"],"picked":"Slimebound:GoopSpray","floor":10},{"not_picked":["Slimebound:Prepare","Slimebound:GrowthPunch","Slimebound:SlimeTap"],"picked":"SKIP","floor":11},{"not_picked":["Slimebound:BestDefense","Slimebound:ItLooksTasty"],"picked":"Slimebound:RainOfGoop","floor":12},{"not_picked":["Slimebound:GoopTackle","Slimebound:HauntingLick"],"picked":"Slimebound:Dissolve","floor":13},{"not_picked":["Slimebound:LeechEnergy","Slimebound:HauntingLick"],"picked":"Slimebound:PressTheAttack","floor":14},{"not_picked":["Slimebound:LeechingTouch","Slimebound:Dissolve"],"picked":"Slimebound:LivingWall","floor":15},{"not_picked":["Slimebound:RallyTheTroops","Slimebound:OneTwoCombo"],"picked":"Slimebound:Darklings","floor":16},{"not_picked":["Slimebound:HauntingLick","Slimebound:TongueLash"],"picked":"Slimebound:SplitBruiser+1","floor":19},{"not_picked":["Slimebound:ItLooksTasty","Slimebound:LeechEnergy","Slimebound:SlimeSpikes+1"],"picked":"SKIP","floor":20},{"not_picked":[],"picked":"J.A.X.","floor":22},{"not_picked":["Slimebound:SplitAcid","Slimebound:TongueLash"],"picked":"Slimebound:RejuvenatingLick","floor":22},{"not_picked":["Slimebound:ProtectTheBoss","Slimebound:SplitBruiser"],"picked":"Slimebound:RejuvenatingLick","floor":23},{"not_picked":["Slimebound:GoopSpray","Slimebound:Prepare+1"],"picked":"Slimebound:Recycling","floor":25},{"not_picked":["Slimebound:Schlurp+1","Slimebound:DivideAndConquer"],"picked":"Slimebound:SplitAcid+1","floor":26}],"player_experience":33043,"relics_obtained":[{"floor":5,"key":"Old Coin"},{"floor":7,"key":"Ginger"},{"floor":11,"key":"Blood Vial"},{"floor":13,"key":"Shuriken"},{"floor":22,"key":"MutagenicStrength"},{"floor":23,"key":"Juzu Bracelet"},{"floor":24,"key":"MawBank"}],"event_choices":[],"is_beta":false,"boss_relics":[{"not_picked":["Snecko Eye","Tiny House"],"picked":"Slimebound:AbsorbEndCombatUpgraded"}],"items_purged_floors":[],"is_endless":false,"potions_floor_spawned":[4,5,9,11,12,13,23,25],"killed_by":"Book of Stabbing","ascension_level":3}}