{"host":"ttx8tv95o5vka1nm","time":1613035186,"event":{"mods":["AchievementEnabler","BaseMod","BetterRewards","Colored Map","Downfall","Evolution","Hermit","Hubris","Infinite Spire","Jorbs\u0027s Wanderer Trilogy","Minty Spire (QoL Compilation)","Relic Filter Mod","Reliquary","Robot Space Explorer","Shop Mod","Spicy Shops","StSLib","The Blue Laboratory","The Bug Knight","The Cursed","The Hayseed","The Necromancer","The Runesmith","TheBandit","TheVacant","Wandering Minibosses"],"gold_per_floor":[111,123,138,138,138,164,164,178,178,178,220,231,91,91,91,205,250,432,432,432,460,482,549,602,624,624,47,86,86,86,109,109,214,214,233,233,28,28,76,76,135,148,202,271,501,501,542,559,559,699,699,705,168,118,127,12,61,61,83,132,132,150,162,162,201,201,283,283,298,418,418,418,427,473,473,493,519,519,522,538,558,581,581,687,687,693,35,35,42,54,54,95,95,95,95,95,146,167,193,193,264,314,327,62,77,77,77,109,120,144,144,144,127,127,127,151,151,268,268,284,284,48,48,71,100,100,155,155,179,185,185,225,248,248,345,345,380,380,290,249,286,313,339,357,357,386,232,232,232,454,454,556,556,556,90,119,219],"floor_reached":158,"language":"ENG","playtime":10479,"items_purged":["Strike_P","Defend_P","Strike_P","WaveOfTheHand","PathToVictory","Evaluate+1","Injury","SashWhip+1","Injury","CrushJoints+1","CutThroughFate+1","EmptyBody+1","Protect+1","EmptyBody+1","ReachHeaven+1","Adaptation+1","Perseverance+1","WindmillStrike+1","BattleHymn+1","Alpha+1","SandsOfTime+1"],"score":5908,"play_id":"a78e686b-6910-4ce8-b108-72efe49586ff","local_time":"20210211191946","is_ascension_mode":true,"campfire_choices":[{"data":"BattleHymn","floor":7,"key":"SMITH"},{"data":"Eruption","floor":10,"key":"SMITH"},{"data":"Adaptation","floor":15,"key":"SMITH"},{"data":"Establishment","floor":30,"key":"SMITH"},{"data":"LessonLearned","floor":32,"key":"SMITH"},{"data":"TalkToTheHand","floor":40,"key":"SMITH"},{"data":"1","floor":49,"key":"LIFT"},{"data":"2","floor":61,"key":"LIFT"},{"data":"3","floor":66,"key":"LIFT"},{"floor":83,"key":"REST"},{"data":"hubris:InfiniteBlow+3","floor":91,"key":"SMITH"},{"data":"hubris:InfiniteBlow+5","floor":93,"key":"SMITH"},{"data":"hubris:InfiniteBlow+9","floor":100,"key":"SMITH"},{"data":"hubris:InfiniteBlow+16","floor":112,"key":"SMITH"},{"data":"hubris:InfiniteBlow+17","floor":117,"key":"SMITH"},{"data":"hubris:InfiniteBlow+18","floor":126,"key":"SMITH"},{"data":"hubris:InfiniteBlow+21","floor":134,"key":"SMITH"},{"data":"hubris:InfiniteBlow+24","floor":149,"key":"SMITH"},{"data":"hubris:InfiniteBlow+25","floor":151,"key":"SMITH"},{"data":"hubris:InfiniteBlow+26","floor":154,"key":"SMITH"}],"circlet_count":0,"master_deck":["Eruption+1","Vigilance+1","EmptyFist+1","Consecrate+1","Halt+1","Flash of Steel+1","Establishment+1","Protect+1","Wish+1","CutThroughFate+1","WheelKick+1","Wallop+1","LessonLearned+1","TalkToTheHand+1","Vault+1","FearNoEvil+1","Sanctity+1","infinitespire:Oblivion+1","infinitespire:Gouge+1","Tantrum+1","infinitespire:Execution+1","hubris:InfiniteBlow+27","Ragnarok+1","Blasphemy+1","infinitespire:Menacing+1","infinitespire:SealOfDarkness+"],"relics":["PureWater","EVO:Axolotl","FossilizedHelix","Akabeko","Pen Nib","infinitespire:WardingShard","Gremlin Horn","MerchantsRug","Sling","Nunchaku","Anchor","hubris:Towel","reliquary:SilkGlove","Yang","Gambling Chip","hubris:Icosahedron","Ancient Tea Set","Toxic Egg 2","reliquary:IridiumChain","Blood Vial","Juzu Bracelet","Molten Egg 2","infinitespire:Satchel","SlaversCollar","Girya","hubris:SlimyHat","reliquary:SharkskinSheath","hubris:Stopwatch","reliquary:Bookmark","Bag of Marbles","Happy Flower","Membership Card","Shuriken","Vajra","Bird Faced Urn","Toy Ornithopter","infinitespire:Bottled Soul","reliquary:WritOfMandamus","wanderingMiniBosses:LockLocket","CaptainsWheel","PreservedInsect","Mummified Hand","reliquary:ExpiredCoupon","hubris:BottledRain","Red Mask","The Courier","Busted Crown","HandDrill","reliquary:JackalopeAntler","hubris:Reverence","hubris:MedicalManual","Bronze Scales","reliquary:Firecrackers","InkBottle","Toolbox","reliquary:FerryPass","infinitespire:Beetle Shell","reliquary:TridentHead","Lantern","Tiny Chest","Bottled Lightning","Bag of Preparation","ClockworkSouvenir","reliquary:WeakTea","Ginger","Odd Mushroom","Ornamental Fan","Smiling Mask","reliquary:RoseTintedGlasses","hubris:SphereOfDissonance","infinitespire:CheckeredPen","reliquary:Boomerang","Regal Pillow","Runesmith:AutoHammer","Coffee Dripper","hubris:CrystalStatue","Omamori","reliquary:Aerogel","reliquary:HotPoker","infinitespire:CursedDice","Kunai","GoldenEye","Black Star","infinitespire:BottledMercury","Potion Belt","Singing Bowl","infinitespire:PuzzleCube","infinitespire:ShieldingShard","Damaru","Blue Candle"],"acts_visited":["Exordium","TheCity","TheBeyond","Exordium","TheCity","TheBeyond","Exordium","TheCity","TheBeyond","TheEnding"],"potions_floor_usage":[6,21,45],"damage_taken":[{"damage":0,"enemies":"Jaw Worm","floor":1,"turns":3},{"damage":0,"enemies":"Small Slimes","floor":2,"turns":1},{"damage":0,"enemies":"Cultist","floor":3,"turns":1},{"damage":0,"enemies":"Gremlin Nob","floor":6,"turns":2},{"damage":0,"enemies":"Exordium Wildlife","floor":8,"turns":3},{"damage":0,"enemies":"3 Sentries","floor":11,"turns":3},{"damage":0,"enemies":"Exordium Thugs","floor":12,"turns":3},{"damage":1,"enemies":"The Guardian","floor":16,"turns":8},{"damage":0,"enemies":"Spheric Guardian","floor":18,"turns":5},{"damage":0,"enemies":"2 Thieves","floor":21,"turns":2},{"damage":0,"enemies":"Centurion and Healer","floor":22,"turns":4},{"damage":0,"enemies":"Slavers","floor":23,"turns":5},{"damage":0,"enemies":"Snake Plant","floor":24,"turns":5},{"damage":13,"enemies":"Sentry and Sphere","floor":25,"turns":4},{"damage":0,"enemies":"Gremlin Leader","floor":28,"turns":4},{"damage":0,"enemies":"Automaton","floor":33,"turns":7},{"damage":0,"enemies":"3 Darklings","floor":35,"turns":4},{"damage":0,"enemies":"3 Shapes","floor":39,"turns":5},{"damage":11,"enemies":"Nightmare","floor":41,"turns":7},{"damage":0,"enemies":"Writhing Mass","floor":42,"turns":5},{"damage":0,"enemies":"Giant Head","floor":44,"turns":5},{"damage":0,"enemies":"Sphere and 2 Shapes","floor":45,"turns":6},{"damage":0,"enemies":"4 Shapes","floor":47,"turns":4},{"damage":16,"enemies":"Jaw Worm Horde","floor":48,"turns":4},{"damage":0,"enemies":"Donu and Deca","floor":50,"turns":8},{"damage":0,"enemies":"Cultist","floor":52,"turns":3},{"damage":0,"enemies":"Small Slimes","floor":55,"turns":2},{"damage":2,"enemies":"3 Sentries","floor":57,"turns":3},{"damage":0,"enemies":"Nightmare","floor":59,"turns":6},{"damage":0,"enemies":"2 Louse","floor":62,"turns":1},{"damage":0,"enemies":"3 Sentries","floor":63,"turns":3},{"damage":0,"enemies":"2 Fungi Beasts","floor":65,"turns":2},{"damage":0,"enemies":"The Guardian","floor":67,"turns":3},{"damage":0,"enemies":"Spheric Guardian","floor":69,"turns":1},{"damage":0,"enemies":"2 Thieves","floor":70,"turns":3},{"damage":0,"enemies":"Sentry and Sphere","floor":73,"turns":2},{"damage":0,"enemies":"Gremlin Leader","floor":74,"turns":2},{"damage":0,"enemies":"Slavers","floor":76,"turns":2},{"damage":0,"enemies":"Chosen and Byrds","floor":79,"turns":2},{"damage":0,"enemies":"Book of Stabbing","floor":80,"turns":3},{"damage":0,"enemies":"Masked Bandits","floor":81,"turns":1},{"damage":0,"enemies":"Slavers","floor":82,"turns":1},{"damage":0,"enemies":"hubris:MusketHawk","floor":84,"turns":3},{"damage":0,"enemies":"Orb Walker","floor":86,"turns":2},{"damage":0,"enemies":"3 Shapes","floor":89,"turns":1},{"damage":0,"enemies":"Sphere and 2 Shapes","floor":90,"turns":1},{"damage":0,"enemies":"Giant Head","floor":92,"turns":3},{"damage":0,"enemies":"Reptomancer","floor":97,"turns":2},{"damage":0,"enemies":"3 Darklings","floor":98,"turns":3},{"damage":0,"enemies":"Transient","floor":99,"turns":3},{"damage":0,"enemies":"Time Eater","floor":101,"turns":4},{"damage":0,"enemies":"Small Slimes","floor":103,"turns":1},{"damage":0,"enemies":"Cultist","floor":105,"turns":1},{"damage":0,"enemies":"Lagavulin","floor":108,"turns":1},{"damage":0,"enemies":"2 Louse","floor":109,"turns":1},{"damage":0,"enemies":"Gremlin Nob","floor":110,"turns":1},{"damage":0,"enemies":"The Mushroom Lair","floor":116,"turns":1},{"damage":0,"enemies":"Hexaghost","floor":118,"turns":2},{"damage":0,"enemies":"2 Thieves","floor":120,"turns":1},{"damage":0,"enemies":"Nightmare","floor":125,"turns":1},{"damage":0,"enemies":"Slavers","floor":127,"turns":1},{"damage":0,"enemies":"Book of Stabbing","floor":129,"turns":1},{"damage":0,"enemies":"3 Byrds","floor":130,"turns":1},{"damage":0,"enemies":"Snecko","floor":132,"turns":1},{"damage":0,"enemies":"Slavers","floor":133,"turns":1},{"damage":0,"enemies":"infinitespire:LordOfFortification","floor":135,"turns":1},{"damage":0,"enemies":"3 Darklings","floor":137,"turns":2},{"damage":0,"enemies":"Orb Walker","floor":141,"turns":1},{"damage":0,"enemies":"Reptomancer","floor":142,"turns":1},{"damage":0,"enemies":"Giant Head","floor":144,"turns":1},{"damage":0,"enemies":"Nemesis","floor":146,"turns":1},{"damage":0,"enemies":"infinitespire:LordOfFortification","floor":152,"turns":1},{"damage":0,"enemies":"Shield and Spear","floor":156,"turns":1},{"damage":0,"enemies":"The Heart","floor":157,"turns":1}],"seed_played":"2411061798733469133","potions_obtained":[{"floor":1,"key":"SpeedPotion"},{"floor":2,"key":"Energy Potion"},{"floor":11,"key":"Block Potion"},{"floor":16,"key":"DistilledChaos"},{"floor":23,"key":"blueLaboratory:NullPotion"},{"floor":25,"key":"blueLaboratory:NullPotion"},{"floor":28,"key":"blueLaboratory:EnragingPotion"},{"floor":33,"key":"champ:CounterPotion"},{"floor":35,"key":"Block Potion"},{"floor":39,"key":"SpeedPotion"},{"floor":41,"key":"LiquidMemories"},{"floor":44,"key":"blueLaboratory:PressurePotion"},{"floor":50,"key":"blueLaboratory:MidnightOil"},{"floor":55,"key":"blueLaboratory:Moonshine"},{"floor":59,"key":"Dexterity Potion"},{"floor":71,"key":"Ancient Potion"},{"floor":71,"key":"Block Potion"},{"floor":89,"key":"SmokeBomb"},{"floor":92,"key":"SpeedPotion"},{"floor":98,"key":"Regen Potion"},{"floor":102,"key":"ColorlessPotion"},{"floor":105,"key":"FearPotion"},{"floor":120,"key":"blueLaboratory:SavagePotion"},{"floor":129,"key":"blueLaboratory:AlphaPotion"},{"floor":130,"key":"blueLaboratory:BubblePotion"},{"floor":132,"key":"blueLaboratory:PyrophylliteBrew"},{"floor":141,"key":"FearPotion"},{"floor":142,"key":"Swift Potion"},{"floor":157,"key":"blueLaboratory:LouseDecoction"}],"is_trial":false,"path_per_floor":["M","M","M","?","?","E","R","M","T","R","E","M","$","?","R","B",null,"M","?","?","M","M","E","M","M","T","$","E","?","R","T","R","B",null,"M","?","$","?","M","R","NM","M","T","E","M","?","M","M","R","B",null,"M","$","?","M","$","E","?","NM","T","R","M","E","AVR","M","R","B",null,"M","M","?","AVR","M","E","?","E","T","?","M","E","?","E","R","B",null,"M","$","?","M","M","R","E","R","T","?","AVR","E","M","M","R","B",null,"M","$","M","?","?","E","M","E","T","R","$","T","AVR","?","R","B",null,"M","?","$","$","T","NM","R","E","T","E","M","AVR","M","E","R","B",null,"M","?","?","$","M","E","T","E","T","E","$","AVR","R","?","R","B",null,"R","$","E","B",null],"character_chosen":"WATCHER","items_purchased":["Lee\u0027s Waffle","Akabeko","Pen Nib","infinitespire:WardingShard","Gremlin Horn","MerchantsRug","Sling","Matryoshka","Adaptation","Nunchaku","Anchor","ReachHeaven","WindmillStrike","BattleHymn","EmptyBody","Flash of Steel","LessonLearned","TalkToTheHand","Blood Vial","Juzu Bracelet","reliquary:Buckler","reliquary:Bookmark","Bag of Marbles","Sanctity+1","Happy Flower","FlyingSleeves+1","Membership Card","Shuriken","HandDrill","reliquary:JackalopeAntler","hubris:Reverence","hubris:MedicalManual","Bronze Scales","reliquary:Firecrackers","InkBottle","Toolbox","reliquary:FerryPass","Lantern","Blasphemy+1","Tiny Chest","ClockworkSouvenir","Ornamental Fan","Kunai","infinitespire:BottledMercury","Potion Belt","Singing Bowl","infinitespire:PuzzleCube","infinitespire:ShieldingShard"],"campfire_rested":1,"item_purchase_floors":[0,0,0,0,0,0,0,0,0,0,0,0,0,0,0,13,27,27,27,27,37,53,53,53,53,53,56,56,87,87,87,87,87,87,87,87,87,104,104,104,113,122,147,155,155,155,155,155],"current_hp_per_floor":[79,79,79,79,83,83,83,83,83,83,83,83,83,86,86,85,86,86,86,80,80,80,80,80,67,67,67,69,69,69,69,69,71,82,84,84,84,84,86,86,75,77,77,79,81,81,83,69,69,71,82,84,84,84,86,86,84,89,91,91,91,91,91,91,91,91,91,91,91,91,91,91,91,91,91,91,91,68,72,78,82,84,91,91,91,91,91,91,91,91,91,91,91,91,91,91,91,91,91,91,91,96,96,96,96,96,96,96,96,96,96,96,96,96,96,96,96,96,96,96,106,106,106,106,106,106,106,106,106,106,106,106,106,106,106,106,106,101,101,101,101,101,101,101,101,101,101,101,101,101,101,101,101,101,101,103,105],"gold":219,"neow_bonus":"","is_daily":false,"chose_seed":false,"campfire_upgraded":16,"win_rate":0.0,"timestamp":1613035186,"path_taken":["M","M","M","?","?","E","R","M","T","R","E","M","$","?","R","BOSS","M","?","?","M","?","E","M","M","T","$","E","?","R","?","R","BOSS","M","?","$","?","M","R","NM","M","T","E","M","?","M","M","R","BOSS","M","?","?","M","$","E","?","NM","T","R","M","E","AVR","M","R","BOSS","M","M","?","AVR","M","E","?","E","T","?","M","E","?","E","R","BOSS","M","$","?","M","M","R","E","R","T","?","AVR","E","M","M","R","BOSS","M","$","M","?","?","E","M","E","T","R","?","?","AVR","?","R","BOSS","M","?","?","$","?","NM","R","E","T","E","M","AVR","M","E","R","BOSS","M","?","?","?","M","E","?","E","T","E","?","AVR","R","?","R","BOSS","R","$","E","BOSS"],"items_purchased_type":["Relic","Relic","Relic","Relic","Relic","Relic","Relic","Relic","Card","Relic","Relic","Card","Card","Card","Card","Card","Card","Card","Relic","Relic","Relic","Relic","Relic","Card","Relic","Card","Relic","Relic","Relic","Relic","Relic","Relic","Relic","Relic","Relic","Relic","Relic","Relic","Card","Relic","Relic","Relic","Relic","Relic","Relic","Relic","Relic","Relic"],"build_version":"2020-12-22","purchased_purges":21,"victory":true,"max_hp_per_floor":[79,79,79,79,86,86,86,86,86,86,86,86,86,86,86,86,86,86,86,86,86,86,86,86,86,86,86,86,86,86,86,86,86,86,86,86,86,86,86,86,86,86,86,86,86,86,86,86,86,86,86,86,86,86,86,86,86,91,91,91,91,91,91,91,91,91,91,91,91,91,91,91,91,91,91,91,91,91,91,91,91,91,91,91,91,91,91,91,91,91,91,91,91,91,91,91,91,91,91,91,91,96,96,96,96,96,96,96,96,96,96,96,96,96,96,96,96,96,96,96,106,106,106,106,106,106,106,106,106,106,106,106,106,106,106,106,106,101,101,101,101,101,101,101,101,101,101,101,101,101,101,101,101,101,101,103,105],"card_choices":[{"not_picked":["FlyingSleeves","CutThroughFate"],"picked":"EmptyFist","floor":1},{"not_picked":["Prostrate","SashWhip"],"picked":"Consecrate","floor":2},{"not_picked":["ForeignInfluence","ConjureBlade"],"picked":"EmptyMind","floor":3},{"not_picked":["FlurryOfBlows","Prostrate","EmptyFist"],"picked":"SKIP","floor":6},{"not_picked":["EmptyBody","WindmillStrike"],"picked":"CrushJoints","floor":8},{"not_picked":["EmptyFist","BattleHymn"],"picked":"Halt","floor":11},{"not_picked":["EmptyBody","Evaluate","Judgement"],"picked":"SKIP","floor":12},{"not_picked":["Wish","Alpha"],"picked":"Establishment","floor":16},{"not_picked":["FlurryOfBlows","Halt"],"picked":"ClearTheMind","floor":18},{"not_picked":["FlurryOfBlows","PathToVictory"],"picked":"Perseverance","floor":21},{"not_picked":["SignatureMove+1","InnerPeace"],"picked":"CutThroughFate","floor":22},{"not_picked":["ThirdEye","EmptyMind"],"picked":"WheelKick","floor":23},{"not_picked":["Weave","CrushJoints","EmptyFist"],"picked":"SKIP","floor":24},{"not_picked":["ThirdEye","Protect"],"picked":"Wallop+1","floor":25},{"not_picked":["Prostrate+1","DeusExMachina+1"],"picked":"Vault+1","floor":28},{"not_picked":["BowlingBash+1","BattleHymn"],"picked":"Protect+1","floor":35},{"not_picked":["Crescendo+1","LikeWater+1"],"picked":"CutThroughFate+1","floor":39},{"not_picked":["ClearTheMind+1","Nirvana+1"],"picked":"Evaluate+1","floor":41},{"not_picked":["ClearTheMind+1","FlurryOfBlows+1","Wallop+1"],"picked":"SKIP","floor":42},{"not_picked":["Establishment","MentalFortress+1"],"picked":"EmptyBody+1","floor":44},{"not_picked":["Evaluate+1","SashWhip+1"],"picked":"FearNoEvil+1","floor":45},{"not_picked":["ThirdEye+1","EmptyBody+1","Worship+1"],"picked":"SKIP","floor":47},{"not_picked":["FearNoEvil+1","JustLucky+1","SignatureMove+1"],"picked":"SKIP","floor":48},{"not_picked":["Omniscience+1","ConjureBlade+1"],"picked":"Alpha+1","floor":50},{"not_picked":["Crescendo+1","EmptyFist+1","PathToVictory+1"],"picked":"SKIP","floor":52},{"not_picked":["SashWhip+1","FlyingSleeves+1","Prostrate+1"],"picked":"SKIP","floor":55},{"not_picked":["SashWhip+1","EmptyFist+1","EmptyBody+1"],"picked":"SKIP","floor":57},{"not_picked":["infinitespire:Starlight","infinitespire:DeathsTouch"],"picked":"infinitespire:Oblivion","floor":59},{"not_picked":["PathToVictory+1","JustLucky+1","SashWhip+1"],"picked":"SKIP","floor":59},{"not_picked":["Meditate+1","Weave+1","Prostrate+1"],"picked":"SKIP","floor":62},{"not_picked":["EmptyFist+1","Sanctity+1"],"picked":"SandsOfTime+1","floor":63},{"not_picked":["Perseverance+1","SashWhip+1","ThirdEye+1"],"picked":"SKIP","floor":65},{"not_picked":["Devotion","Vault+1"],"picked":"SpiritShield+1","floor":67},{"not_picked":["Wallop+1","SashWhip+1","Indignation+1"],"picked":"SKIP","floor":69},{"not_picked":["FlyingSleeves+1","FollowUp+1"],"picked":"Tantrum+1","floor":70},{"not_picked":["ReachHeaven+1","EmptyFist+1","Wireheading+1"],"picked":"SKIP","floor":73},{"not_picked":["ThirdEye+1","FlurryOfBlows+1","CutThroughFate+1"],"picked":"SKIP","floor":74},{"not_picked":["SpiritShield+1","Nirvana+1","Consecrate+1"],"picked":"SKIP","floor":76},{"not_picked":["infinitespire:SevenWalls","infinitespire:NeuralNetwork"],"picked":"infinitespire:Execution","floor":78},{"not_picked":["Collect+1","CutThroughFate+1","WindmillStrike+1"],"picked":"SKIP","floor":79},{"not_picked":["ThirdEye+1","Evaluate+1","SashWhip+1"],"picked":"SKIP","floor":80},{"not_picked":["PathToVictory+1","JustLucky+1","SignatureMove+1"],"picked":"SKIP","floor":82},{"not_picked":["infinitespire:UltimateForm","infinitespire:Oblivion"],"picked":"hubris:InfiniteBlow","floor":84},{"not_picked":["Blasphemy+1","Vault+1"],"picked":"Ragnarok+1","floor":84},{"not_picked":["MentalFortress+1"],"picked":"SKIP","floor":86},{"not_picked":["FearNoEvil+1"],"picked":"SKIP","floor":89},{"not_picked":["EmptyMind+1"],"picked":"SKIP","floor":90},{"not_picked":["CutThroughFate+1"],"picked":"SKIP","floor":92},{"not_picked":["ReachHeaven+1"],"picked":"SKIP","floor":97},{"not_picked":["FlyingSleeves+1"],"picked":"SKIP","floor":98},{"not_picked":["JustLucky+1"],"picked":"SKIP","floor":99},{"not_picked":["BowlingBash+1"],"picked":"SKIP","floor":103},{"not_picked":["Indignation+1"],"picked":"SKIP","floor":105},{"not_picked":["EmptyMind+1"],"picked":"SKIP","floor":108},{"not_picked":["EmptyFist+1"],"picked":"SKIP","floor":109},{"not_picked":["Protect+1"],"picked":"SKIP","floor":110},{"not_picked":["EmptyBody+1"],"picked":"SKIP","floor":120},{"not_picked":["ClearTheMind+1"],"picked":"SKIP","floor":125},{"not_picked":["FlyingSleeves+1"],"picked":"SKIP","floor":127},{"not_picked":["JustLucky+1"],"picked":"SKIP","floor":129},{"not_picked":["FlyingSleeves+1"],"picked":"SKIP","floor":130},{"not_picked":["WindmillStrike+1"],"picked":"SKIP","floor":132},{"not_picked":["EmptyBody+1"],"picked":"SKIP","floor":133},{"not_picked":["CutThroughFate+1"],"picked":"SKIP","floor":137},{"not_picked":["FollowUp+1"],"picked":"SKIP","floor":141},{"not_picked":["Conclude+1"],"picked":"SKIP","floor":142},{"not_picked":["Indignation+1"],"picked":"SKIP","floor":144},{"not_picked":["ReachHeaven+1"],"picked":"SKIP","floor":146},{"not_picked":["ClearTheMind+1"],"picked":"Singing Bowl","floor":156},{"not_picked":["Omniscience+1"],"picked":"Singing Bowl","floor":157}],"player_experience":1133026,"relics_obtained":[{"floor":6,"key":"reliquary:SilkGlove"},{"floor":9,"key":"Yang"},{"floor":9,"key":"CeramicFish"},{"floor":11,"key":"Gambling Chip"},{"floor":23,"key":"Ancient Tea Set"},{"floor":26,"key":"Toxic Egg 2"},{"floor":26,"key":"reliquary:IridiumChain"},{"floor":28,"key":"Molten Egg 2"},{"floor":31,"key":"infinitespire:Satchel"},{"floor":41,"key":"Girya"},{"floor":43,"key":"hubris:SlimyHat"},{"floor":44,"key":"reliquary:SharkskinSheath"},{"floor":57,"key":"Vajra"},{"floor":59,"key":"Bird Faced Urn"},{"floor":60,"key":"Toy Ornithopter"},{"floor":63,"key":"infinitespire:Bottled Soul"},{"floor":70,"key":"wanderingMiniBosses:LockLocket"},{"floor":74,"key":"PreservedInsect"},{"floor":76,"key":"Mummified Hand"},{"floor":77,"key":"reliquary:ExpiredCoupon"},{"floor":80,"key":"hubris:BottledRain"},{"floor":81,"key":"Red Mask"},{"floor":82,"key":"The Courier"},{"floor":92,"key":"reliquary:QuartzCube"},{"floor":94,"key":"infinitespire:Beetle Shell"},{"floor":97,"key":"reliquary:TridentHead"},{"floor":108,"key":"Bottled Lightning"},{"floor":110,"key":"Whetstone"},{"floor":111,"key":"Bag of Preparation"},{"floor":114,"key":"reliquary:WeakTea"},{"floor":116,"key":"Odd Mushroom"},{"floor":124,"key":"Smiling Mask"},{"floor":125,"key":"reliquary:RoseTintedGlasses"},{"floor":127,"key":"hubris:SphereOfDissonance"},{"floor":128,"key":"infinitespire:CheckeredPen"},{"floor":129,"key":"reliquary:Boomerang"},{"floor":133,"key":"Runesmith:AutoHammer"},{"floor":142,"key":"hubris:CrystalStatue"},{"floor":143,"key":"Omamori"},{"floor":144,"key":"reliquary:Aerogel"},{"floor":145,"key":"reliquary:HotPoker"},{"floor":146,"key":"infinitespire:CursedDice"},{"floor":156,"key":"Damaru"},{"floor":156,"key":"Blue Candle"}],"event_choices":[{"damage_healed":0,"gold_gain":0,"player_choice":"Success","damage_taken":3,"relics_obtained":["Strawberry"],"max_hp_gain":0,"max_hp_loss":0,"event_name":"Scrap Ooze","floor":5,"gold_loss":0},{"damage_healed":3,"gold_gain":0,"player_choice":"Full Heal","damage_taken":0,"max_hp_gain":0,"max_hp_loss":0,"event_name":"Wheel of Change","floor":14,"gold_loss":0},{"damage_healed":0,"gold_gain":0,"player_choice":"","damage_taken":6,"max_hp_gain":0,"max_hp_loss":0,"event_name":"Knowing Skull","floor":20,"potions_obtained":[],"gold_loss":0,"cards_obtained":[]},{"cards_removed":["EmptyMind"],"damage_healed":0,"gold_gain":0,"player_choice":"Removed Skill","damage_taken":0,"max_hp_gain":0,"max_hp_loss":0,"event_name":"Falling","floor":36,"gold_loss":0},{"damage_healed":0,"gold_gain":0,"player_choice":"Ignored","damage_taken":0,"max_hp_gain":0,"max_hp_loss":0,"event_name":"SecretPortal","floor":46,"gold_loss":0},{"cards_removed":["ClearTheMind"],"damage_healed":0,"gold_gain":0,"player_choice":"Card Removal","damage_taken":0,"max_hp_gain":0,"max_hp_loss":0,"event_name":"The Cleric","floor":54,"gold_loss":50},{"damage_healed":0,"gold_gain":0,"player_choice":"Donut","damage_taken":0,"max_hp_gain":5,"max_hp_loss":0,"event_name":"Big Fish","floor":58,"gold_loss":0},{"damage_healed":0,"gold_gain":0,"player_choice":"Got Potions","damage_taken":0,"max_hp_gain":0,"max_hp_loss":0,"event_name":"Lab","floor":71,"gold_loss":0},{"damage_healed":0,"gold_gain":0,"player_choice":"Fought Bandits","damage_taken":0,"max_hp_gain":0,"max_hp_loss":0,"event_name":"Masked Bandits","floor":81,"gold_loss":0},{"damage_healed":0,"gold_gain":0,"player_choice":"0 cards matched","damage_taken":0,"max_hp_gain":0,"max_hp_loss":0,"event_name":"Match and Keep!","floor":88,"gold_loss":0,"cards_obtained":[]},{"damage_healed":0,"gold_gain":0,"player_choice":"Forge","damage_taken":0,"max_hp_gain":0,"max_hp_loss":0,"event_name":"Accursed Blacksmith","floor":95,"gold_loss":0,"cards_upgraded":["hubris:InfiniteBlow"]},{"damage_healed":0,"gold_gain":0,"player_choice":"Ignored","damage_taken":0,"max_hp_gain":0,"max_hp_loss":0,"event_name":"Transmorgrifier","floor":106,"gold_loss":0},{"damage_healed":0,"gold_gain":0,"player_choice":"Upgraded","damage_taken":0,"max_hp_gain":0,"max_hp_loss":0,"event_name":"Upgrade Shrine","floor":107,"gold_loss":0,"cards_upgraded":["hubris:InfiniteBlow"]},{"damage_healed":0,"gold_gain":0,"player_choice":"Fought Mushrooms","damage_taken":0,"max_hp_gain":0,"max_hp_loss":0,"event_name":"Mushrooms","floor":116,"gold_loss":0},{"cards_removed":["SpiritShield"],"damage_healed":0,"gold_gain":0,"player_choice":"Offered Rare","damage_taken":0,"max_hp_gain":10,"max_hp_loss":0,"event_name":"Bonfire Elementals","floor":121,"gold_loss":0},{"damage_healed":0,"gold_gain":0,"player_choice":"Max HP","damage_taken":0,"max_hp_gain":0,"max_hp_loss":5,"event_name":"Winding Halls","floor":138,"gold_loss":0},{"cards_removed":["FlyingSleeves"],"damage_healed":0,"gold_gain":0,"player_choice":"Upgrade and Remove","damage_taken":0,"max_hp_gain":0,"max_hp_loss":0,"event_name":"Designer","floor":139,"gold_loss":90,"cards_upgraded":["hubris:InfiniteBlow"]},{"damage_healed":0,"gold_gain":222,"player_choice":"Wore Mask","damage_taken":0,"max_hp_gain":0,"max_hp_loss":0,"event_name":"Tomb of Lord Red Mask","floor":150,"gold_loss":0}],"is_beta":false,"boss_relics":[{"not_picked":["hubris:BlackHole","Busted Crown"],"picked":"Pandora\u0027s Box"},{"not_picked":["Calling Bell","Runic Pyramid"],"picked":"SlaversCollar"},{"not_picked":["SacredBark","Tiny House"],"picked":"hubris:Stopwatch"},{"not_picked":["bronze:MakeshiftBattery","hubris:GrandSneckoEye"],"picked":"reliquary:WritOfMandamus"},{"not_picked":["Fusion Hammer","Calling Bell"],"picked":"Busted Crown"},{"not_picked":["Cursed Key","Runic Pyramid"],"picked":"Tiny House"},{"not_picked":["hubris:CrackedHourglass","Cursed Key","Snecko Eye"]},{"not_picked":["Sozu","reliquary:RedPaperclip"],"picked":"Coffee Dripper"},{"not_picked":["infinitespire:Cupcake","Runesmith:UraniumAnvil"],"picked":"Black Star"}],"items_purged_floors":[0,13,13,27,37,53,64,72,87,87,96,104,113,115,122,131,140,140,147,148,155],"is_endless":true,"potions_floor_spawned":[1,2,11,16,23,25,28,33,35,39,41,44,50,55,59,74,80,81,89,92,98,101,105,120,129,130,132,141,142,157],"ascension_level":7}}