{"host":"6hzrz31j95f2y1pa","time":1613003053,"event":{"mods":["BaseMod","Colored Map","Downfall","Minty Spire (QoL Compilation)","StSLib"],"gold_per_floor":[0,20,20,20,20,54,81,95,126,143,43,28,48,62,80,181,181,181,198,209,226,226,226,226,226,226,257,257,291,154,171,190,289,289,289,305,405,425,363,383,383,399,199,225,14,29,29,29,44,44,44,75,0,0,0,0,0,0],"floor_reached":56,"language":"ENG","playtime":3587,"items_purged":["hexamod:Strike","hexamod:Sear+1","hexamod:Firestarter","hexamod:HauntingEcho"],"score":1055,"play_id":"5409f66f-b421-4643-a31d-bd2bf62813f8","local_time":"20210210192413","is_ascension_mode":true,"campfire_choices":[{"data":"hexamod:Float","floor":1,"key":"SMITH"},{"floor":11,"key":"REST"},{"data":"hexamod:NightmareStrike","floor":18,"key":"SMITH"},{"floor":25,"key":"REST"},{"data":"hexamod:SwordOfDarkness","floor":28,"key":"SMITH"},{"floor":35,"key":"RECALL"},{"data":"expansioncontent:DashGenerateEvil","floor":43,"key":"SMITH"},{"floor":47,"key":"REST"},{"data":"hexamod:ForkedFlame","floor":54,"key":"SMITH"}],"circlet_count":0,"master_deck":["hexamod:Defend+1","hexamod:Float+1","hexamod:HauntingEcho","hexamod:SpectersWail","hexamod:TimeWarp","hexamod:NightmareStrike+1","hexamod:Hexaguard","hexamod:TimeOfNeed","hexamod:SoulSteal+1","hexamod:GhostShield+1","hexamod:EmpoweredFlame+1","Necronomicurse","hexamod:FirstSeal","hexamod:SwordOfDarkness+1","hexamod:Incineration","hexamod:RecurringNightmare","hexamod:GhostLash","hexamod:HeatShield+1","hexamod:FastForward","hexamod:ForkedFlame+1","hexamod:SwordOfDarkness+1","hexamod:HeatShield+1","hexamod:NightmareGuise+1","hexamod:GhostflameBarrier+1","expansioncontent:DashGenerateEvil+1","hexamod:StepThrough","hexamod:CatchUp+1"],"relics":["hexamod:SpiritBrand","champ:DuelingGlove","Strawberry","Slimebound:StickyStick","downfall:HeartBlessingGreen","bronze:MakeshiftBattery","Necronomicon","Bottled Lightning","Matryoshka","Omamori","Toy Ornithopter","Astrolabe","Potion Belt","Membership Card","MealTicket","CeramicFish","downfall:HeartBlessingRed","downfall:HeartBlessingBlue","CaptainsWheel","Centennial Puzzle","HandDrill","Akabeko","Ice Cream","Orichalcum"],"acts_visited":["Exordium","TheCity","TheBeyond","TheEnding"],"potions_floor_usage":[16,16,27,27,30,33,38,38,42,44,56,56,56,56,56],"damage_taken":[{"damage":2,"enemies":"Small Slimes","floor":2,"turns":3},{"damage":25,"enemies":"Lagavulin","floor":6,"turns":6},{"damage":0,"enemies":"2 Louse","floor":8,"turns":3},{"damage":16,"enemies":"Gremlin Nob","floor":9,"turns":3},{"damage":2,"enemies":"Jaw Worm","floor":10,"turns":2},{"damage":0,"enemies":"downfall:FleeingMerchant","floor":12,"turns":4},{"damage":0,"enemies":"3 Louse","floor":13,"turns":2},{"damage":0,"enemies":"Blue Slaver","floor":14,"turns":2},{"damage":3,"enemies":"Red Slaver","floor":15,"turns":2},{"damage":7,"enemies":"DF_ARCHETYPE_STREAMLINE","floor":16,"turns":6},{"damage":3,"enemies":"Shell Parasite","floor":19,"turns":3},{"damage":7,"enemies":"3 Byrds","floor":20,"turns":3},{"damage":16,"enemies":"Sentry and Sphere","floor":21,"turns":3},{"damage":9,"enemies":"Book of Stabbing","floor":27,"turns":3},{"damage":0,"enemies":"Gremlin Leader","floor":29,"turns":6},{"damage":0,"enemies":"downfall:FleeingMerchant","floor":30,"turns":4},{"damage":0,"enemies":"Centurion and Healer","floor":31,"turns":4},{"damage":9,"enemies":"Snake Plant","floor":32,"turns":3},{"damage":32,"enemies":"IC_MUSHROOM_ARCHETYPE","floor":33,"turns":6},{"damage":12,"enemies":"Orb Walker","floor":36,"turns":3},{"damage":3,"enemies":"downfall:LadyInBlue","floor":37,"turns":7},{"damage":29,"enemies":"3 Shapes","floor":38,"turns":4},{"damage":0,"enemies":"downfall:FleeingMerchant","floor":39,"turns":1},{"damage":0,"enemies":"Sphere and 2 Shapes","floor":40,"turns":5},{"damage":17,"enemies":"4 Shapes","floor":42,"turns":3},{"damage":31,"enemies":"Reptomancer","floor":44,"turns":5},{"damage":0,"enemies":"Spire Growth","floor":46,"turns":3},{"damage":3,"enemies":"Writhing Mass","floor":49,"turns":3},{"damage":29,"enemies":"SI_POISON_ARCHETYPE","floor":50,"turns":6},{"damage":67,"enemies":"downfall:CharBossMerchant","floor":52,"turns":7},{"damage":4,"enemies":"downfall:NeowBoss","floor":55,"turns":14},{"damage":85,"enemies":"downfall:NeowBossFinal","floor":56,"turns":12}],"seed_played":"-3576607588615256321","potions_obtained":[{"floor":8,"key":"BlessingOfTheForge"},{"floor":10,"key":"Weak Potion"},{"floor":14,"key":"SkillPotion"},{"floor":19,"key":"Strength Potion"},{"floor":20,"key":"DistilledChaos"},{"floor":27,"key":"SkillPotion"},{"floor":29,"key":"Slimebound:ThreeZeroPotion"},{"floor":37,"key":"GamblersBrew"},{"floor":37,"key":"Dexterity Potion"},{"floor":37,"key":"ColorlessPotion"},{"floor":37,"key":"Guardian:BlockOnCardUsePotion"},{"floor":38,"key":"Dexterity Potion"},{"floor":40,"key":"SpeedPotion"},{"floor":42,"key":"Fruit Juice"},{"floor":49,"key":"Fire Potion"},{"floor":52,"key":"DistilledChaos"}],"is_trial":false,"path_per_floor":["R","M","?","?","?","E","T","M","E","M","R","$","M","M","M","B",null,"R","M","M","M","?","?","T","R","?","E","R","E","$","M","M","B",null,"R","M","?","M","$","M","T","M","R","E","$","M","R","?","M","B",null,"E","$","R","B","B"],"character_chosen":"THE_SPIRIT","items_purchased":["hexamod:GhostLash","Membership Card","MealTicket","expansioncontent:DashGenerateEvil","hexamod:StepThrough","Centennial Puzzle","HandDrill"],"campfire_rested":3,"item_purchase_floors":[30,39,39,39,39,45,45],"current_hp_per_floor":[70,68,68,68,68,43,50,50,34,32,55,55,55,55,52,45,69,69,66,59,43,27,20,20,43,43,41,41,48,60,67,58,38,67,67,62,66,47,47,54,54,47,57,38,53,60,87,87,84,62,85,35,50,50,53,0,0,0],"gold":0,"neow_bonus":"REMOVE_TWO","is_daily":false,"chose_seed":false,"campfire_upgraded":5,"win_rate":0.0,"timestamp":1613003053,"path_taken":["R","M","?","?","?","E","T","M","E","?","R","$","M","M","M","BOSS","R","M","M","M","?","?","T","R","?","E","R","E","$","M","M","BOSS","R","M","?","?","$","M","T","M","R","E","$","M","R","?","M","BOSS","E","$","R","BOSS","BOSS"],"items_purchased_type":["Card","Relic","Relic","Card","Card","Relic","Relic"],"build_version":"2020-12-22","purchased_purges":4,"victory":false,"max_hp_per_floor":[70,70,70,70,70,70,77,77,77,77,77,77,77,77,77,77,77,77,77,77,77,77,77,77,77,77,77,77,77,77,77,77,77,77,77,77,77,77,77,77,77,82,92,92,92,92,92,92,92,92,92,92,92,92,92,92,92,92],"card_choices":[{"not_picked":["hexamod:SuperheatedStrike","hexamod:BurningTouch"],"picked":"hexamod:HauntingEcho","floor":2},{"not_picked":["hexamod:GhostOfSpireFuture","hexamod:NightmareGuise","hexamod:GiftsFromTheDead"],"picked":"SKIP","floor":6},{"not_picked":["hexamod:NightmareStrike","hexamod:FlamesFromBeyond"],"picked":"hexamod:Firestarter","floor":8},{"not_picked":["hexamod:RecurringNightmare","hexamod:NightmareGuise"],"picked":"hexamod:HauntingEcho","floor":9},{"not_picked":["hexamod:InspiringFlames","hexamod:Hexaguard"],"picked":"hexamod:SpectersWail","floor":10},{"not_picked":["hexamod:SpectralAdrenaline","hexamod:PhantomCloak","hexamod:ThirdSeal"],"picked":"SKIP","floor":12},{"not_picked":["hexamod:Hexaguard","hexamod:BacktrackSmack"],"picked":"hexamod:TimeWarp","floor":13},{"not_picked":["hexamod:HauntingEcho","hexamod:SuperheatedStrike"],"picked":"hexamod:NightmareStrike","floor":14},{"not_picked":["hexamod:SuperheatedStrike","hexamod:TimeWarp"],"picked":"hexamod:Hexaguard","floor":15},{"not_picked":["hexamod:FlameSwitch","hexamod:TurnItUp"],"picked":"hexamod:TimeOfNeed","floor":16},{"not_picked":["hexamod:GhostLash+1","hexamod:ThermalTransfer"],"picked":"hexamod:SoulSteal+1","floor":19},{"not_picked":["hexamod:GhostOfSpirePast","hexamod:SpectralSpark"],"picked":"hexamod:GhostShield+1","floor":20},{"not_picked":["hexamod:NightmareStrike","hexamod:SoulSteal"],"picked":"hexamod:EmpoweredFlame+1","floor":21},{"not_picked":["hexamod:GhostLash","hexamod:GhostOfSpireFuture+1"],"picked":"hexamod:SwordOfDarkness","floor":27},{"not_picked":["hexamod:FlamesFromBeyond","hexamod:BurningTouch"],"picked":"hexamod:Incineration","floor":29},{"not_picked":["hexamod:UnleashSpirits","hexamod:InspiringFlames+1"],"picked":"hexamod:RecurringNightmare","floor":30},{"not_picked":["hexamod:FourthSeal","hexamod:GhostShield"],"picked":"hexamod:HeatShield+1","floor":31},{"not_picked":["hexamod:ShieldOfDarkness+1","hexamod:NightmareGuise+1"],"picked":"hexamod:FastForward","floor":32},{"not_picked":["hexamod:GhostOfSpirePresent","hexamod:UnlimitedPower"],"picked":"hexamod:ForkedFlame","floor":33},{"not_picked":["hexamod:HeatMetal+1","hexamod:EmpoweredFlame"],"picked":"hexamod:GhostflameBarrier+1","floor":36},{"not_picked":["hexamod:NightmareGuise+1","hexamod:SpectersWail+1","hexamod:SoulSteal+1"],"picked":"SKIP","floor":38},{"not_picked":["hexamod:Firestarter","hexamod:ShieldOfDarkness+1","hexamod:BurningTouch"],"picked":"SKIP","floor":39},{"not_picked":["hexamod:SecondSeal","hexamod:Hexaguard"],"picked":"hexamod:CatchUp+1","floor":40},{"not_picked":["hexamod:RainOfEmbers","hexamod:AdvancingGuard","hexamod:HeatShield"],"picked":"SKIP","floor":42},{"not_picked":["hexamod:NightmareGuise+1","hexamod:PowerFromBeyond","hexamod:ThermalTransfer"],"picked":"SKIP","floor":44},{"not_picked":["hexamod:HeatMetal+1","hexamod:FlamesFromBeyond","hexamod:DynamicBlow"],"picked":"SKIP","floor":46},{"not_picked":["hexamod:SuperheatedStrike","hexamod:FlameSwitch","hexamod:SkipABeat"],"picked":"SKIP","floor":49},{"not_picked":["hexamod:ThirdSeal","hexamod:GhostShield","hexamod:NightmareGuise+1"],"picked":"SKIP","floor":52}],"player_experience":1421529,"relics_obtained":[{"floor":6,"key":"champ:DuelingGlove"},{"floor":7,"key":"Strawberry"},{"floor":9,"key":"Slimebound:StickyStick"},{"floor":22,"key":"Necronomicon"},{"floor":24,"key":"Bottled Lightning"},{"floor":26,"key":"Matryoshka"},{"floor":27,"key":"Omamori"},{"floor":29,"key":"Toy Ornithopter"},{"floor":37,"key":"Potion Belt"},{"floor":41,"key":"CeramicFish"},{"floor":44,"key":"CaptainsWheel"},{"floor":48,"key":"Akabeko"},{"floor":48,"key":"Ice Cream"},{"floor":52,"key":"Orichalcum"}],"event_choices":[{"cards_removed":["downfall:Malfunctioning"],"damage_healed":0,"gold_gain":0,"player_choice":"Card Removal","damage_taken":0,"max_hp_gain":0,"max_hp_loss":0,"event_name":"The Cleric","floor":4,"gold_loss":0},{"damage_healed":0,"gold_gain":0,"player_choice":"Relic","damage_taken":0,"max_hp_gain":0,"max_hp_loss":0,"event_name":"Wheel of Change","floor":26,"gold_loss":0}],"is_beta":false,"boss_relics":[{"not_picked":["hexamod:IceCube","Cursed Key"],"picked":"bronze:MakeshiftBattery"},{"not_picked":["Sozu","Snecko Eye"],"picked":"Astrolabe"}],"items_purged_floors":[30,39,45,53],"is_endless":false,"potions_floor_spawned":[8,10,14,19,20,27,29,37,38,40,42,49,52],"killed_by":"downfall:NeowBossFinal","ascension_level":5}}