{"host":"a4s27ghlnr83kbqz","time":1613029819,"event":{"mods":["AchievementEnabler","BaseMod","Colored Map","Minty Spire (QoL Compilation)","Permanent Neow","SuperFastMode"],"gold_per_floor":[19,35,47,63,138,138,168,168,218,218,238,266,23,43,43,116,116,136,136,136,36,86,86,86],"floor_reached":23,"language":"KOR","playtime":359,"items_purged":["Strike_R","Strike_R"],"score":398,"play_id":"f4421034-8bbc-49e7-b233-f41a6090c624","local_time":"20210211165019","is_ascension_mode":true,"campfire_choices":[{"data":"Demon Form","floor":6,"key":"SMITH"},{"floor":8,"key":"REST"},{"data":"Bash","floor":10,"key":"SMITH"},{"data":"Shrug It Off","floor":15,"key":"SMITH"}],"circlet_count":0,"master_deck":["AscendersBane","Strike_R","Strike_R","Strike_R","Defend_R","Defend_R","Defend_R","Defend_R","Bash+1","Demon Form+1","Wild Strike","Anger","Shrug It Off","Shrug It Off+1","Seeing Red","Limit Break","Reaper","Ghostly","Ghostly","Ghostly"],"relics":["Burning Blood","Mummified Hand","Art of War","Bronze Scales","Lee\u0027s Waffle","Mark of Pain"],"acts_visited":["Exordium","TheCity"],"potions_floor_usage":[12,18,18],"damage_taken":[{"damage":12,"enemies":"Cultist","floor":1,"turns":4},{"damage":10,"enemies":"2 Louse","floor":2,"turns":4},{"damage":11,"enemies":"Jaw Worm","floor":3,"turns":5},{"damage":18,"enemies":"Large Slime","floor":4,"turns":3},{"damage":15,"enemies":"Lagavulin","floor":7,"turns":5},{"damage":8,"enemies":"Blue Slaver","floor":11,"turns":4},{"damage":26,"enemies":"Gremlin Nob","floor":12,"turns":4},{"damage":12,"enemies":"Looter","floor":14,"turns":3},{"damage":53,"enemies":"The Guardian","floor":16,"turns":11},{"damage":49,"enemies":"3 Byrds","floor":18,"turns":3},{"damage":29,"enemies":"Slavers","floor":23,"turns":1}],"seed_played":"-5723382675433940817","potions_obtained":[{"floor":3,"key":"Weak Potion"},{"floor":4,"key":"Weak Potion"},{"floor":12,"key":"GamblersBrew"}],"is_trial":false,"path_per_floor":["M","M","M","M","?","R","E","R","T","R","M","E","$","M","R","B",null,"M","?","?","$","?","E"],"character_chosen":"IRONCLAD","items_purchased":["Lee\u0027s Waffle"],"campfire_rested":1,"item_purchase_floors":[13],"current_hp_per_floor":[62,58,53,41,30,30,21,43,43,43,41,21,82,76,76,29,69,30,21,21,21,21,0,0],"gold":86,"neow_bonus":"THREE_RARE_CARDS","is_daily":false,"chose_seed":false,"campfire_upgraded":3,"win_rate":0.0,"timestamp":1613029819,"path_taken":["M","M","M","M","?","R","E","R","T","R","M","E","$","M","R","BOSS","M","?","?","$","?","E"],"items_purchased_type":["Relic"],"build_version":"2020-12-22","purchased_purges":2,"victory":false,"max_hp_per_floor":[75,75,75,75,75,75,75,75,75,75,75,75,82,82,82,82,82,82,82,41,41,41,41,41],"card_choices":[{"not_picked":["Berserk","Corruption"],"picked":"Demon Form","floor":0},{"not_picked":["Sever Soul","Entrench"],"picked":"Wild Strike","floor":1},{"not_picked":["Intimidate","Thunderclap"],"picked":"Anger","floor":2},{"not_picked":["Rupture","Flex","Sentinel"],"picked":"SKIP","floor":3},{"not_picked":["Sentinel","Uppercut"],"picked":"Shrug It Off","floor":4},{"not_picked":["Rampage","Anger"],"picked":"Shrug It Off","floor":7},{"not_picked":["Whirlwind","Thunderclap"],"picked":"Seeing Red","floor":11},{"not_picked":["Blood for Blood","Iron Wave"],"picked":"Limit Break","floor":12},{"not_picked":["Body Slam","Shrug It Off","Clothesline"],"picked":"SKIP","floor":14},{"not_picked":["Feed","Bludgeon"],"picked":"Reaper","floor":16},{"not_picked":["Searing Blow","Blood for Blood","Infernal Blade"],"picked":"SKIP","floor":18}],"player_experience":1125005,"relics_obtained":[{"floor":7,"key":"Mummified Hand"},{"floor":9,"key":"Art of War"},{"floor":12,"key":"Bronze Scales"}],"event_choices":[{"damage_healed":0,"gold_gain":75,"player_choice":"Gather Gold","damage_taken":11,"max_hp_gain":0,"max_hp_loss":0,"event_name":"World of Goop","floor":5,"gold_loss":0},{"damage_healed":0,"gold_gain":0,"player_choice":"Stopped","damage_taken":9,"max_hp_gain":0,"max_hp_loss":0,"event_name":"Cursed Tome","floor":19,"gold_loss":0},{"damage_healed":0,"gold_gain":0,"player_choice":"Became a Ghost","damage_taken":0,"max_hp_gain":0,"max_hp_loss":41,"event_name":"Ghosts","floor":20,"gold_loss":0,"cards_obtained":["Ghostly","Ghostly","Ghostly"]},{"damage_healed":0,"gold_gain":50,"player_choice":"Stole From Cult","damage_taken":0,"max_hp_gain":0,"max_hp_loss":0,"event_name":"Nest","floor":22,"gold_loss":0}],"is_beta":false,"boss_relics":[{"not_picked":["Pandora\u0027s Box","Runic Pyramid"],"picked":"Mark of Pain"}],"items_purged_floors":[13,21],"is_endless":false,"potions_floor_spawned":[3,4,12,14],"killed_by":"Slavers","ascension_level":20}}