{"host":"8anmd7ibyxevnonj","time":1613041487,"event":{"mods":["BaseMod","Curses Come First","Downfall","Minty Spire (QoL Compilation)","StSLib"],"gold_per_floor":[99,115,127,127,127,127,127,127,127,160,178,195,195,205,219,318,318,318,338,351,381,401,401,424,424,440,83,93,108,108,127,137,241,241,241,256,256,274,292,38,120,120,136,168,168,185,211,211,211,211],"floor_reached":48,"language":"ENG","playtime":6171,"items_purged":[],"score":574,"play_id":"0fadd2f6-704f-44ce-835d-49275452c7a1","local_time":"20210211120447","is_ascension_mode":true,"campfire_choices":[{"data":"Guardian:TwinSlam","floor":1,"key":"SMITH"},{"data":"Guardian:ChargeUp","floor":8,"key":"SMITH"},{"data":"Guardian:SpikerProtocol","floor":9,"key":"SMITH"},{"data":"Guardian:Suspension","floor":13,"key":"SMITH"},{"data":"Guardian:AncientConstruct","floor":18,"key":"SMITH"},{"data":"Guardian:ArmoredProtocol","floor":23,"key":"SMITH"},{"floor":30,"key":"REST"},{"floor":35,"key":"RECALL"},{"floor":42,"key":"REST"},{"floor":45,"key":"REST"}],"circlet_count":0,"master_deck":["Guardian:Strike_Guardian","Guardian:Strike_Guardian","Guardian:Strike_Guardian","Guardian:Defend_Guardian","Guardian:Defend_Guardian","Guardian:Defend_Guardian","Guardian:Defend_Guardian","Guardian:CurlUp","Guardian:TwinSlam+1","Guardian:SpikerProtocol+1","Guardian:ChargeUp+1","Guardian:TwinSlam+1","Guardian:Suspension+1","Guardian:FuturePlans","Guardian:Incinerate+1","Guardian:MultiBeam+1","Guardian:AncientConstruct+1","Guardian:ArmoredProtocol+1","Guardian:Suspension","Guardian:DecasProtection+1","Guardian:TemporalShield+1","Guardian:Repulse+1","Guardian:ChargeCore+1","Guardian:TimeCapacitor+1","Guardian:Planning","Guardian:Reroute+1","Guardian:Recover+1","Guardian:HyperBeam_Guardian+1","Guardian:FloatingOrbs+1","Guardian:FuturePlans","Guardian:FuturePlans+1","Guardian:Incinerate+1","expansioncontent:DashGenerateEvil+1","Guardian:ShieldSpikes","Guardian:FierceBash+1","Guardian:DecasProtection"],"relics":["Guardian:ModeShifter","WingedGreaves","Guardian:PickAxe","Molten Egg 2","Potion Belt","SlaversCollar","Red Mask","MealTicket","Membership Card","Toy Ornithopter","Happy Flower","Snecko Eye","Thread and Needle","Bronze Scales","Ornamental Fan"],"acts_visited":["Exordium","TheCity","TheBeyond"],"potions_floor_usage":[15,21,21,32,33,40,44,47],"damage_taken":[{"damage":3,"enemies":"2 Louse","floor":2,"turns":3},{"damage":1,"enemies":"Cultist","floor":3,"turns":3},{"damage":19,"enemies":"Cultist","floor":4,"turns":6},{"damage":0,"enemies":"Lagavulin","floor":10,"turns":6},{"damage":5,"enemies":"Jaw Worm","floor":11,"turns":3},{"damage":12,"enemies":"Gremlin Gang","floor":12,"turns":3},{"damage":8,"enemies":"Red Slaver","floor":14,"turns":4},{"damage":4,"enemies":"Exordium Wildlife","floor":15,"turns":3},{"damage":17,"enemies":"WA_ARCHETYPE_RETAIN","floor":16,"turns":7},{"damage":10,"enemies":"Shell Parasite","floor":19,"turns":4},{"damage":20,"enemies":"Spheric Guardian","floor":20,"turns":6},{"damage":0,"enemies":"Masked Bandits","floor":21,"turns":4},{"damage":9,"enemies":"Snake Plant","floor":22,"turns":5},{"damage":0,"enemies":"3 Cultists","floor":26,"turns":6},{"damage":0,"enemies":"downfall:FleeingMerchant","floor":27,"turns":4},{"damage":11,"enemies":"Shelled Parasite and Fungi","floor":28,"turns":6},{"damage":15,"enemies":"Snake Plant","floor":29,"turns":6},{"damage":11,"enemies":"Centurion and Healer","floor":31,"turns":8},{"damage":2,"enemies":"Snecko","floor":32,"turns":6},{"damage":20,"enemies":"IC_MUSHROOM_ARCHETYPE","floor":33,"turns":7},{"damage":9,"enemies":"3 Shapes","floor":36,"turns":3},{"damage":8,"enemies":"3 Darklings","floor":38,"turns":4},{"damage":41,"enemies":"Sphere and 2 Shapes","floor":39,"turns":7},{"damage":3,"enemies":"downfall:FleeingMerchant","floor":40,"turns":4},{"damage":8,"enemies":"Spire Growth","floor":43,"turns":6},{"damage":18,"enemies":"Giant Head","floor":44,"turns":8},{"damage":26,"enemies":"Jaw Worm Horde","floor":46,"turns":4},{"damage":26,"enemies":"Reptomancer","floor":47,"turns":7},{"damage":14,"enemies":"4 Shapes","floor":48,"turns":2}],"seed_played":"-5016621137617485102","potions_obtained":[{"floor":10,"key":"Block Potion"},{"floor":11,"key":"DistilledChaos"},{"floor":12,"key":"FearPotion"},{"floor":15,"key":"Weak Potion"},{"floor":16,"key":"Fruit Juice"},{"floor":21,"key":"Dexterity Potion"},{"floor":22,"key":"AttackPotion"},{"floor":28,"key":"Ancient Potion"},{"floor":32,"key":"Guardian:DefensiveModePotion"},{"floor":38,"key":"Block Potion"},{"floor":46,"key":"SneckoOil"},{"floor":47,"key":"Fire Potion"}],"is_trial":false,"path_per_floor":["R","M","M","?","?","?","T","R","R","E","M","M","R","M","M","B",null,"R","M","M","?","M","R","T","?","M","$","M","M","R","M","M","B",null,"R","M","?","M","M","$","T","R","M","E","R","M","E","M"],"character_chosen":"GUARDIAN","items_purchased":["Membership Card","Toy Ornithopter","Guardian:TimeCapacitor","Happy Flower","Guardian:Planning","Thread and Needle","expansioncontent:DashGenerateEvil"],"campfire_rested":3,"item_purchase_floors":[27,27,27,27,27,40,40],"current_hp_per_floor":[72,69,68,49,49,49,49,49,49,49,44,32,32,24,20,3,72,72,62,42,42,33,33,33,33,33,48,37,22,43,32,40,25,77,77,68,68,60,19,36,36,59,51,38,61,35,14,0,0,0],"gold":211,"neow_bonus":"ONE_RARE_RELIC","is_daily":false,"chose_seed":false,"campfire_upgraded":6,"win_rate":0.0,"timestamp":1613041487,"path_taken":["R","M","M","?","?","?","T","R","R","E","?","?","R","M","M","BOSS","R","M","M","?","M","R","T","?","M","$","M","M","R","M","M","BOSS","R","M","?","M","M","$","T","R","M","E","R","M","E","?"],"items_purchased_type":["Relic","Relic","Card","Relic","Card","Relic","Card"],"build_version":"2020-12-13","purchased_purges":0,"victory":false,"max_hp_per_floor":[72,72,72,72,72,72,72,72,72,72,72,72,72,72,72,72,72,72,72,72,72,72,72,72,72,72,72,72,72,72,72,77,77,77,77,77,77,77,77,77,77,77,77,77,77,77,77,77,77,77],"card_choices":[{"not_picked":["Guardian:Gem_Cyan","Guardian:PolyBeam"],"picked":"Guardian:SpikerProtocol","floor":2},{"not_picked":["Guardian:FloatingOrbs","Guardian:Gem_Red"],"picked":"Guardian:ChargeUp","floor":3},{"not_picked":["Guardian:TemporalShield","Guardian:VentSteam"],"picked":"Guardian:Suspension","floor":10},{"not_picked":["Guardian:Gem_Yellow","Guardian:PolyBeam+1"],"picked":"Guardian:FuturePlans","floor":11},{"not_picked":["Guardian:TemporalStrike+1","Guardian:RollAttack+1"],"picked":"Guardian:Gem_Yellow","floor":12},{"not_picked":["Guardian:BodySlam+1","Guardian:PrismaticBarrier"],"picked":"Guardian:Incinerate+1","floor":14},{"not_picked":["Guardian:Recover","Guardian:TemporalShield"],"picked":"Guardian:MultiBeam+1","floor":15},{"not_picked":["Guardian:StasisField","Guardian:RevengeProtocol"],"picked":"Guardian:AncientConstruct","floor":16},{"not_picked":["Guardian:PrismaticBarrier","Guardian:Gem_Lightblue"],"picked":"Guardian:ArmoredProtocol","floor":19},{"not_picked":["Guardian:Gem_Cyan","Guardian:RollAttack+1"],"picked":"Guardian:Suspension","floor":20},{"not_picked":["Guardian:BronzeOrb+1","Guardian:Gem_Green"],"picked":"Guardian:DecasProtection+1","floor":21},{"not_picked":["Guardian:RefractedBeam+1","Guardian:WalkerClaw+1"],"picked":"Guardian:TemporalShield+1","floor":22},{"not_picked":["Guardian:BodySlam+1","Guardian:Gem_Red"],"picked":"Guardian:Repulse+1","floor":26},{"not_picked":["Guardian:RefractedBeam+1","Guardian:BodySlam+1"],"picked":"Guardian:ChargeCore+1","floor":27},{"not_picked":["Guardian:Gem_Fragmented","Guardian:DecasProtection"],"picked":"Guardian:Reroute+1","floor":28},{"not_picked":["Guardian:Planning","Guardian:ArmoredProtocol+1"],"picked":"Guardian:Gem_Synthetic","floor":29},{"not_picked":["Guardian:PolyBeam+1","Guardian:Incinerate+1"],"picked":"Guardian:Recover+1","floor":31},{"not_picked":["Guardian:Reroute+1","Guardian:ShieldSpikes"],"picked":"Guardian:Gem_Red","floor":32},{"not_picked":["Guardian:FastForward","Guardian:BaubleBeam+1"],"picked":"Guardian:HyperBeam_Guardian+1","floor":33},{"not_picked":["Guardian:Gem_Blue","Guardian:TemporalStrike+1"],"picked":"Guardian:FloatingOrbs+1","floor":36},{"not_picked":["Guardian:TemporalShield+1","Guardian:ArmoredProtocol+1"],"picked":"Guardian:FuturePlans","floor":38},{"not_picked":["Guardian:Gem_Green","Guardian:PrimingBeam+1"],"picked":"Guardian:FuturePlans+1","floor":39},{"not_picked":["Guardian:TemporalShield+1","Guardian:SentryBeam+1"],"picked":"Guardian:Incinerate+1","floor":40},{"not_picked":["Guardian:GuardianWhirl+1","Guardian:Suspension"],"picked":"Guardian:ShieldSpikes","floor":43},{"not_picked":["Guardian:Gem_Cyan","Guardian:CrystalBeam+1"],"picked":"Guardian:FierceBash+1","floor":44},{"not_picked":["Guardian:FloatingOrbs","Guardian:TemporalStrike+1"],"picked":"Guardian:DecasProtection","floor":46},{"not_picked":["Guardian:Planning","Guardian:FuturePlans+1","Guardian:Gem_Cyan"],"picked":"SKIP","floor":47}],"player_experience":106268,"relics_obtained":[{"floor":7,"key":"Molten Egg 2"},{"floor":10,"key":"Potion Belt"},{"floor":21,"key":"Red Mask"},{"floor":24,"key":"MealTicket"},{"floor":44,"key":"Bronze Scales"},{"floor":47,"key":"Ornamental Fan"}],"event_choices":[{"damage_healed":0,"gold_gain":0,"player_choice":"Fought Bandits","damage_taken":0,"max_hp_gain":0,"max_hp_loss":0,"event_name":"Masked Bandits","floor":21,"gold_loss":0}],"is_beta":false,"boss_relics":[{"not_picked":["Sozu","Fusion Hammer"],"picked":"SlaversCollar"},{"not_picked":["Guardian:StasisSlotReductionRelic","Coffee Dripper"],"picked":"Snecko Eye"}],"items_purged_floors":[],"is_endless":false,"potions_floor_spawned":[4,10,11,12,15,16,21,22,28,32,38,46,47],"killed_by":"4 Shapes","ascension_level":1}}