{"host":"4atjpfa3b4v97p31","time":1613044710,"event":{"mods":["AchievementEnabler","Act Like it!","BaseMod","BetterRewards","Colored Map","Downfall","Friendly Minions","Minty Spire (QoL Compilation)","Shop Mod","StSLib","The Animator"],"gold_per_floor":[118,293,293,72,72,99,30,55,55,55,78,121,76,108,108,217,217,227,227,242,254,62,62,62,94,119,119,119,119],"floor_reached":28,"language":"ZHS","playtime":2283,"items_purged":["Doubt"],"score":402,"play_id":"2793fa04-e3c4-4062-b75d-f1311c3406b2","local_time":"20210211195830","is_ascension_mode":true,"campfire_choices":[{"data":"animator:Demiurge","floor":10,"key":"SMITH"},{"data":"animator:HomuraAkemi","floor":15,"key":"SMITH"},{"data":"animator:Hibiki","floor":23,"key":"SMITH"}],"circlet_count":0,"master_deck":["animator:Strike_Overlord","animator:Defend_Overlord+1","animator:Strike","animator:Strike","animator:Strike","animator:Defend","animator:Defend","animator:Defend","animator:Cocytus","animator:Demiurge+1","animator:DolaRiku+1","animator:KrulTepes","animator:Hitei","animator:HomuraAkemi+1","animator:Mitsuba","animator:Nanami","animator:Ainz","animator:Yuuichirou","animator:MumenRider","animator:PandorasActor","animator:Hibiki+1","animator:Guren","Regret"],"relics":["animator:LivingPicture","animator:TheMissingPiece","animator:PurgingStone","NeowsBlessing","Tiny Chest","animator:CerealBox","Happy Flower","White Beast Statue","MealTicket","Blood Vial","Pantograph","Blood Vial","Bottled Lightning","Blood Vial","SlaversCollar","sneckomod:BabySnecko","Centennial Puzzle","animator:ShionDessert"],"acts_visited":["Exordium","TheCity"],"potions_floor_usage":[18,20,25,25],"damage_taken":[{"damage":0,"enemies":"2 Louse","floor":1,"turns":1},{"damage":0,"enemies":"Gremlin Nob","floor":6,"turns":1},{"damage":0,"enemies":"Lagavulin","floor":12,"turns":2},{"damage":24,"enemies":"Gremlin Nob","floor":14,"turns":6},{"damage":27,"enemies":"Slime Boss","floor":16,"turns":16},{"damage":40,"enemies":"Chosen","floor":18,"turns":8},{"damage":14,"enemies":"2 Thieves","floor":20,"turns":5},{"damage":22,"enemies":"Sentry and Sphere","floor":21,"turns":5},{"damage":42,"enemies":"Book of Stabbing","floor":25,"turns":8},{"damage":3,"enemies":"Gremlin Leader","floor":28,"turns":4}],"seed_played":"7636103356943609407","potions_obtained":[{"floor":12,"key":"BlessingOfTheForge"},{"floor":14,"key":"BlessingOfTheForge"},{"floor":16,"key":"ColorlessPotion"},{"floor":18,"key":"ColorlessPotion"},{"floor":20,"key":"Guardian:BlockOnCardUsePotion"},{"floor":21,"key":"SteroidPotion"},{"floor":25,"key":"BlessingOfTheForge"}],"is_trial":false,"path_per_floor":["M","?","?","$","?","E","$","T","T","R","T","E","$","E","R","B",null,"M","?","M","M","$","R","?","E","T","?","E"],"character_chosen":"THE_ANIMATOR","items_purchased":["animator:DolaRiku","animator:CerealBox","animator:Hitei","animator:Mitsuba","animator:Hibiki"],"campfire_rested":0,"item_purchase_floors":[4,4,7,13,22],"current_hp_per_floor":[59,59,47,47,34,34,34,34,34,34,34,34,49,31,31,35,58,24,24,26,19,34,34,22,6,6,6,9,9],"gold":119,"neow_bonus":"THREE_ENEMY_KILL","is_daily":false,"chose_seed":false,"campfire_upgraded":3,"win_rate":0.0,"timestamp":1613044710,"path_taken":["M","?","?","?","?","E","$","?","T","R","?","E","$","E","R","BOSS","M","?","M","M","$","R","?","E","T","?","E"],"items_purchased_type":["Card","Relic","Card","Card","Card"],"build_version":"2020-12-22","purchased_purges":1,"victory":false,"max_hp_per_floor":[66,66,66,66,66,66,66,66,66,66,66,66,66,66,66,66,66,66,66,66,67,67,67,72,72,72,72,72,72],"card_choices":[{"not_picked":["animator:ShinjiMatou","animator:KyokoSakura","animator:DolaCouronne"],"picked":"SKIP","floor":1},{"not_picked":["animator:NarberalGamma","animator:Rider"],"picked":"animator:KrulTepes","floor":6},{"not_picked":["animator:Berserker","animator:FielNirvalen"],"picked":"animator:HomuraAkemi","floor":12},{"not_picked":["animator:Azekura","animator:TsurugaMeisai"],"picked":"animator:Nanami","floor":14},{"not_picked":["animator:HomuraAkemi","animator:Boros"],"picked":"animator:Ainz","floor":16},{"not_picked":["animator:Azekura","animator:Melzalgald"],"picked":"animator:Yuuichirou","floor":18},{"not_picked":["animator:SilverFang","animator:Assassin"],"picked":"animator:MumenRider","floor":20},{"not_picked":["animator:Hitei","animator:Genos+1"],"picked":"animator:PandorasActor","floor":21},{"not_picked":["animator:Yoichi","animator:KrulTepes"],"picked":"animator:Guren","floor":25}],"player_experience":803580,"relics_obtained":[{"floor":6,"key":"Happy Flower"},{"floor":9,"key":"White Beast Statue"},{"floor":11,"key":"MealTicket"},{"floor":12,"key":"Blood Vial"},{"floor":12,"key":"Pantograph"},{"floor":14,"key":"Blood Vial"},{"floor":14,"key":"Bottled Lightning"},{"floor":16,"key":"Blood Vial"},{"floor":25,"key":"Centennial Puzzle"},{"floor":26,"key":"animator:ShionDessert"}],"event_choices":[{"damage_healed":0,"gold_gain":175,"player_choice":"AGREE","damage_taken":0,"max_hp_gain":0,"max_hp_loss":0,"event_name":"Liars Game","floor":2,"gold_loss":0,"cards_obtained":["Doubt"]},{"damage_healed":0,"gold_gain":0,"player_choice":"Success","damage_taken":12,"relics_obtained":["Tiny Chest"],"max_hp_gain":0,"max_hp_loss":0,"event_name":"Scrap Ooze","floor":3,"gold_loss":0},{"damage_healed":0,"gold_gain":0,"player_choice":"Entered Light","damage_taken":13,"max_hp_gain":0,"max_hp_loss":0,"event_name":"Shining Light","floor":5,"gold_loss":0,"cards_upgraded":["animator:DolaRiku","animator:Defend_Overlord"]},{"damage_healed":0,"gold_gain":0,"player_choice":"Shed Blood","damage_taken":17,"max_hp_gain":5,"max_hp_loss":0,"event_name":"Forgotten Altar","floor":24,"gold_loss":0},{"damage_healed":0,"gold_gain":0,"cards_transformed":["downfall:Bewildered"],"player_choice":"Transformed","damage_taken":0,"max_hp_gain":0,"max_hp_loss":0,"event_name":"Transmorgrifier","floor":27,"gold_loss":0,"cards_obtained":["Regret"]}],"is_beta":false,"boss_relics":[{"not_picked":["Velvet Choker","Ectoplasm"],"picked":"SlaversCollar"}],"items_purged_floors":[4],"is_endless":false,"potions_floor_spawned":[12,14,16,18,20,21,25],"killed_by":"Gremlin Leader","ascension_level":7}}