{"host":"rtw1tnr74gozsrw1","time":1613084792,"event":{"mods":["BaseMod","Colored Map","Colored Powertips","Highlight Path","Infinite Spire","Minty Spire (QoL Compilation)","StSLib","The Cursed","The Jungle"],"gold_per_floor":[119,119,119,219,238,238,271,284,284,302,179,196,196,222,222,320,320,339,339],"floor_reached":18,"language":"ENG","playtime":456,"items_purged":["Defend_B"],"score":197,"play_id":"88db0771-dda7-4c70-8c7e-d90e7ceee7ae","local_time":"20210212000632","is_ascension_mode":false,"campfire_choices":[{"data":"Cold Snap","floor":6,"key":"SMITH"},{"floor":15,"key":"REST"}],"circlet_count":0,"master_deck":["Strike_B","Defend_B","Defend_B","Defend_B","Zap","Dualcast","Cold Snap+1","Redo+1","Loop","Loop","Conserve Battery+1","BootSequence+1","Leap+1","Multi-Cast+1"],"relics":["Cracked Core","NeowsBlessing","Toxic Egg 2","Pantograph","infinitespire:CheckeredPen","Busted Crown"],"acts_visited":["Exordium","TheCity"],"potions_floor_usage":[16,16,16],"damage_taken":[{"damage":0,"enemies":"Jaw Worm","floor":1,"turns":1},{"damage":0,"enemies":"Small Slimes","floor":5,"turns":1},{"damage":0,"enemies":"Lagavulin","floor":7,"turns":1},{"damage":0,"enemies":"2 Louse","floor":8,"turns":2},{"damage":0,"enemies":"Exordium Thugs","floor":10,"turns":4},{"damage":14,"enemies":"Large Slime","floor":12,"turns":4},{"damage":39,"enemies":"Gremlin Nob","floor":14,"turns":5},{"damage":3,"enemies":"The Guardian","floor":16,"turns":7},{"damage":0,"enemies":"Shell Parasite","floor":18,"turns":6}],"seed_played":"-8151264855177439621","potions_obtained":[{"floor":1,"key":"Explosive Potion"},{"floor":10,"key":"AttackPotion"},{"floor":12,"key":"Swift Potion"},{"floor":14,"key":"PowerPotion"},{"floor":16,"key":"Explosive Potion"}],"is_trial":false,"path_per_floor":["M","?","?","?","M","R","E","M","T","M","$","M","?","E","R","B",null,"M"],"character_chosen":"DEFECT","items_purchased":["Conserve Battery+1"],"campfire_rested":1,"item_purchase_floors":[11],"current_hp_per_floor":[75,75,68,68,68,68,68,68,68,68,68,54,54,15,37,59,75,75,75],"gold":339,"neow_bonus":"THREE_ENEMY_KILL","is_daily":false,"chose_seed":false,"campfire_upgraded":1,"win_rate":0.0,"timestamp":1613084792,"path_taken":["M","?","?","?","M","R","E","M","T","?","$","M","?","E","R","BOSS","M"],"items_purchased_type":["Card"],"build_version":"2020-12-22","purchased_purges":1,"victory":false,"max_hp_per_floor":[75,75,75,75,75,75,75,75,75,75,75,75,75,75,75,75,75,75,75],"card_choices":[{"not_picked":["Doom and Gloom","Hologram"],"picked":"Cold Snap","floor":1},{"not_picked":["Rebound","Steam Power","Sweeping Beam"],"picked":"SKIP","floor":5},{"not_picked":["Genetic Algorithm+1","Hello World"],"picked":"Redo+1","floor":7},{"not_picked":["Redo+1","Streamline"],"picked":"Loop","floor":8},{"not_picked":["Steam+1","Compile Driver"],"picked":"Loop","floor":10},{"not_picked":["Go for the Eyes","Consume+1"],"picked":"BootSequence+1","floor":12},{"not_picked":["Hyperbeam","Compile Driver"],"picked":"Leap+1","floor":14},{"not_picked":["Thunder Strike","All For One"],"picked":"Multi-Cast+1","floor":16},{"not_picked":["Lockon"],"picked":"SKIP","floor":18}],"player_experience":139609,"relics_obtained":[{"floor":7,"key":"Toxic Egg 2"},{"floor":9,"key":"Pantograph"},{"floor":14,"key":"infinitespire:CheckeredPen"}],"event_choices":[{"cards_removed":["Strike_B"],"damage_healed":0,"gold_gain":0,"player_choice":"Card Removal","damage_taken":7,"max_hp_gain":0,"max_hp_loss":0,"event_name":"Golden Wing","floor":3,"gold_loss":0},{"damage_healed":0,"gold_gain":100,"player_choice":"Pray","damage_taken":0,"max_hp_gain":0,"max_hp_loss":0,"event_name":"Golden Shrine","floor":4,"gold_loss":0},{"cards_removed":["Strike_B"],"damage_healed":0,"gold_gain":0,"player_choice":"Forget","damage_taken":0,"max_hp_gain":0,"max_hp_loss":0,"event_name":"Living Wall","floor":13,"gold_loss":0}],"is_beta":false,"boss_relics":[{"not_picked":["Inserter","Runic Dome"],"picked":"Busted Crown"}],"items_purged_floors":[11],"is_endless":false,"potions_floor_spawned":[1,10,12,14,16],"killed_by":"Shell Parasite","ascension_level":0}}