{"host":"a1eatafr7pisesky","time":1613035001,"event":{"mods":["AchievementEnabler","BaseMod","Colored Map","Keyboard Shortcuts","Minty Spire (QoL Compilation)","Say the Spire","StSLib","SuperFastMode","everything is the same but u backflip on backflip"],"gold_per_floor":[110,120,120,132,157,169,216,153,178,192,227,239,239,253,253,329,329,347,75,75,75,75,75,88,0,24,59,59,89,89,100,100,175,175,188,63,63,81,81,81,40,53,77,77,87,121,136,136,136],"floor_reached":48,"language":"KOR","playtime":1131,"items_purged":["Strike_R","Evolve","Thunderclap"],"score":991,"play_id":"35ff3160-0d57-44b2-93a2-3f1eb3530686","local_time":"20210211181641","is_ascension_mode":true,"campfire_choices":[{"data":"Blood for Blood","floor":6.0,"key":"SMITH"},{"floor":13.0,"key":"REST"},{"floor":15.0,"key":"REST"},{"floor":23.0,"key":"REST"},{"floor":28.0,"key":"REST"},{"floor":30.0,"key":"REST"},{"floor":32.0,"key":"REST"},{"floor":40.0,"key":"REST"},{"data":"Evolve","floor":44.0,"key":"SMITH"}],"circlet_count":0,"master_deck":["AscendersBane","Bash","Shrug It Off","Evolve+1","Blood for Blood+1","Dropkick","Bloodletting+1","Offering","Disarm+1","Headbutt","Thunderclap","Immolate","Double Tap","Warcry","Inflame","Second Wind","Anger","Berserk","Shrug It Off+1","Ghostly Armor+1","Rage+1","Demon Form","Ghostly Armor+1","Spot Weakness+1","Armaments+1","Warcry+1","Feel No Pain+1","Exhume+1","Burning Pact+1","Second Wind+1","Rupture","Dark Embrace+1","Shrug It Off+1"],"relics":["Black Blood","MawBank","Akabeko","Oddly Smooth Stone","Dream Catcher","Pandora\u0027s Box","Centennial Puzzle","Toxic Egg 2","Art of War","Mummified Hand","Bottled Flame","War Paint"],"acts_visited":["Exordium","TheCity","TheBeyond"],"potions_floor_usage":[46,47],"damage_taken":[{"damage":11.0,"enemies":"Jaw Worm","floor":1.0,"turns":5.0},{"damage":6.0,"enemies":"Cultist","floor":2.0,"turns":3.0},{"damage":7.0,"enemies":"2 Louse","floor":5.0,"turns":3.0},{"damage":27.0,"enemies":"Gremlin Nob","floor":7.0,"turns":4.0},{"damage":22.0,"enemies":"Blue Slaver","floor":10.0,"turns":6.0},{"damage":18.0,"enemies":"3 Sentries","floor":11.0,"turns":7.0},{"damage":6.0,"enemies":"Red Slaver","floor":12.0,"turns":2.0},{"damage":19.0,"enemies":"Large Slime","floor":14.0,"turns":4.0},{"damage":54.0,"enemies":"The Guardian","floor":16.0,"turns":12.0},{"damage":28.0,"enemies":"Chosen","floor":18.0,"turns":4.0},{"damage":25.0,"enemies":"2 Thieves","floor":24.0,"turns":2.0},{"damage":18.0,"enemies":"Gremlin Leader","floor":27.0,"turns":5.0},{"damage":32.0,"enemies":"Slavers","floor":29.0,"turns":3.0},{"damage":10.0,"enemies":"Snake Plant","floor":31.0,"turns":2.0},{"damage":25.0,"enemies":"Champ","floor":33.0,"turns":8.0},{"damage":7.0,"enemies":"Orb Walker","floor":35.0,"turns":3.0},{"damage":31.0,"enemies":"3 Darklings","floor":38.0,"turns":2.0},{"damage":29.0,"enemies":"Jaw Worm Horde","floor":42.0,"turns":2.0},{"damage":40.0,"enemies":"Maw","floor":45.0,"turns":7.0},{"damage":22,"enemies":"Reptomancer","floor":46,"turns":5},{"damage":3,"enemies":"Sphere and 2 Shapes","floor":47,"turns":3},{"damage":32,"enemies":"Spire Growth","floor":48,"turns":4}],"seed_played":"6499617286375123803","potions_obtained":[{"floor":2.0,"key":"Weak Potion"},{"floor":7.0,"key":"LiquidMemories"},{"floor":10.0,"key":"Ancient Potion"},{"floor":14.0,"key":"BloodPotion"},{"floor":16.0,"key":"ColorlessPotion"},{"floor":18.0,"key":"SteroidPotion"},{"floor":31.0,"key":"FearPotion"},{"floor":33.0,"key":"Weak Potion"},{"floor":35.0,"key":"Energy Potion"}],"is_trial":false,"path_per_floor":["M","M","?","$","M","R","E","$","T","M","E","M","R","M","R","B",null,"M","$","?","?","T","R","M","$","T","E","R","E","R","M","R","B",null,"M","$","?","M","?","R","$","M","T","R","M","E","M","M"],"character_chosen":"IRONCLAD","items_purchased":["Centennial Puzzle","Rage+1","Rupture"],"campfire_rested":7,"item_purchase_floors":[19,25,41],"current_hp_per_floor":[63,63,63,63,62,62,41,41,41,25,13,13,35,22,44,11,59,37,37,16,16,16,40,21,21,21,9,33,7,31,27,51,32,68,73,73,69,50,50,74,74,57,57,57,29,19,28,0,0],"gold":136,"neow_bonus":"THREE_CARDS","is_daily":false,"chose_seed":false,"campfire_upgraded":2,"win_rate":0.0,"timestamp":1613035001,"path_taken":["M","M","?","?","M","R","E","$","T","M","E","?","R","M","R","BOSS","M","$","?","?","?","R","M","$","T","E","R","E","R","M","R","BOSS","M","$","?","?","?","R","$","M","T","R","?","E","M","M"],"items_purchased_type":["Relic","Card","Card"],"build_version":"2020-12-22","purchased_purges":3,"victory":false,"max_hp_per_floor":[75,75,75,75,75,75,75,75,75,75,75,75,75,75,75,75,75,75,75,80,80,80,80,80,80,80,80,80,80,80,80,80,80,80,80,80,80,80,80,80,80,80,80,80,80,80,80,80,80],"card_choices":[{"not_picked":["Seeing Red","Rupture"],"picked":"Shrug It Off","floor":0.0},{"not_picked":["Shrug It Off","Reckless Charge"],"picked":"Pummel","floor":1.0},{"not_picked":["Clash","Wild Strike"],"picked":"Evolve","floor":2.0},{"not_picked":["Body Slam","Heavy Blade"],"picked":"Blood for Blood","floor":5.0},{"not_picked":["Anger","Inflame"],"picked":"Dropkick","floor":7.0},{"not_picked":["Pommel Strike","Second Wind"],"picked":"Bloodletting","floor":10.0},{"not_picked":["Perfected Strike","Power Through"],"picked":"Offering","floor":11.0},{"not_picked":["Havoc","Heavy Blade"],"picked":"Disarm","floor":12.0},{"not_picked":["Iron Wave","Thunderclap"],"picked":"Headbutt","floor":13.0},{"not_picked":["Inflame","Iron Wave"],"picked":"Thunderclap","floor":14.0},{"not_picked":["Perfected Strike","Juggernaut"],"picked":"Blood for Blood","floor":15.0},{"not_picked":["Berserk","Demon Form"],"picked":"Immolate","floor":16.0},{"not_picked":["Warcry","Heavy Blade","Wild Strike"],"picked":"SKIP","floor":18.0},{"not_picked":["Uppercut","Twin Strike"],"picked":"Shrug It Off+1","floor":23.0},{"not_picked":["Clothesline","Pommel Strike"],"picked":"Ghostly Armor+1","floor":24.0},{"not_picked":["Rampage","Pommel Strike+1"],"picked":"Demon Form","floor":27.0},{"not_picked":["Uppercut","Heavy Blade"],"picked":"Ghostly Armor+1","floor":28.0},{"not_picked":["Body Slam","Thunderclap","Spot Weakness+1"],"picked":"SKIP","floor":29.0},{"not_picked":["Body Slam","Thunderclap"],"picked":"Spot Weakness+1","floor":29.0},{"not_picked":["Dual Wield+1","Rupture+1"],"picked":"Armaments+1","floor":30.0},{"not_picked":["Clash","Headbutt"],"picked":"Warcry+1","floor":31.0},{"not_picked":["Body Slam","Wild Strike"],"picked":"Feel No Pain+1","floor":32.0},{"not_picked":["Immolate","Juggernaut"],"picked":"Exhume+1","floor":33.0},{"not_picked":["Cleave","Infernal Blade+1","Body Slam"],"picked":"SKIP","floor":35.0},{"not_picked":["Clothesline","Anger"],"picked":"Burning Pact+1","floor":38.0},{"not_picked":["Perfected Strike+1","Blood for Blood"],"picked":"Second Wind+1","floor":40.0},{"not_picked":["Perfected Strike","Reckless Charge","Clash"],"picked":"SKIP","floor":42.0},{"not_picked":["Anger+1","Uppercut"],"picked":"Dark Embrace+1","floor":45.0},{"not_picked":["Heavy Blade","Evolve+1","Feed"],"picked":"SKIP","floor":46},{"not_picked":["Clash","True Grit+1"],"picked":"Shrug It Off+1","floor":47}],"player_experience":442030,"relics_obtained":[{"floor":7.0,"key":"Akabeko"},{"floor":9.0,"key":"Oddly Smooth Stone"},{"floor":11.0,"key":"Dream Catcher"},{"floor":22.0,"key":"Toxic Egg 2"},{"floor":26.0,"key":"Art of War"},{"floor":27.0,"key":"Mummified Hand"},{"floor":29.0,"key":"Bottled Flame"},{"floor":46,"key":"War Paint"}],"event_choices":[{"cards_removed":["Pummel"],"damage_healed":0.0,"max_hp_gain":0.0,"max_hp_loss":0.0,"gold_gain":0.0,"event_name":"WeMeetAgain","player_choice":"Gave Card","floor":3.0,"gold_loss":0.0,"damage_taken":0.0,"relics_obtained":["MawBank"]},{"damage_healed":0.0,"max_hp_gain":5.0,"max_hp_loss":0.0,"gold_gain":0.0,"event_name":"Forgotten Altar","player_choice":"Shed Blood","floor":20.0,"gold_loss":0.0,"damage_taken":26.0},{"damage_healed":0.0,"max_hp_gain":0.0,"max_hp_loss":0.0,"gold_gain":0.0,"cards_transformed":["Warcry","Iron Wave"],"event_name":"Drug Dealer","player_choice":"Became Test Subject","floor":21.0,"gold_loss":0.0,"damage_taken":0.0,"cards_obtained":["Anger","Berserk"]},{"damage_healed":0.0,"max_hp_gain":0.0,"max_hp_loss":0.0,"gold_gain":0.0,"event_name":"The Woman in Blue","player_choice":"Bought 0 Potions","floor":37.0,"gold_loss":0.0,"damage_taken":0.0},{"cards_removed":["Blood for Blood"],"damage_healed":0.0,"max_hp_gain":0.0,"max_hp_loss":0.0,"gold_gain":0.0,"event_name":"Purifier","player_choice":"Purged","floor":39.0,"gold_loss":0.0,"damage_taken":0.0}],"is_beta":false,"boss_relics":[{"not_picked":["Snecko Eye","Cursed Key"],"picked":"Pandora\u0027s Box"},{"not_picked":["Empty Cage","SlaversCollar"],"picked":"Black Blood"}],"items_purged_floors":[8,19,36],"is_endless":false,"potions_floor_spawned":[2,7,10,14,16,18,31,33,35,42,45],"killed_by":"Spire Growth","ascension_level":19}}