{"host":"6affnl2vk6en9o4b","time":1613076186,"event":{"mods":["AchievementEnabler","Aspiration","BaseMod","BetterRewards","Colored Powertips","Conspire","Downfall","Friendly Minions","Googly Eyes","Highlight Path","Hubris","Minty Spire (QoL Compilation)","Quick Restart","Replay The Spire","StSLib","Unceasing Turn Reminder"],"gold_per_floor":[0,19,19,19,19,29,29,45,74,89,89,99,99,11,24,24,24,24],"floor_reached":16,"language":"ENG","playtime":700,"items_purged":[],"score":102,"play_id":"17639d0b-8b0c-437c-8f78-3cb5fa61643d","local_time":"20210211204306","is_ascension_mode":false,"campfire_choices":[{"floor":1.0,"key":"RECALL"},{"floor":11,"key":"REST"},{"floor":13,"key":"REST"}],"circlet_count":0,"master_deck":["sneckomod:Strike+1","sneckomod:Strike","sneckomod:Strike","sneckomod:Defend","sneckomod:Defend","sneckomod:Defend","sneckomod:TailWhip","sneckomod:SnekBite+1","sneckomod:Unknown+1","sneckomod:Unknown","sneckomod:Mudshield+1","sneckomod:Unknown2Cost","downfall:Malfunctioning","sneckomod:Unknown1Cost","sneckomod:UnknownStrike","sneckomod:UnendingSupply","sneckomod:UnknownClassPURPLE","sneckomod:UnknownVulnerable","sneckomod:UnknownRarePower","sneckomod:SnakeSap","sneckomod:PureSnecko"],"relics":["sneckomod:SneckoSoul","hubris:Towel","aspiration:SeaSaltIceCream","Ice Cream"],"acts_visited":["Exordium"],"potions_floor_usage":[12,16],"damage_taken":[{"damage":2.0,"enemies":"conspire:RoseBush","floor":2.0,"turns":2.0},{"damage":2.0,"enemies":"2 Louse","floor":6.0,"turns":4.0},{"damage":0,"enemies":"Small Slimes","floor":8,"turns":3},{"damage":52,"enemies":"Lagavulin","floor":9,"turns":9},{"damage":11,"enemies":"Blue Slaver","floor":10,"turns":5},{"damage":25,"enemies":"3 Louse","floor":12,"turns":4},{"damage":5,"enemies":"downfall:FleeingMerchant","floor":14,"turns":4},{"damage":25,"enemies":"Exordium Thugs","floor":15,"turns":7},{"damage":52,"enemies":"IC_STATUS_ARCHETYPE","floor":16,"turns":8}],"seed_played":"3414927666706438982","potions_obtained":[{"floor":2.0,"key":"FairyPotion"},{"floor":6,"key":"Explosive Potion"},{"floor":9,"key":"Languid Potion"},{"floor":15,"key":"Fire Potion"}],"is_trial":false,"path_per_floor":["R","M","?","?","?","M","T","M","E","M","R","M","R","$","M","B"],"character_chosen":"THE_SNECKO","items_purchased":["sneckomod:SnakeSap"],"campfire_rested":2,"item_purchase_floors":[14],"current_hp_per_floor":[90,88,88,88,88,86,86,86,34,23,50,25,52,47,22,0,0,0],"gold":24,"neow_bonus":"THREE_RARE_CARDS","is_daily":false,"chose_seed":false,"campfire_upgraded":0,"win_rate":0.0,"timestamp":1613076186,"path_taken":["R","M","?","?","?","M","T","M","E","M","R","M","R","$","M","BOSS"],"items_purchased_type":["Card"],"build_version":"2020-12-22","purchased_purges":0,"victory":false,"max_hp_per_floor":[90,90,90,90,90,90,90,90,90,90,90,90,90,90,90,90,90,90],"card_choices":[{"not_picked":["sneckomod:Cheat","sneckomod:DangerNoodle"],"picked":"sneckomod:Mudshield","floor":0.0},{"not_picked":["sneckomod:UnknownCommonAttack","sneckomod:ImprovisedGuard"],"picked":"sneckomod:Unknown2Cost","floor":2.0},{"not_picked":["sneckomod:Memorize","sneckomod:UnknownClassSLIMEBOUND"],"picked":"sneckomod:Unknown1Cost","floor":6},{"not_picked":["sneckomod:UnknownCommonAttack","sneckomod:Nope"],"picked":"sneckomod:UnknownStrike","floor":8},{"not_picked":["sneckomod:MasterEye","sneckomod:UnknownRareSkill"],"picked":"sneckomod:UnendingSupply","floor":9},{"not_picked":["sneckomod:Unknown2Cost","sneckomod:UnknownClassSLIMEBOUND"],"picked":"sneckomod:UnknownClassPURPLE","floor":10},{"not_picked":["sneckomod:SnakeSap","sneckomod:UnknownClassSLIMEBOUND"],"picked":"sneckomod:UnknownVulnerable","floor":12},{"not_picked":["sneckomod:WideSting","sneckomod:UnknownClassPURPLE"],"picked":"sneckomod:UnknownRarePower","floor":14},{"not_picked":["sneckomod:Nope","sneckomod:Rotation"],"picked":"sneckomod:PureSnecko","floor":15}],"player_experience":241932,"relics_obtained":[{"floor":9,"key":"aspiration:SeaSaltIceCream"}],"event_choices":[],"is_beta":false,"boss_relics":[],"items_purged_floors":[],"is_endless":false,"potions_floor_spawned":[2,6,9,15],"killed_by":"IC_STATUS_ARCHETYPE","ascension_level":0}}