{"host":"yecadp3kwkksam5a","time":1613044022,"event":{"mods":["100% Spire Juice","BaseMod","Minty Spire (QoL Compilation)","StSLib","SuperFastMode","The Cursed","WarShipGirlsR/??á´Ò³R mod"],"gold_per_floor":[112,125,50,60,60,95,95,95],"floor_reached":7,"language":"KOR","playtime":555,"items_purged":["rmod:luckystar"],"score":102,"play_id":"1c4b1504-ddd4-45a9-8b77-242e84a850f1","local_time":"20210211204702","daily_mods":["Draft","Flight"],"is_ascension_mode":true,"campfire_choices":[],"circlet_count":0,"master_deck":["AscendersBane","rmod:diaomin","rmod:firesupport","rmod:aluminumsupply","rmod:aviationdawn","rmod:fuelsupply","rmod:fuelsupply","rmod:diamondstrike","rmod:steelsupply","rmod:diamondstrike","rmod:victimresponsibility","rmod:expedition","rmod:fletcherpendant","rmod:tearstotiara","rmod:heivgo","rmod:sl"],"relics":["rmod:firstchargereward","Orichalcum","CeramicFish"],"acts_visited":["Exordium"],"potions_floor_usage":[],"damage_taken":[{"damage":0,"enemies":"Cultist","floor":1,"turns":2},{"damage":6,"enemies":"2 Louse","floor":2,"turns":2},{"damage":10,"enemies":"Small Slimes","floor":4,"turns":3},{"damage":2,"enemies":"Gremlin Nob","floor":6,"turns":5},{"damage":4,"enemies":"3 Sentries","floor":7,"turns":2}],"seed_played":"-983070845022014574","potions_obtained":[{"floor":1,"key":"SpeedPotion"}],"is_trial":true,"path_per_floor":["M","M","$","M","?","E","E"],"character_chosen":"PRAEFECT","items_purchased":[],"campfire_rested":0,"item_purchase_floors":[],"current_hp_per_floor":[63,57,57,47,12,10,6,6],"gold":95,"neow_bonus":"","is_daily":false,"chose_seed":false,"campfire_upgraded":0,"win_rate":0.0,"timestamp":1613044022,"path_taken":["M","?","$","?","?","E","E"],"items_purchased_type":[],"build_version":"2020-12-22","purchased_purges":1,"victory":false,"max_hp_per_floor":[70,70,70,70,70,70,70,70],"card_choices":[{"not_picked":["rmod:capitalist","rmod:expedition"],"picked":"rmod:diaomin","floor":0},{"not_picked":["rmod:capitalist","rmod:wasp"],"picked":"rmod:luckystar","floor":0},{"not_picked":["rmod:victimresponsibility","rmod:combined"],"picked":"rmod:firesupport","floor":0},{"not_picked":["rmod:luckystar","rmod:shuttlebombing"],"picked":"rmod:aluminumsupply","floor":0},{"not_picked":["rmod:circuitoustactics","rmod:supportescort"],"picked":"rmod:aviationdawn","floor":0},{"not_picked":["rmod:ammunitionsupply","rmod:salvage"],"picked":"rmod:fuelsupply","floor":0},{"not_picked":["rmod:fletcherpendant","rmod:unsinkable"],"picked":"rmod:fuelsupply","floor":0},{"not_picked":["rmod:fuelsupply","rmod:smokecover"],"picked":"rmod:diamondstrike","floor":0},{"not_picked":["rmod:circuitoustactics","rmod:intelligenceanalysis"],"picked":"rmod:steelsupply","floor":0},{"not_picked":["rmod:aggressivemary","rmod:highspeedshooting"],"picked":"rmod:diamondstrike","floor":0},{"not_picked":["rmod:circuitoustactics","rmod:diamondstrike"],"picked":"rmod:victimresponsibility","floor":0},{"not_picked":["rmod:rockthrower","rmod:tearstotiara"],"picked":"rmod:expedition","floor":0},{"not_picked":["rmod:overbreakdown","rmod:concentratefire"],"picked":"rmod:fletcherpendant","floor":0},{"not_picked":["rmod:garrisonisland","rmod:supportescort"],"picked":"rmod:tearstotiara","floor":0},{"not_picked":["rmod:shuttlebombing","rmod:aluminumsupply"],"picked":"rmod:heivgo","floor":0},{"not_picked":["rmod:gendarmerie","rmod:ammunitionsupply","rmod:mineteam"],"picked":"SKIP","floor":1},{"not_picked":["rmod:mineteam","rmod:supportescort","rmod:steelsupply"],"picked":"SKIP","floor":2},{"not_picked":["rmod:aviationdawn","rmod:garrisonisland"],"picked":"rmod:sl","floor":4},{"not_picked":["rmod:lastglory","rmod:diaomin","rmod:salvage"],"picked":"SKIP","floor":6}],"player_experience":621341,"relics_obtained":[{"floor":6,"key":"CeramicFish"}],"event_choices":[{"damage_healed":0,"gold_gain":0,"player_choice":"Success","damage_taken":35,"relics_obtained":["Orichalcum"],"max_hp_gain":0,"max_hp_loss":0,"event_name":"Scrap Ooze","floor":5,"gold_loss":0}],"is_beta":false,"boss_relics":[],"items_purged_floors":[3],"is_endless":true,"potions_floor_spawned":[1],"killed_by":"3 Sentries","ascension_level":20}}