{"host":"ttx8tv95o5vka1nm","time":1613024487,"event":{"mods":["AchievementEnabler","BaseMod","BetterRewards","Colored Map","Downfall","Evolution","Hermit","Hubris","Infinite Spire","Jorbs\u0027s Wanderer Trilogy","Minty Spire (QoL Compilation)","Relic Filter Mod","Reliquary","Robot Space Explorer","Shop Mod","Spicy Shops","StSLib","The Blue Laboratory","The Bug Knight","The Cursed","The Hayseed","The Necromancer","The Runesmith","TheBandit","TheVacant","Wandering Minibosses"],"gold_per_floor":[110,124,142,156,2,2,37,50,104,136,146,160,180,195,195,296,296,315,325,342,342,361,391,391,422,504,535,552,570,570,598,598,697,697,711,711,721,721,737,768,783,810,810,823,871,871,63,96,96,96,96],"floor_reached":50,"language":"ENG","playtime":4622,"items_purged":["Strike_G","Strike_G","Strike_G","Defend_G","Strike_G"],"score":1474,"play_id":"94e514e8-1c42-4c6c-a82d-903396b00cc1","local_time":"20210211162127","is_ascension_mode":true,"campfire_choices":[{"data":"Noxious Fumes","floor":6,"key":"SMITH"},{"data":"Noxious Fumes","floor":15,"key":"SMITH"},{"data":"Bullet Time","floor":24,"key":"SMITH"},{"data":"Noxious Fumes","floor":30,"key":"SMITH"},{"data":"Footwork","floor":32,"key":"SMITH"},{"data":"After Image","floor":49,"key":"SMITH"}],"circlet_count":0,"master_deck":["Strike_G","Defend_G","Defend_G","Defend_G","Survivor","Neutralize","Caltrops","Blur","Caltrops","Noxious Fumes+1","Blur","PiercingWail","Dagger Spray","Deadly Poison","Noxious Fumes+1","Poisoned Stab","Dodge and Roll","Cloak And Dagger","Bullet Time+1","Noxious Fumes+1","PiercingWail","Backflip","infinitespire:SealOfDarkness+","Well Laid Plans+1","Blur","Bouncing Flask","Crippling Poison","Backflip+1","Footwork+1","Corpse Explosion","Deadly Poison+1","Bouncing Flask+1","Crippling Poison","infinitespire:TheBestDefense","Cloak And Dagger","Leg Sweep","infinitespire:Neurotoxin","After Image+1","Catalyst"],"relics":["Ring of the Snake","EVO:Axolotl","hubris:FunFungus","infinitespire:PuzzleCube","HandDrill","Vajra","Shovel","infinitespire:Satchel","HornCleat","Prayer Wheel","PreservedInsect","SlaversCollar","bronze:MakeshiftBattery","Question Card","Gremlin Horn","Torii","Juzu Bracelet","Omamori","reliquary:FerryPass","Molten Egg 2","MerchantsRug","infinitespire:Lychee Nut","Question Card"],"acts_visited":["Exordium","TheCity","TheBeyond"],"potions_floor_usage":[8,29],"damage_taken":[{"damage":0,"enemies":"Cultist","floor":1,"turns":3},{"damage":0,"enemies":"Jaw Worm","floor":2,"turns":4},{"damage":0,"enemies":"2 Louse","floor":3,"turns":3},{"damage":0,"enemies":"Looter","floor":4,"turns":4},{"damage":11,"enemies":"Gremlin Nob","floor":7,"turns":4},{"damage":0,"enemies":"3 Louse","floor":8,"turns":3},{"damage":0,"enemies":"3 Sentries","floor":10,"turns":5},{"damage":0,"enemies":"Exordium Wildlife","floor":11,"turns":5},{"damage":0,"enemies":"2 Fungi Beasts","floor":12,"turns":3},{"damage":3,"enemies":"Exordium Thugs","floor":13,"turns":4},{"damage":0,"enemies":"Large Slime","floor":14,"turns":5},{"damage":0,"enemies":"Hexaghost","floor":16,"turns":7},{"damage":0,"enemies":"3 Byrds","floor":18,"turns":4},{"damage":2,"enemies":"2 Thieves","floor":19,"turns":5},{"damage":10,"enemies":"Snake Plant","floor":20,"turns":4},{"damage":1,"enemies":"3 Cultists","floor":22,"turns":5},{"damage":9,"enemies":"Nightmare","floor":23,"turns":7},{"damage":0,"enemies":"Gremlin Leader","floor":25,"turns":5},{"damage":0,"enemies":"Slavers","floor":27,"turns":4},{"damage":0,"enemies":"Centurion and Healer","floor":28,"turns":6},{"damage":7,"enemies":"Shelled Parasite and Fungi","floor":29,"turns":4},{"damage":0,"enemies":"Gremlin Leader","floor":31,"turns":5},{"damage":27,"enemies":"hubris:MusketHawk","floor":33,"turns":8},{"damage":15,"enemies":"Orb Walker","floor":35,"turns":5},{"damage":0,"enemies":"3 Darklings","floor":37,"turns":4},{"damage":0,"enemies":"4 Shapes","floor":39,"turns":5},{"damage":0,"enemies":"Reptomancer","floor":40,"turns":5},{"damage":0,"enemies":"Jaw Worm Horde","floor":41,"turns":4},{"damage":0,"enemies":"Nemesis","floor":42,"turns":6},{"damage":0,"enemies":"Sphere and 2 Shapes","floor":44,"turns":4},{"damage":25,"enemies":"2 Orb Walkers","floor":45,"turns":7},{"damage":3,"enemies":"Reptomancer","floor":48,"turns":7},{"damage":47,"enemies":"hubris:GrandSnecko","floor":50,"turns":10}],"seed_played":"2528832359793955413","potions_obtained":[{"floor":3,"key":"blueLaboratory:BlinkPotion"},{"floor":7,"key":"FearPotion"},{"floor":8,"key":"LiquidBronze"},{"floor":10,"key":"blueLaboratory:PolymorphPotion"},{"floor":18,"key":"LiquidBronze"},{"floor":25,"key":"Ancient Potion"},{"floor":28,"key":"blueLaboratory:EmptyBottle"},{"floor":33,"key":"blueLaboratory:FrostheartPotion"},{"floor":35,"key":"blueLaboratory:SuffocatingSmog"}],"is_trial":false,"path_per_floor":["M","M","M","M","$","R","E","M","T","E","M","M","M","M","R","B",null,"M","M","M","AVR","M","NM","R","E","T","E","M","M","R","E","R","B",null,"M","?","M","?","M","E","M","E","T","M","?","?","$","E","R","B"],"character_chosen":"THE_SILENT","items_purchased":["infinitespire:PuzzleCube","Caltrops","HandDrill","Vajra","Blur","Caltrops","Shovel","infinitespire:Satchel","HornCleat","Orrery","Prayer Wheel","PreservedInsect","MerchantsRug","infinitespire:Lychee Nut","After Image","Catalyst"],"campfire_rested":0,"item_purchase_floors":[0,0,0,0,0,0,0,0,0,0,0,5,47,47,47,47],"current_hp_per_floor":[64,64,64,64,64,64,61,61,61,61,61,61,58,58,58,58,73,73,71,61,61,60,53,53,54,54,55,55,48,48,51,51,27,65,52,52,52,32,32,32,32,34,34,35,10,10,10,17,17,0,0],"gold":96,"neow_bonus":"","is_daily":false,"chose_seed":false,"campfire_upgraded":6,"win_rate":0.0,"timestamp":1613024487,"path_taken":["M","M","M","M","$","R","E","M","T","E","M","M","M","M","R","BOSS","M","?","M","AVR","M","NM","R","E","T","E","M","M","R","E","R","BOSS","M","?","M","?","M","E","M","E","T","M","?","?","$","E","R","BOSS"],"items_purchased_type":["Relic","Card","Relic","Relic","Card","Card","Relic","Relic","Relic","Relic","Relic","Relic","Relic","Relic","Card","Card"],"build_version":"2020-12-22","purchased_purges":5,"victory":false,"max_hp_per_floor":[78,78,78,78,78,78,86,86,78,78,78,78,78,78,78,78,78,78,78,78,78,78,78,78,78,78,78,78,78,78,78,78,78,78,78,78,78,78,78,78,78,78,78,78,78,78,58,58,58,58,58],"card_choices":[{"not_picked":["Bouncing Flask","Sucker Punch"],"picked":"Noxious Fumes","floor":0},{"not_picked":["Poisoned Stab","Sucker Punch"],"picked":"Blur","floor":0},{"not_picked":["Dagger Spray","Finisher"],"picked":"PiercingWail","floor":0},{"not_picked":["Masterful Stab","Bane"],"picked":"Dagger Spray","floor":0},{"not_picked":["Skewer","Masterful Stab"],"picked":"Deadly Poison","floor":0},{"not_picked":["Eviscerate","Deflect"],"picked":"Noxious Fumes","floor":1},{"not_picked":["Prepared","Phantasmal Killer","Distraction"],"picked":"SKIP","floor":1},{"not_picked":["hubris:SlightOfHand","Masterful Stab"],"picked":"Poisoned Stab","floor":2},{"not_picked":["Finisher","Choke","Caltrops"],"picked":"SKIP","floor":2},{"not_picked":["Escape Plan","Accuracy","Blade Dance"],"picked":"SKIP","floor":3},{"not_picked":["Slice","Distraction","Skewer"],"picked":"SKIP","floor":3},{"not_picked":["Outmaneuver","Deflect","Setup"],"picked":"SKIP","floor":4},{"not_picked":["Deflect","Grand Finale","Prepared"],"picked":"SKIP","floor":4},{"not_picked":["All Out Attack","Dagger Throw"],"picked":"Dodge and Roll","floor":7},{"not_picked":["Skewer","Underhanded Strike"],"picked":"Cloak And Dagger","floor":8},{"not_picked":["Deflect","Choke","Quick Slash"],"picked":"SKIP","floor":8},{"not_picked":["Deadly Poison","hubris:SpiceAddiction","Masterful Stab"],"picked":"SKIP","floor":10},{"not_picked":["Prepared","Flying Knee","Tools of the Trade"],"picked":"SKIP","floor":11},{"not_picked":["Outmaneuver","Underhanded Strike","Acrobatics"],"picked":"SKIP","floor":11},{"not_picked":["Sucker Punch","Calculated Gamble","hubris:SpiceAddiction"],"picked":"SKIP","floor":12},{"not_picked":["Accuracy","Acrobatics","hubris:SlightOfHand"],"picked":"SKIP","floor":12},{"not_picked":["Prepared","Skewer","Outmaneuver"],"picked":"SKIP","floor":13},{"not_picked":["Dodge and Roll","Accuracy","hubris:SpiceAddiction"],"picked":"SKIP","floor":13},{"not_picked":["Deadly Poison","Masterful Stab","Dagger Throw"],"picked":"SKIP","floor":14},{"not_picked":["Dagger Spray","Finisher","Blade Dance"],"picked":"SKIP","floor":14},{"not_picked":["Grand Finale","Glass Knife"],"picked":"Bullet Time","floor":16},{"not_picked":["Slice+1","Backstab+1"],"picked":"Noxious Fumes","floor":18},{"not_picked":["Slice","Expertise","Blur+1"],"picked":"SKIP","floor":18},{"not_picked":["Deadly Poison","Dagger Spray+1"],"picked":"PiercingWail","floor":19},{"not_picked":["Setup","hubris:SpiceAddiction","Endless Agony"],"picked":"SKIP","floor":19},{"not_picked":["Crippling Poison","Riddle With Holes"],"picked":"Backflip","floor":20},{"not_picked":["Choke+1","Riddle With Holes","Quick Slash"],"picked":"SKIP","floor":20},{"not_picked":["Choke","Infinite Blades+1","Noxious Fumes+1"],"picked":"Well Laid Plans","floor":22},{"not_picked":["Storm of Steel","Acrobatics","Outmaneuver","hubris:SpiceAddiction"],"picked":"SKIP","floor":22},{"not_picked":["hubris:SpiceAddiction","PiercingWail","Wraith Form v2"],"picked":"Blur","floor":23},{"not_picked":["Riddle With Holes","Outmaneuver+1","hubris:SpiceAddiction"],"picked":"Bouncing Flask","floor":25},{"not_picked":["Sucker Punch+1","Flying Knee+1","hubris:SlightOfHand+1","Dodge and Roll"],"picked":"SKIP","floor":27},{"not_picked":["Tactician","Sucker Punch","hubris:SpiceAddiction"],"picked":"Crippling Poison","floor":28},{"not_picked":["Blade Dance","Slice","PiercingWail+1"],"picked":"Backflip+1","floor":28},{"not_picked":["hubris:SpiceAddiction","Calculated Gamble","Terror","Sucker Punch"],"picked":"SKIP","floor":29},{"not_picked":["Caltrops","Escape Plan","hubris:SpiceAddiction","Wraith Form v2"],"picked":"SKIP","floor":29},{"not_picked":["hubris:SlightOfHand","Backflip","Prepared"],"picked":"Footwork","floor":31},{"not_picked":["Die Die Die","Bullet Time","Burst"],"picked":"Corpse Explosion","floor":33},{"not_picked":["Deflect+1","Dodge and Roll","Accuracy"],"picked":"Deadly Poison+1","floor":35},{"not_picked":["Poisoned Stab","Backstab","Prepared+1","Concentrate"],"picked":"SKIP","floor":35},{"not_picked":["Deadly Poison","Blur","Backflip+1"],"picked":"Bouncing Flask+1","floor":37},{"not_picked":["hubris:SpiceAddiction","Choke","Quick Slash+1"],"picked":"Crippling Poison","floor":37},{"not_picked":["infinitespire:FinalStrike","infinitespire:Starlight"],"picked":"infinitespire:TheBestDefense","floor":38},{"not_picked":["hubris:SlightOfHand+1","hubris:TrickCloak","Acrobatics+1"],"picked":"Cloak And Dagger","floor":39},{"not_picked":["Predator+1","Dagger Spray+1","Blade Dance+1","Distraction"],"picked":"SKIP","floor":39},{"not_picked":["Tactician+1","Crippling Poison","Venomology","Endless Agony"],"picked":"SKIP","floor":40},{"not_picked":["hubris:SpiceAddiction","hubris:SpiceAddiction","PiercingWail"],"picked":"Leg Sweep","floor":41},{"not_picked":["hubris:SpiceAddiction","Acrobatics+1","Choke","Masterful Stab+1"],"picked":"SKIP","floor":41},{"not_picked":["Acrobatics+1","Outmaneuver+1","Bane+1","Dodge and Roll"],"picked":"SKIP","floor":42},{"not_picked":["hubris:SlightOfHand+1","Flying Knee+1","Tactician"],"picked":"infinitespire:Neurotoxin","floor":44},{"not_picked":["hubris:SpiceAddiction","Deadly Poison+1","Bane+1","Backstab+1"],"picked":"SKIP","floor":44},{"not_picked":["Deflect","Choke+1","Backflip+1","Outmaneuver+1"],"picked":"SKIP","floor":48}],"player_experience":1128404,"relics_obtained":[{"floor":7,"key":"hubris:Spice"},{"floor":9,"key":"hubris:Spice"},{"floor":23,"key":"Gremlin Horn"},{"floor":25,"key":"Torii"},{"floor":27,"key":"Juzu Bracelet"},{"floor":31,"key":"Omamori"},{"floor":42,"key":"reliquary:FerryPass"},{"floor":43,"key":"Molten Egg 2"},{"floor":48,"key":"reliquary:SculptingSteel"}],"event_choices":[{"damage_healed":0,"gold_gain":0,"player_choice":"Upgraded","damage_taken":0,"max_hp_gain":0,"max_hp_loss":0,"event_name":"Upgrade Shrine","floor":36,"gold_loss":0,"cards_upgraded":["Well Laid Plans"]},{"damage_healed":0,"gold_gain":0,"player_choice":"Fight","damage_taken":0,"max_hp_gain":0,"max_hp_loss":0,"event_name":"Mysterious Sphere","floor":45,"gold_loss":0},{"cards_removed":["Defend_G"],"damage_healed":0,"gold_gain":0,"player_choice":"Removed Skill","damage_taken":0,"max_hp_gain":0,"max_hp_loss":0,"event_name":"Falling","floor":46,"gold_loss":0}],"is_beta":false,"boss_relics":[{"not_picked":["hubris:TerracottaHorce","hubris:Spice"],"picked":"SlaversCollar"},{"not_picked":["hubris:Spice","hubris:BlackHole","hubris:Spice"]}],"items_purged_floors":[0,0,21,47,47],"is_endless":true,"potions_floor_spawned":[3,7,8,10,12,14,18,20,25,27,28,33,35,37,40],"killed_by":"hubris:GrandSnecko","ascension_level":7}}