{"host":"40e4adzyl212zebh","time":1613017957,"event":{"mods":["BaseMod","Colored Map","Colored Powertips","Minty Spire (QoL Compilation)","Quick Restart","StSLib","SuperFastMode"],"gold_per_floor":[109,109,176,226,245,245,279,279,304,304,38,88,88,88],"floor_reached":13,"language":"ENG","playtime":306,"items_purged":[],"score":162,"play_id":"c0e81239-c14c-45e7-8ec0-df2610341c61","local_time":"20210211133237","is_ascension_mode":true,"campfire_choices":[{"data":"Neutralize","floor":6,"key":"SMITH"},{"floor":8,"key":"REST"},{"data":"Footwork","floor":10,"key":"SMITH"}],"circlet_count":0,"master_deck":["AscendersBane","Strike_G","Strike_G","Strike_G","Strike_G","Defend_G","Defend_G","Defend_G","Defend_G","Defend_G","Survivor","Neutralize+1","Blade Dance","Poisoned Stab","Footwork+1","Leg Sweep"],"relics":["SacredBark","SsserpentHead","Snake Skull","Bronze Scales","White Beast Statue"],"acts_visited":["Exordium"],"potions_floor_usage":[7],"damage_taken":[{"damage":4,"enemies":"Jaw Worm","floor":1,"turns":7},{"damage":6,"enemies":"Cultist","floor":3,"turns":4},{"damage":2,"enemies":"2 Louse","floor":5,"turns":3},{"damage":28,"enemies":"Gremlin Nob","floor":7,"turns":4},{"damage":24,"enemies":"3 Sentries","floor":13,"turns":2}],"seed_played":"-2723933143927439818","potions_obtained":[{"floor":5,"key":"DuplicationPotion"}],"is_trial":false,"path_per_floor":["M","?","M","?","M","R","E","R","T","R","$","?","E"],"character_chosen":"THE_SILENT","items_purchased":["White Beast Statue"],"campfire_rested":1,"item_purchase_floors":[11],"current_hp_per_floor":[55,55,49,42,40,40,12,31,31,31,31,22,0,0],"gold":88,"neow_bonus":"BOSS_RELIC","is_daily":false,"chose_seed":false,"campfire_upgraded":2,"win_rate":0.0,"timestamp":1613017957,"path_taken":["M","?","?","?","M","R","E","R","T","R","$","?","E"],"items_purchased_type":["Relic"],"build_version":"2020-12-22","purchased_purges":0,"victory":false,"max_hp_per_floor":[66,66,66,66,66,66,66,66,66,66,66,66,66,66],"card_choices":[{"not_picked":["PiercingWail","Masterful Stab"],"picked":"Blade Dance","floor":1},{"not_picked":["Acrobatics","Masterful Stab"],"picked":"Poisoned Stab","floor":3},{"not_picked":["Dodge and Roll","Choke"],"picked":"Footwork","floor":5},{"not_picked":["Eviscerate","Escape Plan"],"picked":"Leg Sweep","floor":7}],"player_experience":588725,"relics_obtained":[{"floor":7,"key":"Snake Skull"},{"floor":9,"key":"Bronze Scales"}],"event_choices":[{"damage_healed":0,"gold_gain":0,"player_choice":"Trade","damage_taken":0,"relics_obtained":["SsserpentHead"],"max_hp_gain":0,"max_hp_loss":0,"event_name":"FaceTrader","floor":2,"gold_loss":0},{"cards_removed":["Strike_G"],"damage_healed":0,"gold_gain":0,"player_choice":"Card Removal","damage_taken":7,"max_hp_gain":0,"max_hp_loss":0,"event_name":"Golden Wing","floor":4,"gold_loss":0},{"damage_healed":0,"gold_gain":0,"player_choice":"Damaged","damage_taken":9,"max_hp_gain":0,"max_hp_loss":0,"event_name":"Wheel of Change","floor":12,"gold_loss":0}],"is_beta":false,"boss_relics":[],"items_purged_floors":[],"is_endless":false,"potions_floor_spawned":[5],"killed_by":"3 Sentries","ascension_level":20}}