{"host":"kfd0jpqqxt101ydt","time":1613053579,"event":{"mods":["BaseMod","Downfall","Googly Eyes","Highlight Path","Minty Spire (QoL Compilation)","StSLib"],"gold_per_floor":[99,274,274,274,288,313,313,326,326,336,336,348,348,15,30,128,128,128,144,160,160,3,3,27,27,61,75,87,118,28,28,46,147,147,147,165,182,182,74,99,126,126,126,126,126],"floor_reached":43,"language":"ENG","playtime":2377,"items_purged":["Pain"],"score":517,"play_id":"02a79fbc-778b-4678-88dc-4567ce83e0c0","local_time":"20210211162619","is_ascension_mode":true,"campfire_choices":[{"data":"Slimebound:Split","floor":1,"key":"SMITH"},{"data":"Slimebound:SplitSpecialist","floor":9,"key":"SMITH"},{"data":"Slimebound:Equalize","floor":11,"key":"SMITH"},{"data":"Slimebound:LeadByExample","floor":13,"key":"SMITH"},{"data":"Slimebound:LevelUp","floor":18,"key":"SMITH"},{"data":"expansioncontent:PolyBeam","floor":23,"key":"SMITH"},{"data":"Slimebound:Darklings","floor":35,"key":"SMITH"},{"floor":42,"key":"REST"}],"circlet_count":0,"master_deck":["Slimebound:Strike_Slimebound","Slimebound:Strike_Slimebound","Slimebound:Strike_Slimebound","Slimebound:Tackle","Slimebound:Defend_Slimebound","Slimebound:Defend_Slimebound","Slimebound:Defend_Slimebound","Slimebound:Defend_Slimebound","Slimebound:Split+1","Slimebound:CorrosiveSpit","Slimebound:RallyTheTroops","Slimebound:SplitSpecialist+1","Slimebound:DivideAndConquer","Slimebound:SplitBruiser","Slimebound:Equalize+1","Slimebound:LeadByExample+1","Slimebound:LevelUp+1","Slimebound:RejuvenatingLick","Slimebound:LivingWall","Slimebound:SlimeSpikes","Slimebound:SplitAcid","expansioncontent:PolyBeam+1","Slimebound:Schlurp","Slimebound:PressTheAttack","Slimebound:SamplingLick","Slimebound:Darklings+1","CurseOfTheBell","expansioncontent:InvincibleStrength","Slimebound:MegaLick","Slimebound:Replication","Slimebound:Dissolve"],"relics":["Slimebound:AbsorbEndCombat","WarpedTongs","Ginger","Shuriken","SlaversCollar","downfall:RedIOU","Dream Catcher","Nunchaku","Orichalcum","Calling Bell","Blood Vial","White Beast Statue","Calipers","Medical Kit","Gambling Chip","Question Card","PreservedInsect"],"acts_visited":["Exordium","TheCity","TheBeyond"],"potions_floor_usage":[6,9,14,16,20,26,26,29,32,33],"damage_taken":[{"damage":4,"enemies":"Cultist","floor":5,"turns":3},{"damage":25,"enemies":"3 Sentries","floor":6,"turns":8},{"damage":6,"enemies":"2 Louse","floor":8,"turns":2},{"damage":0,"enemies":"Small Slimes","floor":10,"turns":2},{"damage":17,"enemies":"3 Louse","floor":12,"turns":3},{"damage":8,"enemies":"downfall:FleeingMerchant","floor":14,"turns":4},{"damage":13,"enemies":"2 Fungi Beasts","floor":15,"turns":3},{"damage":17,"enemies":"WA_ARCHETYPE_RETAIN","floor":16,"turns":5},{"damage":6,"enemies":"Shell Parasite","floor":19,"turns":6},{"damage":43,"enemies":"Cultist and Chosen","floor":20,"turns":6},{"damage":2,"enemies":"downfall:FleeingMerchant","floor":22,"turns":4},{"damage":38,"enemies":"Book of Stabbing","floor":26,"turns":5},{"damage":15,"enemies":"Snecko","floor":27,"turns":5},{"damage":23,"enemies":"Chosen and Byrds","floor":28,"turns":5},{"damage":28,"enemies":"Slavers","floor":29,"turns":4},{"damage":5,"enemies":"downfall:FleeingMerchant","floor":30,"turns":4},{"damage":20,"enemies":"Centurion and Healer","floor":32,"turns":6},{"damage":35,"enemies":"SI_MIRROR_ARCHETYPE","floor":33,"turns":10},{"damage":17,"enemies":"Orb Walker","floor":36,"turns":3},{"damage":43,"enemies":"3 Darklings","floor":37,"turns":5},{"damage":21,"enemies":"downfall:FleeingMerchant","floor":39,"turns":4},{"damage":30,"enemies":"Giant Head","floor":40,"turns":8},{"damage":41,"enemies":"4 Shapes","floor":43,"turns":6}],"seed_played":"2481327936125995398","potions_obtained":[{"floor":5,"key":"ColorlessPotion"},{"floor":8,"key":"EntropicBrew"},{"floor":16,"key":"Strength Potion"},{"floor":19,"key":"Energy Potion"},{"floor":26,"key":"BlessingOfTheForge"},{"floor":27,"key":"SteroidPotion"},{"floor":29,"key":"champ:CounterPotion"},{"floor":33,"key":"Slimebound:SlimedPotion"},{"floor":36,"key":"SteroidPotion"},{"floor":37,"key":"bronze:BurnAndBuffPotion"}],"is_trial":false,"path_per_floor":["R","?","?","?","M","E","T","M","R","M","R","M","R","$","M","B",null,"R","M","M","?","$","R","T","?","E","M","M","E","$","?","M","B",null,"R","M","M","?","$","E","T","R","M"],"character_chosen":"SLIMEBOUND","items_purchased":["Pear","Slimebound:SplitAcid","expansioncontent:PolyBeam","Regen Potion","Medical Kit","Gambling Chip"],"campfire_rested":1,"item_purchase_floors":[14,22,22,30,39,39],"current_hp_per_floor":[59,59,59,59,57,34,34,30,30,30,30,19,19,31,20,15,69,69,69,44,44,50,50,50,50,28,29,18,10,11,34,38,23,69,69,54,31,31,22,14,14,34,0,0,0],"gold":126,"neow_bonus":"THREE_RARE_CARDS","is_daily":false,"chose_seed":false,"campfire_upgraded":7,"win_rate":0.0,"timestamp":1613053579,"path_taken":["R","?","?","?","?","E","T","M","R","M","R","M","R","$","M","BOSS","R","M","M","?","$","R","T","?","E","M","M","E","$","?","M","BOSS","R","M","M","?","$","E","T","R","M"],"items_purchased_type":["Relic","Card","Card","Potion","Relic","Relic"],"build_version":"2020-12-22","purchased_purges":1,"victory":false,"max_hp_per_floor":[59,59,59,59,59,59,59,59,59,59,59,59,59,69,69,69,69,69,69,69,69,69,69,69,69,69,69,69,69,69,69,69,69,69,69,69,69,69,69,69,69,69,69,69,69],"card_choices":[{"not_picked":["Slimebound:MassRepurpose","Slimebound:LeechLife"],"picked":"Slimebound:RallyTheTroops","floor":0},{"not_picked":["Slimebound:SlimeSpikes","Slimebound:GrowthPunch"],"picked":"Slimebound:SplitSpecialist","floor":5},{"not_picked":["Slimebound:FormOfPuddle","Slimebound:Chomp"],"picked":"Slimebound:DivideAndConquer","floor":6},{"not_picked":["Slimebound:Schlurp","Slimebound:SlimeBarrage"],"picked":"Slimebound:SplitBruiser","floor":8},{"not_picked":["Slimebound:ItLooksTasty","Slimebound:RollThrough"],"picked":"Slimebound:Equalize","floor":10},{"not_picked":["Slimebound:LevelUp","Slimebound:RollThrough"],"picked":"Slimebound:LeadByExample","floor":12},{"not_picked":["Slimebound:Nibble","Slimebound:DisruptingSlam","Slimebound:FinishingTackle"],"picked":"SKIP","floor":14},{"not_picked":["Slimebound:ViciousTackle","Slimebound:DivideAndConquer"],"picked":"Slimebound:LevelUp","floor":15},{"not_picked":["Slimebound:SlimeSpikes+1","Slimebound:SplitLeeching+1"],"picked":"Slimebound:RejuvenatingLick","floor":19},{"not_picked":["Slimebound:Nibble","Slimebound:SplitBruiser"],"picked":"Slimebound:LivingWall","floor":20},{"not_picked":["Slimebound:Prepare","Slimebound:SplitLeeching"],"picked":"Slimebound:SlimeSpikes","floor":22},{"not_picked":["Slimebound:WasteNot","Slimebound:ComboTackle"],"picked":"Slimebound:Schlurp","floor":26},{"not_picked":["Slimebound:Nibble","Slimebound:Dissolve"],"picked":"Slimebound:PressTheAttack","floor":27},{"not_picked":["Slimebound:Overexert","Slimebound:LeechingTouch"],"picked":"Slimebound:SamplingLick","floor":28},{"not_picked":["Slimebound:Gluttony+1","Slimebound:ProtectTheBoss","Slimebound:SlimeTap"],"picked":"SKIP","floor":29},{"not_picked":["Slimebound:SlimeSlap","Slimebound:LeechingTouch","Slimebound:SplitLeeching"],"picked":"SKIP","floor":30},{"not_picked":["Slimebound:GoopTackle","Slimebound:Schlurp","Slimebound:FinishingTackle"],"picked":"SKIP","floor":32},{"not_picked":["Slimebound:OozeBath","Slimebound:MassFeed"],"picked":"Slimebound:Darklings","floor":33},{"not_picked":["Slimebound:RollThrough+1","Slimebound:DivideAndConquer","Slimebound:FinishingTackle"],"picked":"SKIP","floor":36},{"not_picked":["Slimebound:RollThrough+1","Slimebound:Equalize","Slimebound:FinishingTackle+1"],"picked":"SKIP","floor":37},{"not_picked":["expansioncontent:Chronoboost","expansioncontent:AwakenDeath"],"picked":"expansioncontent:InvincibleStrength","floor":38},{"not_picked":["Slimebound:SplitMire+1","Slimebound:SlimeBrawl"],"picked":"Slimebound:MegaLick","floor":39},{"not_picked":["Slimebound:SplitLeeching","Slimebound:LivingWall+1"],"picked":"Slimebound:Replication","floor":40},{"not_picked":["Slimebound:RejuvenatingLick","Slimebound:FinishingTackle+1","Slimebound:SplitSpecialist"],"picked":"Slimebound:Dissolve","floor":42}],"player_experience":24846,"relics_obtained":[{"floor":6,"key":"Ginger"},{"floor":7,"key":"Shuriken"},{"floor":24,"key":"Dream Catcher"},{"floor":26,"key":"Nunchaku"},{"floor":29,"key":"Orichalcum"},{"floor":34,"key":"Blood Vial"},{"floor":34,"key":"White Beast Statue"},{"floor":34,"key":"Calipers"},{"floor":40,"key":"Question Card"},{"floor":41,"key":"PreservedInsect"}],"event_choices":[{"cards_removed":["Doubt"],"damage_healed":0,"gold_gain":0,"player_choice":"Card Removal","damage_taken":0,"max_hp_gain":0,"max_hp_loss":0,"event_name":"The Cleric","floor":3,"gold_loss":0},{"damage_healed":0,"gold_gain":0,"player_choice":"Rummage","damage_taken":0,"relics_obtained":["WarpedTongs"],"max_hp_gain":0,"max_hp_loss":0,"event_name":"Accursed Blacksmith","floor":4,"gold_loss":0,"cards_obtained":["Pain"]},{"damage_healed":0,"gold_gain":0,"player_choice":"Ignored","damage_taken":0,"max_hp_gain":0,"max_hp_loss":0,"event_name":"Ghosts","floor":25,"gold_loss":0},{"damage_healed":23,"gold_gain":0,"player_choice":"Heal","damage_taken":0,"max_hp_gain":0,"max_hp_loss":0,"event_name":"The Library","floor":31,"gold_loss":0}],"is_beta":false,"boss_relics":[{"not_picked":["Slimebound:TarBlob","SacredBark"],"picked":"SlaversCollar"},{"not_picked":["Snecko Eye","Philosopher\u0027s Stone"],"picked":"Calling Bell"}],"items_purged_floors":[14],"is_endless":false,"potions_floor_spawned":[5,8,12,16,19,26,27,29,33,36,37,39,40],"killed_by":"4 Shapes","ascension_level":1}}