{"host":"og21o26alpnbwmz8","time":1613004634,"event":{"mods":["Act Like it!","Aspiration","BaseMod","Conspire","Downfall","Gensokyo","Halation","Hubris","Jedi Mod","Mimic Mod","Minty Spire (QoL Compilation)","Pale of the Ancients","Reliquary","Replay The Spire","Shop Mod","Spikes Relics","StSLib","The Alterego","The Blue Laboratory","The Poker Player","Waifu the Spire","Yuri Mod"],"gold_per_floor":[118,118,137,148,164,164,197,197,220,220,232,37,56,69,69,170,170,180,180,180,198,216,234,234,250,250,250,267,267,385,401,401,401,401],"floor_reached":33,"language":"ENG","playtime":1320,"items_purged":["Eviscerate","yuri:yuriDefend"],"score":305,"play_id":"a02878c0-ea5f-45fb-aa07-cd2153190080","local_time":"20210210195034","is_ascension_mode":false,"campfire_choices":[{"data":"yuri:InduceGlitch","floor":6,"key":"SMITH"},{"data":"yuri:SelfHarm","floor":8,"key":"SMITH"},{"data":"yuri:yuriStab","floor":10,"key":"SMITH"},{"data":"yuri:HoldBack","floor":24,"key":"SMITH"},{"data":"yuri:ArmBrace","floor":27,"key":"SMITH"},{"data":"yuri:InduceGlitch","floor":29,"key":"SMITH"},{"floor":32,"key":"REST"}],"circlet_count":0,"master_deck":["yuri:yuriDefend","yuri:yuriDefend","yuri:yuriDefend","yuri:yuriDefend","yuri:Oolong","yuri:yuriStab+1","yuri:MPose","yuri:MirrorInsanity","yuri:InduceGlitch+1","Dagger Spray+1","Neutralize","yuri:BookPurple","yuri:SelfHarm+1","yuri:BlackTea","yuri:TPose","yuri:ArmBrace+1","yuri:ReactiveMadness+1","yuri:HoldBack+1","yuri:InduceGlitch+1","yuri:CalmingAura"],"relics":["yuri:yuriKnife","CrustySpines","jedi:cryingmask","reliquary:RedCape","hubris:Icosahedron","Iron Hammer"],"acts_visited":["Exordium","Gensokyo:Gensokyo"],"potions_floor_usage":[30],"damage_taken":[{"damage":2,"enemies":"Gensokyo:2_Kodama","floor":1,"turns":4},{"damage":2,"enemies":"Gensokyo:3_Fairies","floor":3,"turns":3},{"damage":1,"enemies":"Gensokyo:Python","floor":4,"turns":3},{"damage":8,"enemies":"Gensokyo:Gryphon_and_Rabbit","floor":5,"turns":5},{"damage":6,"enemies":"Gensokyo:Cirno","floor":7,"turns":6},{"damage":6,"enemies":"Gensokyo:Python_and_Kodama","floor":11,"turns":3},{"damage":1,"enemies":"Gensokyo:VengefulSpirit","floor":13,"turns":3},{"damage":15,"enemies":"Gensokyo:3_Kodama","floor":14,"turns":3},{"damage":31,"enemies":"Gensokyo:Yukari","floor":16,"turns":5},{"damage":12,"enemies":"Gensokyo:3_Dogs","floor":18,"turns":4},{"damage":10,"enemies":"Gensokyo:2_Gloops","floor":21,"turns":4},{"damage":7,"enemies":"Gensokyo:Wraith","floor":22,"turns":4},{"damage":10,"enemies":"Gensokyo:Monolith_and_Dog","floor":23,"turns":4},{"damage":7,"enemies":"Gensokyo:Mirror_and_Dog","floor":25,"turns":3},{"damage":0,"enemies":"Gensokyo:Swordslinger","floor":28,"turns":4},{"damage":15,"enemies":"Gensokyo:Chomper_and_Gloop","floor":30,"turns":6},{"damage":28,"enemies":"Gensokyo:3_Gloops","floor":31,"turns":5},{"damage":65,"enemies":"Gensokyo:Eternal_Rivals","floor":33,"turns":10}],"seed_played":"-1611035634148810489","potions_obtained":[{"floor":4,"key":"blueLaboratory:StoneskinPotion"},{"floor":5,"key":"blueLaboratory:BubblePotion"},{"floor":14,"key":"blueLaboratory:NullPotion"},{"floor":25,"key":"DistilledChaos"}],"is_trial":false,"path_per_floor":["M","?","M","M","M","R","E","R","T","R","M","$","M","M","R","B",null,"M","?","?","M","M","M","R","M","T","R","M","R","M","M","R","B"],"character_chosen":"YURI","items_purchased":["yuri:TPose"],"campfire_rested":1,"item_purchase_floors":[12],"current_hp_per_floor":[58,58,60,63,59,59,57,57,57,57,55,55,58,47,71,44,80,72,72,72,66,63,57,57,54,54,54,58,58,50,26,50,0,0],"gold":401,"neow_bonus":"TRANSFORM_TWO_CARDS","is_daily":false,"chose_seed":false,"campfire_upgraded":6,"win_rate":0.0,"timestamp":1613004634,"path_taken":["M","?","?","?","M","R","E","R","T","R","?","$","M","M","R","BOSS","M","?","?","M","M","M","R","?","T","R","M","R","?","M","R","BOSS"],"items_purchased_type":["Card"],"build_version":"2020-12-22","purchased_purges":2,"victory":false,"max_hp_per_floor":[80,80,80,80,80,80,80,80,80,80,80,80,80,80,80,80,80,80,80,80,80,80,80,80,80,80,80,80,80,80,80,80,80,80],"card_choices":[{"not_picked":["yuri:GlitchedStrike","yuri:MPose"],"picked":"yuri:InduceGlitch","floor":1},{"not_picked":["yuri:ThrowBook","yuri:CalmingAura","yuri:Skip"],"picked":"SKIP","floor":3},{"not_picked":["yuri:Stare","yuri:Stalk"],"picked":"yuri:BookPurple","floor":4},{"not_picked":["yuri:ThrowingKnives","yuri:HeavierStrike","yuri:CalmingAura"],"picked":"SKIP","floor":5},{"not_picked":["yuri:RepairCode","yuri:Skip"],"picked":"yuri:SelfHarm","floor":7},{"not_picked":["yuri:TeaSet","yuri:Stare"],"picked":"yuri:BlackTea","floor":11},{"not_picked":["yuri:DebugCard","yuri:Stare","yuri:Skip"],"picked":"SKIP","floor":13},{"not_picked":["yuri:HeavierStrike","yuri:ThrowingKnives"],"picked":"yuri:ArmBrace","floor":14},{"not_picked":["yuri:Skip","yuri:TPose+1"],"picked":"yuri:ReactiveMadness+1","floor":18},{"not_picked":["yuri:DeepBreathing","yuri:UnstableStrike","yuri:Stalk"],"picked":"SKIP","floor":21},{"not_picked":["yuri:Skip","yuri:InsanityDefense"],"picked":"yuri:HoldBack","floor":22},{"not_picked":["yuri:ThornRemove","yuri:TeaSet","yuri:Stalk"],"picked":"SKIP","floor":23},{"not_picked":["yuri:NerfBat","yuri:Spin","yuri:yuriQuickStrike"],"picked":"SKIP","floor":25},{"not_picked":["yuri:GlitchedStrike+1","yuri:MPose"],"picked":"yuri:InduceGlitch","floor":28},{"not_picked":["yuri:TPose","yuri:JumpScare"],"picked":"yuri:CalmingAura","floor":30},{"not_picked":["yuri:ThrowingKnives","yuri:DebugCard","yuri:StealPen+1"],"picked":"SKIP","floor":31}],"player_experience":246311,"relics_obtained":[{"floor":7,"key":"CrustySpines"},{"floor":9,"key":"jedi:cryingmask"}],"event_choices":[],"is_beta":false,"boss_relics":[{"not_picked":["Runic Pyramid","conspire:SeveredTorchhead"],"picked":"reliquary:RedCape"}],"items_purged_floors":[12,12],"is_endless":false,"potions_floor_spawned":[4,5,14,22,25,28],"killed_by":"Gensokyo:Eternal_Rivals","ascension_level":0}}