{"host":"1pkwkj8mkn7raipg","time":1613056772,"event":{"mods":["BaseMod","LagranYue(拉格朗・月)","Minty Spire (QoL Compilation)","Replay The Spire","StSLib","TestMod","Youmu（魂魄妖梦）"],"gold_per_floor":[111,161,236,256,256,256,267,300,300,204,218,236,254,270,270,367,367,383,483,497,508,12,12,42,42,69,94,94,44,44,57,57,159,159,172,172,172,187,44,44,44,44,44,69,85,35,62,75,75,75],"floor_reached":51,"language":"ZHS","playtime":2157,"items_purged":["Languid","Pain","Strike_B","Hyperbeam"],"score":1341,"play_id":"d24e4dc7-edd9-441b-b698-27a650ad03c6","local_time":"20210211231932","is_ascension_mode":true,"campfire_choices":[{"data":"Zap","floor":6.0,"key":"SMITH"},{"data":"Dualcast","floor":15,"key":"SMITH"},{"data":"Hologram","floor":23,"key":"SMITH"},{"floor":30,"key":"REST"},{"data":"Scrape","floor":32,"key":"SMITH"},{"data":"Echo Form","floor":40,"key":"SMITH"},{"data":"Violence","floor":40,"key":"SMITH"},{"data":"Panic Button","floor":42,"key":"SMITH"},{"data":"Panic Button","floor":42,"key":"SMITH"},{"data":"Steam","floor":49,"key":"SMITH"},{"data":"Self Repair","floor":49,"key":"SMITH"}],"circlet_count":0,"master_deck":["AscendersBane","Strike_B","Strike_B","Strike_B","Defend_B+1","Defend_B+1","Defend_B+1","Defend_B+1","Zap+1","Dualcast+1","Voices","Auto Shields+1","Scrape+1","Self Repair+1","Go for the Eyes","Beam Cell","Gash","Seek+1","Gash","Echo Form+1","Overencumbered","Writhe","Clumsy","Panic Button+1","Panic Button+1","Hologram+1","Violence+1","Steam+1","Normality","Voices","Gash"],"relics":["Cracked Core","testmod-TestBox","LagranYue:RandomDrawCardRelic","testmod-ObsoleteBoomerang","ReplayTheSpireMod:Ring of Challenge","Replay:Wax Seal","Smiling Mask","Spirit Poop","Replay:Bottled Eggs","Replay:Ancient Bell","War Paint","Mummified Hand","Dead Branch","Blue Candle","Eternal Feather","Geode","Happy Flower","Cursed Key","Replay:Arrowhead","HandDrill","Pear","Replay:Bottled Snecko","testmod-IndustrialRevolution"],"acts_visited":["Exordium","TheCity","TheBeyond"],"potions_floor_usage":[16,20,27,27,33,50,50],"damage_taken":[{"damage":0.0,"enemies":"Cultist","floor":1.0,"turns":2.0},{"damage":4.0,"enemies":"Jaw Worm","floor":4.0,"turns":2.0},{"damage":0.0,"enemies":"Small Slimes","floor":7.0,"turns":2.0},{"damage":21.0,"enemies":"Lagavulin","floor":8.0,"turns":6.0},{"damage":0,"enemies":"2 Fungi Beasts","floor":11,"turns":1},{"damage":0,"enemies":"Large Slime","floor":12,"turns":2},{"damage":0,"enemies":"Exordium Thugs","floor":13,"turns":3},{"damage":0,"enemies":"3 Louse","floor":14,"turns":3},{"damage":24,"enemies":"Hexaghost","floor":16,"turns":8},{"damage":0,"enemies":"Spheric Guardian","floor":18,"turns":2},{"damage":0,"enemies":"Shell Parasite","floor":20,"turns":1},{"damage":22,"enemies":"Snake Plant","floor":21,"turns":3},{"damage":46,"enemies":"Slavers","floor":24,"turns":3},{"damage":8,"enemies":"Gremlin Leader","floor":27,"turns":3},{"damage":2,"enemies":"Colosseum Slavers","floor":28,"turns":1},{"damage":1,"enemies":"Cultist and Chosen","floor":31,"turns":3},{"damage":23,"enemies":"Collector","floor":33,"turns":5},{"damage":1,"enemies":"Orb Walker","floor":35,"turns":2},{"damage":1,"enemies":"3 Darklings","floor":38,"turns":1},{"damage":6,"enemies":"R_Hoarder","floor":44,"turns":4},{"damage":7,"enemies":"Transient","floor":45,"turns":5},{"damage":5,"enemies":"Nemesis","floor":47,"turns":3},{"damage":28,"enemies":"Maw","floor":48,"turns":3},{"damage":29,"enemies":"Awakened One","floor":50,"turns":6}],"seed_played":"6276431350431878017","potions_obtained":[{"floor":4.0,"key":"Toxic Potion"},{"floor":13,"key":"PotionOfCapacity"},{"floor":14,"key":"LiquidBronze"},{"floor":16,"key":"Strength Potion"},{"floor":18,"key":"Energy Potion"},{"floor":21,"key":"BlessingOfTheForge"},{"floor":31,"key":"Milkshake"},{"floor":33,"key":"Reflective Coating"},{"floor":35,"key":"Death Potion"},{"floor":41,"key":"DuplicationPotion"},{"floor":41,"key":"LiquidMemories"}],"is_trial":false,"path_per_floor":["M","?","?","M","?","R","M","E","T","$","M","M","M","M","R","B",null,"M","?","M","M","$","R","E","?","T","E","?","$","R","M","R","B",null,"M","?","T","M","$","R","?","R","T","E","M","$","E","M","R","B",null],"character_chosen":"DEFECT","items_purchased":["Go for the Eyes","Blue Candle","Violence","HandDrill"],"campfire_rested":1,"item_purchase_floors":[10,22,22,39],"current_hp_per_floor":[68,68,61,57,57,57,57,36,36,36,43,50,57,57,57,40,66,66,66,66,51,51,51,12,12,12,4,2,2,39,38,53,37,66,65,65,65,64,64,75,75,75,85,85,85,85,85,64,82,53],"gold":75,"neow_bonus":"ONE_RANDOM_RARE_CARD","is_daily":false,"chose_seed":false,"campfire_upgraded":10,"win_rate":0.0,"timestamp":1613056772,"path_taken":["M","?","?","?","?","R","M","E","T","$","M","M","M","?","R","BOSS","M","?","M","M","$","R","E","?","T","E","?","$","R","M","R","BOSS","M","?","?","M","$","R","?","R","T","E","M","$","E","M","R","BOSS"],"items_purchased_type":["Card","Relic","Card","Relic"],"build_version":"2020-12-22","purchased_purges":4,"victory":true,"max_hp_per_floor":[75,75,75,75,75,75,75,75,75,75,75,75,75,75,75,75,75,75,75,75,75,75,75,75,75,75,75,75,75,75,75,75,75,75,75,75,75,75,75,75,75,75,85,85,85,85,85,85,85,85],"card_choices":[{"not_picked":["Conserve Battery","Sweeping Beam","Leap"],"picked":"SKIP","floor":1.0},{"not_picked":["Cold Snap","Consume"],"picked":"Auto Shields","floor":4.0},{"not_picked":["Buffer","Stack"],"picked":"Scrape","floor":7.0},{"not_picked":["Conserve Battery","Self Repair","Doom and Gloom"],"picked":"SKIP","floor":8.0},{"not_picked":["Conserve Battery","Doom and Gloom"],"picked":"Self Repair","floor":8.0},{"not_picked":["Steam Power","Cold Snap"],"picked":"Beam Cell","floor":11},{"not_picked":["BootSequence","Coolheaded"],"picked":"Gash","floor":12},{"not_picked":["Panic Button","Coolheaded"],"picked":"Seek","floor":13},{"not_picked":["Ball Lightning","Stack"],"picked":"Gash","floor":14},{"not_picked":["Buffer","Mirror Shield"],"picked":"Echo Form","floor":16},{"not_picked":["Languid","Normality"],"picked":"Overencumbered","floor":17},{"not_picked":["ReplayTheSpireMod:Faulty Equipment","AbeCurse"],"picked":"Writhe","floor":17},{"not_picked":["Voices","ReplayTheSpireMod:Splinters"],"picked":"Clumsy","floor":17},{"not_picked":["Conserve Battery","Leap"],"picked":"Panic Button","floor":18},{"not_picked":["Stack","Cold Snap+1"],"picked":"Panic Button","floor":20},{"not_picked":["Rebound+1","Chill"],"picked":"Hologram","floor":21},{"not_picked":["Redo","Skim","Compile Driver"],"picked":"SKIP","floor":24},{"not_picked":["Steam Power","Beam Cell","Sweeping Beam"],"picked":"SKIP","floor":27},{"not_picked":["Sweeping Beam+1","Amplify"],"picked":"Steam","floor":31},{"not_picked":["Reinforced Body","ReplaySort","Loop"],"picked":"SKIP","floor":35},{"not_picked":["Sweeping Beam","BasicCrystalCard","Leap"],"picked":"SKIP","floor":38},{"not_picked":["Steam Power","Aggregate"],"picked":"Gash","floor":44},{"not_picked":["Sweeping Beam","Go for the Eyes","Panic Button"],"picked":"SKIP","floor":45},{"not_picked":["Echo Form","Stack","Compile Driver"],"picked":"SKIP","floor":47},{"not_picked":["Conserve Battery","Panic Button","Reprogram"],"picked":"SKIP","floor":48}],"player_experience":427534,"relics_obtained":[{"floor":2.0,"key":"ReplayTheSpireMod:Ring of Challenge"},{"floor":2.0,"key":"Ring of Greed"},{"floor":2.0,"key":"Replay:Wax Seal"},{"floor":2.0,"key":"Smiling Mask"},{"floor":8.0,"key":"Replay:Bottled Eggs"},{"floor":24,"key":"Eternal Feather"},{"floor":26,"key":"Geode"},{"floor":27,"key":"Happy Flower"},{"floor":37,"key":"Replay:Arrowhead"},{"floor":43,"key":"Pear"},{"floor":44,"key":"Replay:Bottled Snecko"},{"floor":47,"key":"testmod-IndustrialRevolution"}],"event_choices":[{"damage_healed":0.0,"max_hp_gain":0.0,"max_hp_loss":0.0,"gold_gain":75.0,"event_name":"FaceTrader","player_choice":"Touch","floor":3.0,"gold_loss":0.0,"damage_taken":7.0},{"cards_removed":["Pain"],"damage_healed":0.0,"max_hp_gain":0.0,"max_hp_loss":0.0,"gold_gain":0.0,"event_name":"Bonfire Elementals","player_choice":"Offered Curse","floor":5.0,"gold_loss":0.0,"damage_taken":0.0,"relics_obtained":["Spirit Poop"]},{"damage_healed":0,"gold_gain":100,"player_choice":"Sell","damage_taken":0,"max_hp_gain":0,"max_hp_loss":0,"event_name":"恩洛斯的盘子","floor":19,"relics_lost":["Ring of Greed"],"gold_loss":0},{"damage_healed":0,"gold_gain":0,"player_choice":"Fight","damage_taken":0,"max_hp_gain":0,"max_hp_loss":0,"event_name":"Colosseum","floor":28,"gold_loss":0},{"damage_healed":0,"gold_gain":0,"player_choice":"Fled From Nobs","damage_taken":0,"max_hp_gain":0,"max_hp_loss":0,"event_name":"Colosseum","floor":28,"gold_loss":0},{"damage_healed":0,"gold_gain":0,"player_choice":"Ignored","damage_taken":0,"max_hp_gain":0,"max_hp_loss":0,"event_name":"Tomb of Lord Red Mask","floor":36,"gold_loss":0},{"damage_healed":0,"gold_gain":0,"player_choice":"Got Potions","damage_taken":0,"max_hp_gain":0,"max_hp_loss":0,"event_name":"Lab","floor":41,"gold_loss":0}],"is_beta":false,"boss_relics":[{"not_picked":["Nuclear Battery","testmod-BloodSacrificeSpiritualization"],"picked":"Replay:Ancient Bell"},{"not_picked":["Orichalcum","Bag of Preparation"],"picked":"War Paint"},{"not_picked":["Solar Panel","Pantograph"],"picked":"Mummified Hand"},{"not_picked":["testmod-RainbowHikingShoes","testmod-Nyarlathotep"],"picked":"Dead Branch"},{"not_picked":["ChewingGum","testmod-Prudence"],"picked":"Cursed Key"}],"items_purged_floors":[10,22,29,46],"is_endless":false,"potions_floor_spawned":[4,13,14,16,18,21,28,31,33,35,45],"ascension_level":12}}