{"host":"40e4adzyl212zebh","time":1613019593,"event":{"mods":["BaseMod","Colored Map","Colored Powertips","Minty Spire (QoL Compilation)","Quick Restart","StSLib","SuperFastMode"],"gold_per_floor":[110,185,185,199,70,114,114,157,157,177,177,190,229,67,67,160,160,176,91,91,115,138,138,173,173,199,235,160,160,60,85,85,85,85],"floor_reached":33,"language":"ENG","playtime":1633,"items_purged":["Pain","Strike_G"],"score":652,"play_id":"65f8d353-1e70-4fb6-9df3-eb1a1e277c7b","local_time":"20210211135953","is_ascension_mode":true,"campfire_choices":[{"data":"Dash","floor":7,"key":"SMITH"},{"floor":11,"key":"REST"},{"floor":15,"key":"REST"},{"floor":23,"key":"REST"},{"floor":25,"key":"REST"},{"floor":32,"key":"REST"}],"circlet_count":0,"master_deck":["AscendersBane","Strike_G","Strike_G","Strike_G","Strike_G","Defend_G","Defend_G","Defend_G","Defend_G","Defend_G","Survivor","Neutralize","Sucker Punch","Crippling Poison","Dash+1","Caltrops","Bouncing Flask","Dagger Spray","PiercingWail","Dagger Throw","Adrenaline","Flying Knee","Reflex+1","Blur","PiercingWail","Deadly Poison","Catalyst"],"relics":["Ring of the Snake","NeowsBlessing","Golden Idol","Gremlin Horn","InkBottle","Regal Pillow","Happy Flower","OrangePellets","Runic Pyramid","Orichalcum","WarpedTongs","WingedGreaves","Bag of Preparation","Lantern","Dream Catcher"],"acts_visited":["Exordium","TheCity"],"potions_floor_usage":[8,13,21,22],"damage_taken":[{"damage":0,"enemies":"Small Slimes","floor":1,"turns":1},{"damage":0,"enemies":"Jaw Worm","floor":4,"turns":1},{"damage":0,"enemies":"Gremlin Nob","floor":6,"turns":1},{"damage":25,"enemies":"3 Sentries","floor":8,"turns":9},{"damage":1,"enemies":"2 Louse","floor":10,"turns":2},{"damage":5,"enemies":"Red Slaver","floor":12,"turns":4},{"damage":49,"enemies":"Gremlin Nob","floor":13,"turns":5},{"damage":11,"enemies":"Hexaghost","floor":16,"turns":10},{"damage":0,"enemies":"Chosen","floor":18,"turns":6},{"damage":9,"enemies":"2 Thieves","floor":21,"turns":5},{"damage":20,"enemies":"Shelled Parasite and Fungi","floor":22,"turns":6},{"damage":48,"enemies":"Book of Stabbing","floor":24,"turns":7},{"damage":14,"enemies":"Gremlin Leader","floor":27,"turns":8},{"damage":3,"enemies":"Snecko","floor":31,"turns":6},{"damage":115,"enemies":"Collector","floor":33,"turns":9}],"seed_played":"1655304721755698135","potions_obtained":[{"floor":1,"key":"Weak Potion"},{"floor":6,"key":"Block Potion"},{"floor":8,"key":"Fire Potion"},{"floor":13,"key":"Swift Potion"},{"floor":18,"key":"EssenceOfSteel"},{"floor":22,"key":"FairyPotion"},{"floor":27,"key":"Ancient Potion"}],"is_trial":false,"path_per_floor":["M","?","?","M","$","E","R","E","T","M","R","M","E","$","R","B",null,"M","?","?","M","M","R","E","R","T","E","$","?","$","M","R","B"],"character_chosen":"THE_SILENT","items_purchased":["Dash","Caltrops","OrangePellets"],"campfire_rested":5,"item_purchase_floors":[5,5,14],"current_hp_per_floor":[59,48,48,48,48,48,48,23,23,22,55,50,1,1,34,23,51,51,51,51,42,22,55,7,40,40,26,26,26,26,23,56,0,0],"gold":85,"neow_bonus":"THREE_ENEMY_KILL","is_daily":false,"chose_seed":false,"campfire_upgraded":1,"win_rate":0.0,"timestamp":1613019593,"path_taken":["M","?","?","M","?","E","R","E","T","M","R","M","E","$","R","BOSS","M","?","?","?","M","R","E","R","T","E","$","?","$","?","R","BOSS"],"items_purchased_type":["Card","Card","Relic"],"build_version":"2020-12-22","purchased_purges":2,"victory":false,"max_hp_per_floor":[66,66,60,60,60,60,60,60,60,60,60,60,60,60,60,60,60,60,60,60,60,60,60,60,60,60,60,60,60,60,60,60,60,60],"card_choices":[{"not_picked":["Leg Sweep","Calculated Gamble"],"picked":"Sucker Punch","floor":1},{"not_picked":["Outmaneuver","Tactician"],"picked":"Crippling Poison","floor":4},{"not_picked":["Dagger Throw","Dagger Spray"],"picked":"Bouncing Flask","floor":6},{"not_picked":["Acrobatics","Tactician"],"picked":"Deflect","floor":8},{"not_picked":["Distraction","Setup"],"picked":"Dagger Spray","floor":10},{"not_picked":["Masterful Stab","Quick Slash"],"picked":"PiercingWail","floor":12},{"not_picked":["Poisoned Stab","Envenom"],"picked":"Dagger Throw","floor":13},{"not_picked":["After Image","Doppelganger"],"picked":"Adrenaline","floor":16},{"not_picked":["Acrobatics","Dagger Spray"],"picked":"Flying Knee","floor":18},{"not_picked":["Dagger Throw","Backflip"],"picked":"Reflex+1","floor":21},{"not_picked":["Poisoned Stab","Deflect"],"picked":"Blur","floor":22},{"not_picked":["Quick Slash","Choke"],"picked":"PiercingWail","floor":24},{"not_picked":["Dagger Spray","Cloak And Dagger","Flying Knee+1"],"picked":"SKIP","floor":27},{"not_picked":["Reflex","PiercingWail"],"picked":"Deadly Poison","floor":31},{"not_picked":["Deadly Poison","Dagger Spray+1"],"picked":"Catalyst","floor":32}],"player_experience":588725,"relics_obtained":[{"floor":6,"key":"Gremlin Horn"},{"floor":8,"key":"InkBottle"},{"floor":9,"key":"Regal Pillow"},{"floor":13,"key":"Happy Flower"},{"floor":24,"key":"WingedGreaves"},{"floor":26,"key":"Bag of Preparation"},{"floor":27,"key":"Lantern"}],"event_choices":[{"damage_healed":0,"gold_gain":75,"player_choice":"Gather Gold","damage_taken":11,"max_hp_gain":0,"max_hp_loss":0,"event_name":"World of Goop","floor":2,"gold_loss":0},{"damage_healed":0,"gold_gain":0,"player_choice":"Lose Max HP","damage_taken":0,"relics_obtained":["Golden Idol"],"max_hp_gain":0,"max_hp_loss":6,"event_name":"Golden Idol","floor":3,"gold_loss":0},{"damage_healed":0,"gold_gain":0,"player_choice":"Obtained Relic","damage_taken":0,"relics_obtained":["Orichalcum"],"max_hp_gain":0,"max_hp_loss":0,"event_name":"Addict","floor":19,"gold_loss":85},{"damage_healed":0,"gold_gain":0,"player_choice":"Rummage","damage_taken":0,"relics_obtained":["WarpedTongs"],"max_hp_gain":0,"max_hp_loss":0,"event_name":"Accursed Blacksmith","floor":20,"gold_loss":0,"cards_obtained":["Pain"]},{"cards_removed":["Deflect"],"damage_healed":0,"gold_gain":0,"player_choice":"Gave Card","damage_taken":0,"relics_obtained":["Dream Catcher"],"max_hp_gain":0,"max_hp_loss":0,"event_name":"WeMeetAgain","floor":29,"gold_loss":0}],"is_beta":false,"boss_relics":[{"not_picked":["Runic Dome","SlaversCollar"],"picked":"Runic Pyramid"}],"items_purged_floors":[28,30],"is_endless":false,"potions_floor_spawned":[1,6,8,13,18,22,27],"killed_by":"Collector","ascension_level":20}}