{"host":"uai5ebipunriklel","time":1613010014,"event":{"mods":["BaseMod","Downfall","Hermit","Minty Spire (QoL Compilation)","Replay The Spire","StSLib","The Cursed","The Disciple","The Jungle"],"gold_per_floor":[112,122,122,139,68,68,103,22,45,64,64,64,11,31,31,132,132,152,152,168,182,97,97,114,213,213,232,249,260,260,287,287,388,388,404,419,419,431,445,445,445,445,445],"floor_reached":41,"language":"ENG","playtime":4137,"items_purged":[],"score":447,"play_id":"8ae55ecc-4221-4e3b-a98a-b7c847c4e0c7","local_time":"20210210182014","is_ascension_mode":false,"campfire_choices":[{"data":"Slimebound:CorrosiveSpit","floor":6.0,"key":"SMITH"},{"data":"Slimebound:Grow","floor":11.0,"key":"SMITH"},{"data":"Slimebound:SlimeSpikes","floor":15.0,"key":"SMITH"},{"data":"Slimebound:Split","floor":23.0,"key":"SMITH"},{"floor":30,"key":"REST"},{"floor":32,"key":"REST"},{"data":"Madness","floor":40,"key":"SMITH"}],"circlet_count":1,"master_deck":["Slimebound:Tackle","Slimebound:Defend_Slimebound","Slimebound:Split+1","Slimebound:CorrosiveSpit+1","Slimebound:Grow+1","Slimebound:ServeAndProtect","Slimebound:MassFeed","Slimebound:Gluttony","Slimebound:Lick","Madness","Slimebound:SlimeSpikes+1","Slimebound:FlameTackle","Madness+1","Slimebound:ItLooksTasty","Slimebound:AcidTongue","Slimebound:Teamwork+1","Slimebound:AcidTongue+1","Slimebound:Prepare+1","Slimebound:GoopSpray+1","Forethought","Slimebound:PressTheAttack+1","Slimebound:HauntingLick","Slimebound:Equalize","Slimebound:DisruptingSlam","Slimebound:LivingWall","Slimebound:MassRepurpose","Slimebound:MegaLick+1","Slimebound:RollThrough+1"],"relics":["Slimebound:AbsorbEndCombat","NeowsBlessing","Bag of Preparation","Happy Flower","Astrolabe","Frozen Egg 2","Shuriken","Smiling Mask","Circlet"],"acts_visited":["TheBeyond"],"potions_floor_usage":[33,38,41,41],"damage_taken":[{"damage":3.0,"enemies":"Cultist","floor":1.0,"turns":1.0},{"damage":3.0,"enemies":"Jaw Worm","floor":2.0,"turns":1.0},{"damage":3.0,"enemies":"Small Slimes","floor":4.0,"turns":2.0},{"damage":32.0,"enemies":"Lagavulin","floor":7.0,"turns":6.0},{"damage":6.0,"enemies":"Exordium Wildlife","floor":10.0,"turns":4.0},{"damage":7.0,"enemies":"Large Slime","floor":14.0,"turns":3.0},{"damage":24.0,"enemies":"Slime Boss","floor":16.0,"turns":5.0},{"damage":33.0,"enemies":"2 Thieves","floor":18.0,"turns":5.0},{"damage":19.0,"enemies":"Shell Parasite","floor":20.0,"turns":4.0},{"damage":19.0,"enemies":"Snake Plant","floor":21.0,"turns":4.0},{"damage":14.0,"enemies":"Chosen and Byrds","floor":24.0,"turns":5.0},{"damage":45.0,"enemies":"3 Cultists","floor":27.0,"turns":5.0},{"damage":28,"enemies":"Snake Plant","floor":28,"turns":3},{"damage":2,"enemies":"Centurion and Healer","floor":29,"turns":8},{"damage":58,"enemies":"Automaton","floor":33,"turns":13},{"damage":0,"enemies":"Orb Walker","floor":35,"turns":3},{"damage":9,"enemies":"3 Shapes","floor":36,"turns":3},{"damage":62,"enemies":"Transient","floor":38,"turns":5},{"damage":3,"enemies":"Maw","floor":39,"turns":8},{"damage":100,"enemies":"Giant Head","floor":41,"turns":10}],"seed_played":"2517307279388333835","potions_obtained":[{"floor":2.0,"key":"Explosive Potion"},{"floor":4.0,"key":"Regen Potion"},{"floor":10.0,"key":"Poison Potion"},{"floor":18.0,"key":"Poison Potion"},{"floor":27.0,"key":"Slimebound:SpawnSlimePotion"},{"floor":39,"key":"GamblersBrew"}],"is_trial":false,"path_per_floor":["M","M","?","M","$","R","E","$","T","M","R","?","$","M","R","B",null,"M","?","M","M","?","R","M","?","T","M","M","M","R","T","R","B",null,"M","M","?","M","M","R","E"],"character_chosen":"SLIMEBOUND","items_purchased":["Slimebound:Gluttony","Slimebound:TendrilStrike","Slimebound:VenomTackle"],"campfire_rested":2,"item_purchase_floors":[5,8,13],"current_hp_per_floor":[70,70,70,70,70,70,57,57,57,65,65,65,65,63,63,60,76,60,46,46,51,51,51,53,53,53,32,6,15,41,41,67,24,91,91,88,88,38,51,51,0,0,0],"gold":445,"neow_bonus":"THREE_ENEMY_KILL","is_daily":false,"chose_seed":false,"campfire_upgraded":5,"win_rate":0.0,"timestamp":1613010014,"path_taken":["M","?","?","M","$","R","E","$","T","?","R","?","?","M","R","BOSS","M","?","?","M","?","R","M","?","T","?","M","M","R","?","R","BOSS","M","M","?","M","M","R","E"],"items_purchased_type":["Card","Undefined","Undefined"],"build_version":"2020-12-22","purchased_purges":0,"victory":false,"max_hp_per_floor":[70,70,70,70,70,70,73,73,73,76,76,76,76,76,76,76,76,79,79,82,85,85,85,85,85,85,85,85,88,88,88,88,91,91,91,97,97,97,97,97,97,97,97],"card_choices":[{"not_picked":["Slimebound:Lick","Slimebound:SplitLeeching"],"picked":"Slimebound:Grow","floor":1.0},{"not_picked":["Slimebound:ItLooksTasty","Slimebound:SplitLeeching"],"picked":"Slimebound:ServeAndProtect","floor":2.0},{"not_picked":["Slimebound:GoopTackle","Slimebound:Lick"],"picked":"Slimebound:MassFeed","floor":4.0},{"not_picked":["Slimebound:LeadByExample","Slimebound:SamplingLick"],"picked":"Slimebound:Lick","floor":7.0},{"not_picked":["Slimebound:SplitMire","Slimebound:ServeAndProtect"],"picked":"Slimebound:SlimeSpikes","floor":10.0},{"not_picked":["Slimebound:SlimeSpikes","Slimebound:LeechingTouch"],"picked":"Slimebound:ItLooksTasty","floor":14.0},{"not_picked":["Slimebound:MassFeed","Slimebound:DuplicatedForm"],"picked":"Slimebound:AcidTongue","floor":16.0},{"not_picked":["Slimebound:LeechEnergy","Slimebound:Gluttony"],"picked":"Slimebound:GoopSpray+1","floor":18.0},{"not_picked":["Slimebound:LeadByExample","Slimebound:Replication+1"],"picked":"Slimebound:PressTheAttack+1","floor":20.0},{"not_picked":["Slimebound:QuickStudy","Slimebound:Lick"],"picked":"Slimebound:HauntingLick","floor":21.0},{"not_picked":["Slimebound:BestDefense+1","Slimebound:Grow+1"],"picked":"Slimebound:Equalize","floor":24.0},{"not_picked":["Slimebound:Lick","Slimebound:HauntingLick"],"picked":"Slimebound:DisruptingSlam","floor":27.0},{"not_picked":["Slimebound:SplitLeeching+1","Slimebound:PressTheAttack+1"],"picked":"Slimebound:LivingWall","floor":28},{"not_picked":["Slimebound:FinishingTackle","Slimebound:ComboTackle","Slimebound:SamplingLick"],"picked":"SKIP","floor":29},{"not_picked":["Slimebound:LeechLife","Slimebound:WasteNot"],"picked":"Slimebound:MassRepurpose","floor":33},{"not_picked":["Slimebound:SlimeTap","Slimebound:SamplingLick+1"],"picked":"Slimebound:MegaLick+1","floor":35},{"not_picked":["Slimebound:SlimeSpikes","Slimebound:LeechingTouch","Slimebound:PressTheAttack"],"picked":"SKIP","floor":36},{"not_picked":["Slimebound:ComboTackle","Slimebound:PressTheAttack+1","Slimebound:Gluttony+1"],"picked":"SKIP","floor":38},{"not_picked":["Slimebound:SlimeSpikes","Slimebound:Schlurp"],"picked":"Slimebound:RollThrough+1","floor":39}],"player_experience":236763,"relics_obtained":[{"floor":7.0,"key":"Bag of Preparation"},{"floor":9.0,"key":"Happy Flower"},{"floor":26.0,"key":"Shuriken"},{"floor":31,"key":"Smiling Mask"}],"event_choices":[{"cards_removed":["Slimebound:Strike_Slimebound"],"damage_healed":0.0,"max_hp_gain":0.0,"max_hp_loss":0.0,"gold_gain":0.0,"event_name":"Bonfire Elementals","player_choice":"Offered Basic","floor":3.0,"gold_loss":0.0,"damage_taken":0.0},{"damage_healed":0.0,"max_hp_gain":0.0,"max_hp_loss":0.0,"gold_gain":0.0,"cards_transformed":["Slimebound:Defend_Slimebound"],"event_name":"Living Wall","player_choice":"Change","floor":12.0,"gold_loss":0.0,"damage_taken":0.0,"cards_obtained":["Slimebound:FlameTackle"]},{"damage_healed":0.0,"max_hp_gain":0.0,"max_hp_loss":0.0,"gold_gain":0.0,"event_name":"Knowing Skull","player_choice":"CARD ","floor":19.0,"potions_obtained":[],"gold_loss":0.0,"damage_taken":14.0,"cards_obtained":["Forethought"]},{"damage_healed":0.0,"max_hp_gain":0.0,"max_hp_loss":0.0,"gold_gain":0.0,"event_name":"Addict","player_choice":"Obtained Relic","floor":22.0,"gold_loss":85.0,"damage_taken":0.0,"relics_obtained":["Frozen Egg 2"]},{"damage_healed":0.0,"max_hp_gain":0.0,"max_hp_loss":0.0,"gold_gain":99.0,"event_name":"Nest","player_choice":"Stole From Cult","floor":25.0,"gold_loss":0.0,"damage_taken":0.0},{"cards_removed":["Slimebound:Defend_Slimebound"],"damage_healed":0,"gold_gain":0,"player_choice":"Purged","damage_taken":0,"max_hp_gain":0,"max_hp_loss":0,"event_name":"Purifier","floor":37,"gold_loss":0}],"is_beta":false,"boss_relics":[{"not_picked":["Pandora\u0027s Box","White Beast Statue"],"picked":"Astrolabe"},{"not_picked":["Cursed Key","Runic Dome"],"picked":"Circlet"}],"items_purged_floors":[],"is_endless":false,"potions_floor_spawned":[2,4,10,18,27,29,39],"killed_by":"Giant Head","ascension_level":0}}