{"host":"upxqlvf2ge1xt4sa","time":1613080803,"event":{"mods":["2.2 Compatiblity","AchievementEnabler","Act Like it!","Bard","BaseMod","Better Third Choice","BetterRewards","Colored Powertips","Curses Come First","Downfall","Energized Spire","Friendly Minions","Hallownest","Hermit","Highlight Path","Hubris","Infinite Spire","Jorbs\u0027s Wanderer Trilogy","Koishi","Mad Scientist","Minty Spire (QoL Compilation)","Rare Cards Sparkle","Relic Filter","Reliquary","Shade Mod","StSLib","The Construct","The Cursed","The Disciple","The Hierophant","The Jungle","The Marked","The Mystic","The Necromancer","The Runesmith","The Servant 0.9.4"],"gold_per_floor":[111,131,141,141,141,141,156,185,185,185,214,214,63,74,74,178,178,191,191,245,345,345,345,372,384,396,524,536,580,608,651,663,817,829,841,860,872,884,896,896,896],"floor_reached":40,"language":"ENG","playtime":5252,"items_purged":["MadScienceMod:Defend_MadScience","MadScienceMod:Defend_MadScience"],"score":458,"play_id":"b92dc83f-9ccc-4fa6-ae31-82d9a8dbc547","local_time":"20210211140003","is_ascension_mode":false,"campfire_choices":[{"data":"MadScienceMod:HideBehindJunk","floor":6,"key":"SMITH"},{"data":"hubris:Fate","floor":12,"key":"SMITH"},{"data":"MadScienceMod:CloneVats","floor":15,"key":"SMITH"},{"data":"MadScienceMod:CondenseVapors","floor":23,"key":"SMITH"},{"data":"MadScienceMod:MinatureWeapons","floor":25,"key":"SMITH"},{"data":"MadScienceMod:Refuel","floor":28,"key":"SMITH"},{"data":"MadScienceMod:Browse","floor":32,"key":"SMITH"}],"circlet_count":0,"master_deck":["MadScienceMod:Strike_MadScience","MadScienceMod:Strike_MadScience","MadScienceMod:Defend_MadScience","MadScienceMod:Defend_MadScience","MadScienceMod:PoweredStrike","MadScienceMod:HideBehindJunk+1","MadScienceMod:Bayonet","MadScienceMod:Browse+1","MadScienceMod:FragmentationGrenade","hubris:Fate+1","MadScienceMod:OilDrum","MadScienceMod:CloneVats+1","MadScienceMod:MinatureWeapons+1","MadScienceMod:PowerArmor","MadScienceMod:Refuel+1","MadScienceMod:CondenseVapors+1","MadScienceMod:GattlingGun","MadScienceMod:Detonate+1","MadScienceMod:GattlingGun","MadScienceMod:EnergyBarrier+1","MadScienceMod:Bombardment","MadScienceMod:Refuel+1","MadScienceMod:CloneVats","MadScienceMod:LightOnFire","MadScienceMod:BoxOfScraps+1"],"relics":["MadScienceMod:FuelTank","NeowsBlessing","Odd Mushroom","Omamori","Ornamental Fan","energizedSpire:MagnifyingGlass","MawBank","hubris:Spice","energizedSpire:EnergizedDie","hubris:Towel"],"acts_visited":["Exordium","Exordium","TheBeyond"],"potions_floor_usage":[29,33,33,39,39,40],"damage_taken":[{"damage":0,"enemies":"Small Slimes","floor":1,"turns":2},{"damage":0,"enemies":"Jaw Worm","floor":2,"turns":1},{"damage":0,"enemies":"2 Louse","floor":3,"turns":1},{"damage":38,"enemies":"Gremlin Gang","floor":7,"turns":7},{"damage":20,"enemies":"The Mushroom Lair","floor":8,"turns":5},{"damage":0,"enemies":"Lagavulin","floor":11,"turns":6},{"damage":4,"enemies":"Large Slime","floor":14,"turns":5},{"damage":2,"enemies":"Hexaghost","floor":16,"turns":14},{"damage":9,"enemies":"theJungle:MUSHROOMGANG","floor":18,"turns":3},{"damage":5,"enemies":"Shell Parasite","floor":20,"turns":9},{"damage":0,"enemies":"theJungle:2_Phrogs","floor":24,"turns":2},{"damage":1,"enemies":"theJungle:JungleHuntersEncounter","floor":27,"turns":10},{"damage":5,"enemies":"theJungle:2_Snecko_Cultists","floor":29,"turns":5},{"damage":10,"enemies":"theJungle:Lyon","floor":30,"turns":7},{"damage":12,"enemies":"Snake Plant","floor":31,"turns":4},{"damage":77,"enemies":"theJungle:TotemBoss","floor":33,"turns":11},{"damage":45,"enemies":"3 Shapes","floor":35,"turns":6},{"damage":10,"enemies":"Orb Walker","floor":36,"turns":3},{"damage":55,"enemies":"Jaw Worm Horde","floor":39,"turns":6},{"damage":21,"enemies":"Nightmare","floor":40,"turns":6}],"seed_played":"-842947396880184316","potions_obtained":[{"floor":2,"key":"AttackPotion"},{"floor":7,"key":"Slimebound:ThreeZeroPotion"},{"floor":11,"key":"Energy Potion"},{"floor":14,"key":"FairyPotion"},{"floor":31,"key":"Explosive Potion"},{"floor":33,"key":"Weak Potion"},{"floor":35,"key":"Dexterity Potion"},{"floor":38,"key":"sneckomod:MuddlingPotion"},{"floor":38,"key":"Block Potion"},{"floor":39,"key":"SkillPotion"}],"is_trial":false,"path_per_floor":["M","M","M","?","?","R","M","?","T","?","E","R","$","M","R","B",null,"M","?","M","?","AVR","R","E","R","T","M","R","M","M","M","R","B",null,"M","M","?","?","M","NM"],"character_chosen":"MAD_SCIENTIST","items_purchased":["MadScienceMod:PowerArmor"],"campfire_rested":0,"item_purchase_floors":[13],"current_hp_per_floor":[75,75,75,57,57,57,34,14,14,14,14,14,14,10,10,8,75,66,66,61,61,61,61,61,61,69,68,68,63,53,41,41,24,83,53,58,58,58,3,0,0],"gold":896,"neow_bonus":"THREE_ENEMY_KILL","is_daily":false,"chose_seed":false,"campfire_upgraded":7,"win_rate":0.0,"timestamp":1613080803,"path_taken":["M","M","M","?","?","R","M","?","T","?","E","R","?","M","R","BOSS","M","?","?","?","AVR","R","E","R","T","M","R","?","?","M","R","BOSS","M","M","?","?","M","NM"],"items_purchased_type":["Card"],"build_version":"2020-12-22","purchased_purges":2,"victory":false,"max_hp_per_floor":[75,75,75,75,75,75,75,75,75,75,75,75,75,75,75,75,75,75,75,75,75,75,75,75,75,83,83,83,83,83,83,83,83,83,83,83,83,83,83,83,83],"card_choices":[{"not_picked":["MadScienceMod:SelfDestruct","MadScienceMod:FlameCannon"],"picked":"MadScienceMod:Bayonet","floor":1},{"not_picked":["MadScienceMod:Strafe","MadScienceMod:MechanicalClaw"],"picked":"MadScienceMod:Browse","floor":2},{"not_picked":["MadScienceMod:LightOnFire","MadScienceMod:MechanicalClaw"],"picked":"MadScienceMod:FragmentationGrenade","floor":3},{"not_picked":["infinitespire:SealOfDarkness+","infinitespire:SevenWalls"],"picked":"hubris:Fate","floor":4},{"not_picked":["MadScienceMod:LightOnFire","MadScienceMod:FragmentationGrenade"],"picked":"MadScienceMod:OilDrum","floor":7},{"not_picked":["MadScienceMod:AntimatterBomb","MadScienceMod:Strafe"],"picked":"MadScienceMod:CloneVats","floor":8},{"not_picked":["MadScienceMod:AutoStrike","MadScienceMod:Lightbulb"],"picked":"MadScienceMod:MinatureWeapons","floor":11},{"not_picked":["MadScienceMod:AcidSpray","MadScienceMod:BandageBot"],"picked":"MadScienceMod:Refuel","floor":14},{"not_picked":["MadScienceMod:Refine","MadScienceMod:MechanicalSnecko"],"picked":"MadScienceMod:CondenseVapors","floor":16},{"not_picked":["MadScienceMod:FlexibleSpear","MadScienceMod:AutoStrike","MadScienceMod:Sprocket"],"picked":"SKIP","floor":18},{"not_picked":["MadScienceMod:FumeBlast","MadScienceMod:Lightbulb+1"],"picked":"MadScienceMod:GattlingGun","floor":20},{"not_picked":["MadScienceMod:FlexibleSpear","MadScienceMod:AntimatterBomb"],"picked":"MadScienceMod:Detonate+1","floor":24},{"not_picked":["MadScienceMod:LabAccident","MadScienceMod:Bombardment"],"picked":"MadScienceMod:GattlingGun","floor":27},{"not_picked":["MadScienceMod:OilDrum","MadScienceMod:ShrinkRay"],"picked":"MadScienceMod:EnergyBarrier+1","floor":29},{"not_picked":["MadScienceMod:AcidSpray","MadScienceMod:RadioactiveSword"],"picked":"MadScienceMod:Bombardment","floor":30},{"not_picked":["MadScienceMod:Redesign","MadScienceMod:FragmentationGrenade+1"],"picked":"MadScienceMod:Refuel+1","floor":31},{"not_picked":["MadScienceMod:Refine","MadScienceMod:Mechanize"],"picked":"MadScienceMod:CloneVats","floor":33},{"not_picked":["MadScienceMod:TimeDilationField","MadScienceMod:FlexibleSpear"],"picked":"MadScienceMod:LightOnFire","floor":35},{"not_picked":["MadScienceMod:FumeBlast+1","MadScienceMod:Strafe+1"],"picked":"MadScienceMod:BoxOfScraps+1","floor":36},{"not_picked":["MadScienceMod:MakeOrBreak","MadScienceMod:Virus+1","MadScienceMod:ShrinkRay"],"picked":"SKIP","floor":39}],"player_experience":144170,"relics_obtained":[{"floor":8,"key":"Odd Mushroom"},{"floor":9,"key":"Omamori"},{"floor":11,"key":"Ornamental Fan"},{"floor":24,"key":"MawBank"},{"floor":26,"key":"hubris:Spice"}],"event_choices":[{"cards_removed":["MadScienceMod:Strike_MadScience"],"damage_healed":0,"gold_gain":0,"player_choice":"Forget","damage_taken":0,"max_hp_gain":0,"max_hp_loss":0,"event_name":"Living Wall","floor":5,"gold_loss":0},{"damage_healed":0,"gold_gain":0,"player_choice":"Fought Mushrooms","damage_taken":0,"max_hp_gain":0,"max_hp_loss":0,"event_name":"Mushrooms","floor":8,"gold_loss":0},{"damage_healed":0,"gold_gain":0,"player_choice":"Bought 0 Potions","damage_taken":0,"max_hp_gain":0,"max_hp_loss":0,"event_name":"The Woman in Blue","floor":19,"gold_loss":0},{"damage_healed":0,"gold_gain":100,"player_choice":"Pray","damage_taken":0,"max_hp_gain":0,"max_hp_loss":0,"event_name":"Golden Shrine","floor":21,"gold_loss":0},{"damage_healed":0,"gold_gain":0,"player_choice":"Got Potions","damage_taken":0,"max_hp_gain":0,"max_hp_loss":0,"event_name":"Lab","floor":38,"gold_loss":0}],"is_beta":false,"boss_relics":[{"not_picked":["Runic Pyramid","Calling Bell"],"picked":"energizedSpire:MagnifyingGlass"},{"not_picked":["energizedSpire:OgreHead","hubris:BlackHole"],"picked":"energizedSpire:EnergizedDie"}],"items_purged_floors":[13,22],"is_endless":false,"potions_floor_spawned":[2,7,11,14,18,27,31,33,35,39],"killed_by":"Nightmare","ascension_level":0}}