{"host":"g2yp6paluzgljz05","time":1613037299,"event":{"mods":["BaseMod","Bestiary","Colored Powertips","DeckTracker","Highlight Path","Minty Spire (QoL Compilation)","Quick Restart"],"gold_per_floor":[117,134,59,159,174,174,174,174,197,222,222,253,190,220,220,316,316,331,344,254,85,103,131,150,150,219,219,219,219],"floor_reached":28,"language":"ENG","playtime":1737,"items_purged":["Shame","Strike_B"],"score":292,"play_id":"e9d1abf6-3110-4c12-a403-6717160aaf97","local_time":"20210211205459","is_ascension_mode":true,"campfire_choices":[{"data":"Zap","floor":6,"key":"SMITH"},{"data":"Coolheaded","floor":8,"key":"SMITH"},{"floor":11,"key":"REST"},{"floor":15,"key":"REST"},{"floor":25,"key":"REST"}],"circlet_count":0,"master_deck":["Strike_B","Strike_B","Defend_B","Defend_B","Defend_B","Defend_B+1","Zap+1","Dualcast","Consume","Coolheaded+1","Defragment","Auto Shields","Loop","Reboot","Ball Lightning","Loop+1","Loop","Ball Lightning","Glacier"],"relics":["Cracked Core","Torii","Blood Vial","Orichalcum","MawBank","Bag of Preparation","Nuclear Battery","Bag of Marbles","Bottled Lightning","Vajra"],"acts_visited":["Exordium","TheCity"],"potions_floor_usage":[28],"damage_taken":[{"damage":1,"enemies":"2 Louse","floor":1,"turns":3},{"damage":1,"enemies":"Cultist","floor":2,"turns":3},{"damage":1,"enemies":"Jaw Worm","floor":5,"turns":3},{"damage":33,"enemies":"Lagavulin","floor":10,"turns":9},{"damage":13,"enemies":"3 Sentries","floor":12,"turns":8},{"damage":27,"enemies":"Lagavulin","floor":14,"turns":7},{"damage":33,"enemies":"Slime Boss","floor":16,"turns":11},{"damage":26,"enemies":"Chosen","floor":18,"turns":10},{"damage":1,"enemies":"Spheric Guardian","floor":19,"turns":3},{"damage":28,"enemies":"Centurion and Healer","floor":22,"turns":6},{"damage":35,"enemies":"Book of Stabbing","floor":23,"turns":6},{"damage":25,"enemies":"Cultist and Chosen","floor":24,"turns":7},{"damage":31,"enemies":"Gremlin Leader","floor":28,"turns":4}],"seed_played":"4856416796594171902","potions_obtained":[{"floor":2,"key":"FearPotion"},{"floor":5,"key":"CultistPotion"},{"floor":16,"key":"SpeedPotion"},{"floor":22,"key":"FairyPotion"},{"floor":24,"key":"ColorlessPotion"}],"is_trial":false,"path_per_floor":["M","M","$","?","M","R","?","R","T","E","R","E","$","E","R","B",null,"M","M","?","$","M","E","M","R","T","T","E"],"character_chosen":"DEFECT","items_purchased":["Defragment","Loop"],"campfire_rested":3,"item_purchase_floors":[3,21],"current_hp_per_floor":[74,73,73,73,72,72,77,77,77,46,70,59,59,34,58,27,80,54,55,55,55,29,24,1,25,25,25,0,0],"gold":219,"neow_bonus":"ONE_RARE_RELIC","is_daily":false,"chose_seed":false,"campfire_upgraded":2,"win_rate":0.0,"timestamp":1613037299,"path_taken":["M","M","$","?","?","R","?","R","T","E","R","E","?","E","R","BOSS","M","M","?","$","?","E","M","R","T","?","E"],"items_purchased_type":["Card","Card"],"build_version":"2020-12-22","purchased_purges":2,"victory":false,"max_hp_per_floor":[75,75,75,75,75,75,80,80,80,80,80,80,80,80,80,80,80,80,80,80,80,80,80,80,80,80,80,80,80],"card_choices":[{"not_picked":["Scrape","Redo"],"picked":"Consume","floor":1},{"not_picked":["Redo","Cold Snap"],"picked":"Coolheaded","floor":2},{"not_picked":["White Noise","Turbo"],"picked":"Auto Shields","floor":5},{"not_picked":["Double Energy","Beam Cell","Melter"],"picked":"SKIP","floor":10},{"not_picked":["Rebound","Hologram","Ball Lightning"],"picked":"SKIP","floor":12},{"not_picked":["Steam","Beam Cell"],"picked":"Loop","floor":14},{"not_picked":["All For One","Fission"],"picked":"Reboot","floor":16},{"not_picked":["Beam Cell","Streamline+1"],"picked":"Ball Lightning","floor":18},{"not_picked":["Gash","Hologram"],"picked":"Loop+1","floor":19},{"not_picked":["Hologram+1","Leap+1"],"picked":"Ball Lightning","floor":22},{"not_picked":["Streamline","Rebound"],"picked":"Glacier","floor":23},{"not_picked":["Darkness+1","Ball Lightning","Amplify"],"picked":"SKIP","floor":24}],"player_experience":353096,"relics_obtained":[{"floor":9,"key":"Blood Vial"},{"floor":10,"key":"Orichalcum"},{"floor":12,"key":"MawBank"},{"floor":14,"key":"Bag of Preparation"},{"floor":23,"key":"Bag of Marbles"},{"floor":26,"key":"Bottled Lightning"},{"floor":27,"key":"Vajra"}],"event_choices":[{"damage_healed":0,"gold_gain":100,"player_choice":"Pray","damage_taken":0,"max_hp_gain":0,"max_hp_loss":0,"event_name":"Golden Shrine","floor":4,"gold_loss":0},{"damage_healed":0,"gold_gain":0,"player_choice":"Donut","damage_taken":0,"max_hp_gain":5,"max_hp_loss":0,"event_name":"Big Fish","floor":7,"gold_loss":0},{"cards_removed":["Strike_B"],"damage_healed":0,"gold_gain":0,"player_choice":"Upgrade and Remove","damage_taken":0,"max_hp_gain":0,"max_hp_loss":0,"event_name":"Designer","floor":20,"gold_loss":90,"cards_upgraded":["Defend_B"]}],"is_beta":false,"boss_relics":[{"not_picked":["Runic Dome","Fusion Hammer"],"picked":"Nuclear Battery"}],"items_purged_floors":[13,21],"is_endless":false,"potions_floor_spawned":[2,5,16,22,24],"killed_by":"Gremlin Leader","ascension_level":3}}