{"host":"5s7sm4h73jkd9266","time":1613076993,"event":{"mods":["AchievementEnabler","Bartender","BaseMod","Better Vampires","BetterRewards","Colored Map","Colored Powertips","Conspire","Downfall","Energized Spire","Hermit","Hubris","Magitek Elite","Minty Spire (QoL Compilation)","Potion Indicator Mod","Rare Cards Sparkle","Shop Mod","StSLib","The Blue Laboratory","The Necromancer","The Witch","Virulent Crown","everything is the same but u backflip on backflip","slay the spire mod where everything is the same but ironclad has a cowboy hat"],"gold_per_floor":[131,131,131,166,205,205,257,257,281,333,283,356,15,66,66,167,167,147,204,204,31,33,33],"floor_reached":22,"language":"ENG","playtime":1427,"items_purged":[],"score":544,"play_id":"cc8de3cf-2b0f-4f0f-a8ce-997a0e492ae4","local_time":"20210211155633","is_ascension_mode":true,"campfire_choices":[{"data":"Zap","floor":6.0,"key":"SMITH"},{"data":"Bandage Up","floor":8.0,"key":"SMITH"},{"data":"Loop","floor":15.0,"key":"SMITH"}],"circlet_count":0,"master_deck":["AscendersBane","Strike_B","Strike_B","Strike_B","Strike_B","Defend_B","Defend_B","Defend_B","Defend_B","Dualcast","Bandage Up+1","Self Repair","Rainbow","HandOfGreed","Self Repair","Undo","Chill","Sweeping Beam","Loop+1","Turbo","conspire:SpireCoStock","Stack","Coolheaded","Sunder","Steam","Step_Of_The_Wind","SummonToadFamiliar","hubris:DuctTapeCard","conspire:Banana","Pommel Strike","Shame"],"relics":["Cracked Core","Cleaning_Rag","hubris:Icosahedron","CultistMask","Ancient Tea Set","hubris:TenFootPole","Strawberry","PrismaticShard","hubris:Backtick","hubris:DuctTape","conspire:GlowingRock","Lee\u0027s Waffle"],"acts_visited":["Exordium","TheCity"],"potions_floor_usage":[],"damage_taken":[{"damage":7.0,"enemies":"Small Slimes","floor":1.0,"turns":3.0},{"damage":0.0,"enemies":"conspire:RoseBush","floor":4.0,"turns":3.0},{"damage":0.0,"enemies":"Cultist","floor":5.0,"turns":3.0},{"damage":6.0,"enemies":"Lagavulin","floor":7.0,"turns":4.0},{"damage":28.0,"enemies":"Gremlin Nob","floor":10.0,"turns":4.0},{"damage":13.0,"enemies":"conspire:2 RoseBushes","floor":12.0,"turns":4.0},{"damage":0.0,"enemies":"Large Slime","floor":14.0,"turns":4.0},{"damage":7.0,"enemies":"The Guardian","floor":16.0,"turns":9.0},{"damage":30,"enemies":"2 Thieves","floor":18,"turns":4},{"damage":21,"enemies":"Spheric Guardian","floor":19,"turns":5},{"damage":90,"enemies":"Chosen and Byrds","floor":22,"turns":7}],"seed_played":"1199694809612758958","potions_obtained":[{"floor":4.0,"key":"blueLaboratory:CoolantVial"},{"floor":5.0,"key":"BlessingOfTheForge"},{"floor":12.0,"key":"blueLaboratory:FruitPunch"},{"floor":14.0,"key":"AttackPotion"}],"is_trial":false,"path_per_floor":["M","?","?","M","M","R","E","R","T","E","?","M","$","M","R","B",null,"M","M","?","$","M"],"character_chosen":"DEFECT","items_purchased":["Bandage Up","Self Repair","Cleaning_Rag","Rainbow","HandOfGreed","Self Repair","Undo","PrismaticShard","Coolheaded","Sunder","Steam","Lee\u0027s Waffle"],"campfire_rested":0,"item_purchase_floors":[0,0,0,0,0,0,0,13,13,13,13,21],"current_hp_per_floor":[47,47,47,58,71,71,71,71,71,63,63,63,63,80,80,80,80,63,62,62,87,0,0],"gold":33,"neow_bonus":"","is_daily":false,"chose_seed":false,"campfire_upgraded":3,"win_rate":0.0,"timestamp":1613076993,"path_taken":["M","?","?","?","M","R","E","R","T","E","?","M","$","M","R","BOSS","BOSS","M","M","?","$","M"],"items_purchased_type":["Card","Card","Relic","Card","Card","Card","Card","Relic","Card","Card","Card","Relic"],"build_version":"2020-12-22","purchased_purges":0,"victory":false,"max_hp_per_floor":[71,71,71,71,71,71,71,71,71,78,78,78,78,80,80,80,80,80,80,80,87,88,88],"card_choices":[{"not_picked":["Rebound","Redo"],"picked":"Beam Cell","floor":1.0},{"not_picked":["Leap","Cold Snap"],"picked":"Chill","floor":4.0},{"not_picked":["Stack","Steam"],"picked":"Sweeping Beam","floor":5.0},{"not_picked":["Sunder","Cold Snap"],"picked":"Loop","floor":7.0},{"not_picked":["Rebound","Barrage"],"picked":"Turbo","floor":10.0},{"not_picked":["Amplify","Sweeping Beam"],"picked":"Stack","floor":12.0},{"not_picked":["sneckomod:SoulDraw","champ:FaceSlap"],"picked":"Step_Of_The_Wind","floor":14.0},{"not_picked":["Reboot","Twitch"],"picked":"SummonToadFamiliar","floor":16.0},{"not_picked":["hexamod:GhostLash","WindmillStrike"],"picked":"conspire:Banana","floor":18},{"not_picked":["Finisher","Thunder_P"],"picked":"Pommel Strike","floor":19}],"player_experience":5547611,"relics_obtained":[{"floor":7.0,"key":"Ancient Tea Set"},{"floor":9.0,"key":"hubris:TenFootPole"},{"floor":10.0,"key":"Strawberry"}],"event_choices":[{"damage_healed":0.0,"max_hp_gain":0.0,"max_hp_loss":0.0,"gold_gain":0.0,"event_name":"FaceTrader","player_choice":"Trade","floor":3.0,"gold_loss":0.0,"damage_taken":0.0,"relics_obtained":["CultistMask"]},{"damage_healed":0.0,"max_hp_gain":0.0,"max_hp_loss":0.0,"gold_gain":0.0,"event_name":"conspire:Investor","player_choice":"Invest 1","floor":11.0,"gold_loss":0.0,"damage_taken":0.0},{"damage_healed":0,"gold_gain":0,"player_choice":"Stole Relic","damage_taken":0,"relics_obtained":["conspire:GlowingRock"],"max_hp_gain":0,"max_hp_loss":0,"event_name":"Addict","floor":20,"gold_loss":0,"cards_obtained":["Shame"]}],"is_beta":false,"boss_relics":[{"not_picked":["conspire:RoyalGoblet","Fusion Hammer"],"picked":"hubris:Backtick"}],"items_purged_floors":[],"is_endless":false,"potions_floor_spawned":[4,5,12,14],"killed_by":"Chosen and Byrds","ascension_level":17}}