{"host":"dscols65uipasqd2","time":1613017470,"event":{"mods":["2.2 Compatiblity","AchievementEnabler","Aspiration","BaseMod","Colored Powertips","Downfall","Energized Spire","GifTheSpireLib","Hermit","Hubris","Infinite Spire","JesterMod","Jorbs\u0027s Wanderer Trilogy","Marisa????????","Minty Spire (QoL Compilation)","Rare Cards Sparkle","Replay The Spire","StSLib","Stuff the Spire","The Cursed","The Disciple","The Hierophant","The Judge","The Jungle","The Runesmith","TheFirefly"],"gold_per_floor":[99,99,99,99,112,12,38,66,82,82,82,115,15,28,42,146,146,146,165,181,281,281,281,307,307,307,321,334,334,334,334],"floor_reached":29,"language":"ENG","playtime":1545,"items_purged":[],"score":323,"play_id":"4006e413-bf86-4c6a-88f8-f62dbb9b64f2","local_time":"20210210232430","is_ascension_mode":true,"campfire_choices":[{"floor":1,"key":"RECALL"},{"data":"sneckomod:Unknown","floor":6,"key":"SMITH"},{"floor":11,"key":"REST"},{"floor":13,"key":"REST"},{"data":"sneckomod:UnendingSupply","floor":25,"key":"SMITH"}],"circlet_count":0,"master_deck":["sneckomod:Strike+1","sneckomod:Strike+1","sneckomod:Defend+1","sneckomod:Defend+1","sneckomod:Defend+1","sneckomod:TailWhip","sneckomod:SnekBite+1","sneckomod:Unknown+1","sneckomod:Unknown","sneckomod:UnknownBlock","sneckomod:WideSting+1","sneckomod:DiceCrush","sneckomod:DiceBlock","sneckomod:Restock","sneckomod:UnknownUncommonSkill","sneckomod:QuickBite","sneckomod:UnknownCommonSkill","sneckomod:ImprovisedAttack","sneckomod:UnknownRarePower","sneckomod:UnendingSupply+1","sneckomod:IronFang+1","Slimebound:CheckThePlaybook","downfall:Icky","sneckomod:QuickMove","sneckomod:UnknownUncommonAttack+1"],"relics":["sneckomod:SneckoSoul","downfall:HeartsMalice","downfall:HeartBlessingRed","Blue Doll","StuffTheSpire:Barrel","downfall:HeartBlessingBlue","bronze:MakeshiftBattery","Whetstone"],"acts_visited":["Exordium","TheCity"],"potions_floor_usage":[16,26,26,28,29,29],"damage_taken":[{"damage":0,"enemies":"Cultist","floor":2,"turns":1},{"damage":0,"enemies":"2 Louse","floor":3,"turns":1},{"damage":0,"enemies":"Small Slimes","floor":4,"turns":1},{"damage":0,"enemies":"3 Louse","floor":5,"turns":2},{"damage":32,"enemies":"Lagavulin","floor":8,"turns":7},{"damage":1,"enemies":"Exordium Wildlife","floor":9,"turns":3},{"damage":20,"enemies":"Gremlin Nob","floor":12,"turns":4},{"damage":0,"enemies":"2 Fungi Beasts","floor":14,"turns":2},{"damage":15,"enemies":"3 Louse","floor":15,"turns":4},{"damage":35,"enemies":"WA_ARCHETYPE_RETAIN","floor":16,"turns":3},{"damage":0,"enemies":"Spheric Guardian","floor":19,"turns":3},{"damage":6,"enemies":"Snake Plant","floor":20,"turns":3},{"damage":0,"enemies":"Centurion and Healer","floor":26,"turns":1},{"damage":7,"enemies":"Chosen and Byrds","floor":27,"turns":6},{"damage":27,"enemies":"Snecko","floor":28,"turns":3},{"damage":61,"enemies":"Gremlin Leader","floor":29,"turns":5}],"seed_played":"-4761052751253188241","potions_obtained":[{"floor":8,"key":"SmokeBomb"},{"floor":9,"key":"SpeedPotion"},{"floor":12,"key":"Death Potion"},{"floor":20,"key":"Fire Potion"},{"floor":27,"key":"Ancient Potion"},{"floor":28,"key":"hexamod:SoulburnPotion"}],"is_trial":false,"path_per_floor":["R","M","M","M","M","R","T","E","M","?","R","E","R","M","M","B",null,"R","M","M","?","?","?","T","R","M","M","M","E"],"character_chosen":"THE_SNECKO","items_purchased":[],"campfire_rested":2,"item_purchase_floors":[],"current_hp_per_floor":[90,90,90,90,90,90,90,58,57,57,84,64,100,100,93,70,93,93,93,87,87,87,87,87,87,87,80,53,0,0,0],"gold":334,"neow_bonus":"THREE_ENEMY_KILL","is_daily":false,"chose_seed":false,"campfire_upgraded":2,"win_rate":0.0,"timestamp":1613017470,"path_taken":["R","M","M","M","M","R","T","E","?","?","R","E","R","M","M","BOSS","R","M","M","?","?","?","T","R","M","?","M","E"],"items_purchased_type":[],"build_version":"2020-12-22","purchased_purges":0,"victory":false,"max_hp_per_floor":[90,90,90,90,90,90,90,90,90,90,90,90,100,100,100,100,100,100,100,100,100,100,100,100,100,100,100,100,100,100,100],"card_choices":[{"not_picked":["sneckomod:DiceCrush","sneckomod:DiceBoulder"],"picked":"sneckomod:UnknownBlock","floor":2},{"not_picked":["sneckomod:UnknownCommonAttack","sneckomod:DiceBlock"],"picked":"sneckomod:WideSting","floor":3},{"not_picked":["sneckomod:SoulRoll","sneckomod:UnknownDraw"],"picked":"sneckomod:DiceCrush","floor":4},{"not_picked":["sneckomod:TrashToTreasure","sneckomod:UnknownDraw"],"picked":"sneckomod:DiceBlock","floor":5},{"not_picked":["sneckomod:PureSnecko","sneckomod:UnknownUncommonAttack"],"picked":"sneckomod:Restock","floor":8},{"not_picked":["sneckomod:WideSting","sneckomod:Nope"],"picked":"sneckomod:UnknownUncommonSkill","floor":9},{"not_picked":["sneckomod:Nope","sneckomod:UnknownCommonSkill"],"picked":"sneckomod:QuickBite","floor":12},{"not_picked":["sneckomod:Nope","sneckomod:MixItUp"],"picked":"sneckomod:UnknownCommonSkill","floor":14},{"not_picked":["sneckomod:RainOfDice","sneckomod:DefensiveFlair"],"picked":"sneckomod:ImprovisedAttack","floor":15},{"not_picked":["sneckomod:Transmogrify","sneckomod:Mudshield"],"picked":"sneckomod:UnknownRarePower","floor":16},{"not_picked":["sneckomod:UnknownUncommonAttack","sneckomod:UnknownUncommonSkill"],"picked":"sneckomod:UnendingSupply","floor":19},{"not_picked":["sneckomod:RainOfDice+1","sneckomod:UnknownClassMARISA_COLOR"],"picked":"sneckomod:IronFang+1","floor":20},{"not_picked":["sneckomod:Nope","sneckomod:UnknownExhaust"],"picked":"sneckomod:QuickMove","floor":27},{"not_picked":["sneckomod:SnakeSap","sneckomod:Memorize"],"picked":"sneckomod:UnknownUncommonAttack+1","floor":28}],"player_experience":628235,"relics_obtained":[{"floor":8,"key":"Blue Doll"},{"floor":12,"key":"StuffTheSpire:Barrel"},{"floor":24,"key":"Whetstone"}],"event_choices":[{"damage_healed":0,"gold_gain":0,"player_choice":"Ignored","damage_taken":0,"max_hp_gain":0,"max_hp_loss":0,"event_name":"Ghosts","floor":23,"gold_loss":0}],"is_beta":false,"boss_relics":[{"not_picked":["energizedSpire:RedRose","Snecko Eye"],"picked":"bronze:MakeshiftBattery"}],"items_purged_floors":[],"is_endless":false,"potions_floor_spawned":[8,9,12,20,27,28],"killed_by":"Gremlin Leader","ascension_level":5}}