{"host":"d61fcf2p3sjwe6yo","time":1613050333,"event":{"mods":["Act Like it!","BaseMod","Colored Map","Gensokyo","Koishi","Marisa????????","Minty Spire (QoL Compilation)","Reimu??????","StSLib","SuperFastMode","The Servant 0.9.4"],"gold_per_floor":[109,59,77,93,93,93,123,135,158,158,177,212,212,249,249,323,323,333,333,165,175,22,22,63,63,86,95,120,120,137,166,166,240,240,265,265,165,183,196,238,250,291,351,363,390,402,185,128,128,128,128,128,128,29,68,68],"floor_reached":57,"language":"ENG","playtime":3042,"items_purged":["Defend_MRS","Shame"],"score":2777,"play_id":"faedc49f-b791-4eaf-ac2d-336f2044554c","local_time":"20210211163212","is_ascension_mode":true,"campfire_choices":[{"floor":6,"key":"REST"},{"floor":10,"key":"REST"},{"data":"SprinkleStarSeal","floor":13,"key":"SMITH"},{"data":"MilkyWay","floor":15,"key":"SMITH"},{"data":"MillisecondPulsars","floor":23,"key":"SMITH"},{"data":"MilkyWay","floor":25,"key":"SMITH"},{"data":"EnergyFlow","floor":29,"key":"SMITH"},{"data":"Acceleration","floor":32,"key":"SMITH"},{"data":"Acceleration","floor":41,"key":"SMITH"},{"data":"ShootTheMoon","floor":44,"key":"SMITH"},{"floor":46,"key":"REST"},{"floor":49,"key":"RECALL"},{"data":"MagicAbsorber","floor":53,"key":"SMITH"}],"circlet_count":0,"master_deck":["AscendersBane","MasterSpark+1","UpSweep+1","MilkyWay+1","Gensokyo:BlessingOfVigor+1","FairyDestructionRay+1","MilkyWay+1","MillisecondPulsars+1","Acceleration+1","EnergyFlow+1","SprinkleStarSeal+1","ShootTheMoon+1","Acceleration+1","GalacticHalo+1","TreasureHunter","MagicAbsorber+1","PowerUp+1","MilkyWay+1","ChargingUp+1","Acceleration+1","ChargingUp+1"],"relics":["MiniHakkero","Whetstone","MealTicket","CeramicFish","SlaversCollar","SimpleLauncher","Letter Opener","Bag of Marbles","Kunai","Runic Dome","MawBank","Toxic Egg 2","Ancient Tea Set","Pen Nib","Omamori","Toolbox","White Beast Statue","Happy Flower"],"acts_visited":["Gensokyo:Gensokyo","Gensokyo:Gensokyoer","Gensokyo:Gensokyoest","TheEnding"],"potions_floor_usage":[24,28,31,40,40,50,56],"damage_taken":[{"damage":0,"enemies":"Gensokyo:Python","floor":1,"turns":3},{"damage":6,"enemies":"Gensokyo:Gryphon","floor":3,"turns":3},{"damage":0,"enemies":"Gensokyo:2_Kodama","floor":4,"turns":2},{"damage":14,"enemies":"Gensokyo:Aya","floor":7,"turns":5},{"damage":3,"enemies":"Gensokyo:VengefulSpirit","floor":8,"turns":3},{"damage":0,"enemies":"Gensokyo:LivingMonolith","floor":11,"turns":2},{"damage":0,"enemies":"Gensokyo:Cirno","floor":12,"turns":4},{"damage":0,"enemies":"Gensokyo:Mamizou","floor":14,"turns":5},{"damage":1,"enemies":"Gensokyo:Reimu","floor":16,"turns":9},{"damage":3,"enemies":"Gensokyo:CosmicMonolith","floor":18,"turns":3},{"damage":0,"enemies":"Gensokyo:Chomper","floor":21,"turns":3},{"damage":11,"enemies":"Gensokyo:Tenshi","floor":24,"turns":3},{"damage":24,"enemies":"Gensokyo:Koishi","floor":28,"turns":4},{"damage":6,"enemies":"Gensokyo:Wraith","floor":30,"turns":3},{"damage":0,"enemies":"Gensokyo:Swordslinger","floor":31,"turns":4},{"damage":26,"enemies":"Gensokyo:Kaguya","floor":33,"turns":6},{"damage":0,"enemies":"Gensokyo:3_Bats","floor":35,"turns":1},{"damage":0,"enemies":"Gensokyo:AncientGuardian","floor":38,"turns":2},{"damage":0,"enemies":"Gensokyo:AtlasGolem","floor":39,"turns":3},{"damage":0,"enemies":"Gensokyo:Doremy","floor":40,"turns":2},{"damage":12,"enemies":"Gensokyo:Marisa","floor":42,"turns":3},{"damage":14,"enemies":"Gensokyo:Sharpion","floor":45,"turns":2},{"damage":9,"enemies":"Gensokyo:Scarlet_Devils","floor":50,"turns":4},{"damage":3,"enemies":"Gensokyo:Yuyuko","floor":51,"turns":2},{"damage":0,"enemies":"Shield and Spear","floor":55,"turns":3},{"damage":76,"enemies":"The Heart","floor":56,"turns":5}],"seed_played":"-1241537583390761841","potions_obtained":[{"floor":3,"key":"PowerPotion"},{"floor":4,"key":"PowerPotion"},{"floor":14,"key":"BottledSpark"},{"floor":30,"key":"SneckoOil"},{"floor":31,"key":"BottledSpark"},{"floor":38,"key":"Swift Potion"}],"is_trial":false,"path_per_floor":["M","?","M","M","?","R","E","M","T","R","M","E","R","E","R","B",null,"M","?","$","M","COS","R","E","R","T","?","E","R","M","M","R","B",null,"M","?","$","M","M","E","R","E","T","R","M","R","$","$","R","B","B",null,"R","$","E","B",null],"character_chosen":"MARISA","items_purchased":["Acceleration","GalacticHalo","ChargingUp+1","Toolbox","PowerPotion","Acceleration+1","ColorlessPotion"],"campfire_rested":3,"item_purchase_floors":[20,20,47,47,48,54,54],"current_hp_per_floor":[45,45,39,39,5,26,12,9,9,30,30,30,30,40,40,39,70,67,67,80,80,80,80,69,69,69,69,45,45,39,39,39,13,63,63,63,78,78,78,78,78,66,66,66,52,76,80,80,80,71,71,78,78,80,80,4],"gold":68,"neow_bonus":"REMOVE_TWO","is_daily":false,"chose_seed":false,"campfire_upgraded":9,"win_rate":0.0,"timestamp":1613050332,"path_taken":["M","?","M","M","?","R","E","M","T","R","M","E","R","E","R","BOSS","M","?","$","M","COS","R","E","R","T","?","E","R","M","M","R","BOSS","M","?","$","M","M","E","R","E","T","R","M","R","?","$","R","BOSS","BOSS","R","$","E","BOSS"],"items_purchased_type":["Card","Card","Card","Relic","Potion","Card","Potion"],"build_version":"2020-12-22","purchased_purges":2,"victory":true,"max_hp_per_floor":[70,70,70,70,70,70,70,70,70,70,70,70,70,80,80,80,80,80,80,80,80,80,80,80,80,80,80,80,80,80,80,80,80,80,80,80,80,80,80,80,80,80,80,80,80,80,80,80,80,80,80,80,80,80,80,80],"card_choices":[{"not_picked":["Robbery","OneTimeOff"],"picked":"MilkyWay","floor":1},{"not_picked":["MilkyWay","DC"],"picked":"FairyDestructionRay","floor":3},{"not_picked":["GravityBeat","DC"],"picked":"MilkyWay","floor":4},{"not_picked":["NonDirectionalLaser","IllusionStar"],"picked":"MillisecondPulsars","floor":7},{"not_picked":["IllusionStar","DragonMeteor"],"picked":"Acceleration","floor":8},{"not_picked":["StarlightTyphoon","GravityBeat"],"picked":"EnergyFlow","floor":11},{"not_picked":["Occultation","AsteroidBelt"],"picked":"SprinkleStarSeal","floor":12},{"not_picked":["Occultation","AlicesGift"],"picked":"ShootTheMoon","floor":14},{"not_picked":["DarkSpark","AsteroidBelt","DoubleSpark"],"picked":"SKIP","floor":18},{"not_picked":["Acceleration","MilkyWay","GrandCross"],"picked":"SKIP","floor":21},{"not_picked":["6A","DoubleSpark"],"picked":"TreasureHunter","floor":24},{"not_picked":["NonDirectionalLaser","ManaConvection+1","DoubleSpark"],"picked":"SKIP","floor":28},{"not_picked":["RefractionSpark","UnstableBomb","ShootingEcho"],"picked":"SKIP","floor":30},{"not_picked":["WitchLeyline","WitchOfGreed"],"picked":"MagicAbsorber","floor":31},{"not_picked":["Acceleration","WitchLeyline"],"picked":"PowerUp+1","floor":35},{"not_picked":["WitchOfGreed","LuminesStrike+1","GravityBeat"],"picked":"SKIP","floor":38},{"not_picked":["WitchOfGreed","SprinkleStarSeal","AsteroidBelt"],"picked":"SKIP","floor":39},{"not_picked":["DoubleSpark+1","Robbery"],"picked":"MilkyWay+1","floor":40},{"not_picked":["GrandCross","DarkSpark","JA"],"picked":"SKIP","floor":42},{"not_picked":["LuminesStrike","EnergyRecoil+1","MeteoricShower+1"],"picked":"SKIP","floor":45},{"not_picked":["GalacticHalo+1","NonDirectionalLaser"],"picked":"ChargingUp+1","floor":55}],"player_experience":339524,"relics_obtained":[{"floor":7,"key":"Whetstone"},{"floor":9,"key":"MealTicket"},{"floor":12,"key":"CeramicFish"},{"floor":14,"key":"Pear"},{"floor":24,"key":"Letter Opener"},{"floor":28,"key":"Bag of Marbles"},{"floor":28,"key":"Kunai"},{"floor":40,"key":"MawBank"},{"floor":40,"key":"Toxic Egg 2"},{"floor":42,"key":"Ancient Tea Set"},{"floor":42,"key":"Pen Nib"},{"floor":43,"key":"Omamori"},{"floor":55,"key":"White Beast Statue"},{"floor":55,"key":"Happy Flower"}],"event_choices":[],"is_beta":false,"boss_relics":[{"not_picked":["Pandora\u0027s Box","Coffee Dripper"],"picked":"SlaversCollar"},{"not_picked":["RedLine:ReiMu","Runic Pyramid"],"picked":"Runic Dome"}],"items_purged_floors":[20,37],"is_endless":false,"potions_floor_spawned":[3,4,12,14,18,30,31,38],"ascension_level":20}}