{"host":"7vnk28a2rl5r1mea","time":1613029852,"event":{"mods":["100% Spire Juice","AchievementEnabler","Act Like it!","Bard","BaseMod","Beaked The Cultist","Better Altar","Better Match","Better Note","Better Sensory Stone","Better Skull","Better Third Choice","BetterRewards","Block Reminder","ChefMod","Colored Map","Colored Powertips","Conspire","DeckTracker","Downfall","GifTheSpireLib","GungeonMod","Halation","Hermit","Hubris","Infinite Spire","Jedi Mod","Jorbs\u0027s Wanderer Trilogy","Marked Mod","Mimic Mod","Minty Spire (QoL Compilation)","Replay The Spire","Robot Space Explorer","Shade Mod","Spicy Shops","StSLib","The Blackbeard","The Cursed","The Hierophant","The Judge","The Jungle","The Marked","The Mystic","The Runesmith","TheBandit","Unceasing Turn Reminder","Wandering Minibosses","everything is the same but u backflip on backflip"],"gold_per_floor":[116,65,79,79,79,79,117,117,117,143,16,34,75,95,95,223,223,244,244,244,244,257,257,257],"floor_reached":23,"language":"ENG","playtime":630,"items_purged":["RobotSpaceExplorer:Strike"],"score":247,"play_id":"438966cd-18be-4990-9b4a-29dcfc3a984b","local_time":"20210211155052","is_ascension_mode":false,"campfire_choices":[{"data":"RobotSpaceExplorer:BigMissile","floor":6,"key":"SMITH"},{"data":"RobotSpaceExplorer:PlasmaMissile","floor":8,"key":"SMITH"},{"data":"RobotSpaceExplorer:PlasmaMissile","floor":15,"key":"SMITH"}],"circlet_count":0,"master_deck":["RobotSpaceExplorer:Strike","RobotSpaceExplorer:Strike","RobotSpaceExplorer:Strike","RobotSpaceExplorer:Defend","RobotSpaceExplorer:Defend","RobotSpaceExplorer:Defend","RobotSpaceExplorer:Scan","RobotSpaceExplorer:MiniLasers","RobotSpaceExplorer:PlasmaMissile+1","RobotSpaceExplorer:FrostMissile","RobotSpaceExplorer:BigMissile+1","RobotSpaceExplorer:PlasmaMissile+1","RobotSpaceExplorer:TurboDodge+1","RobotSpaceExplorer:MetalStrike","RobotSpaceExplorer:DroneSwarm+1","RobotSpaceExplorer:Discharger","RobotSpaceExplorer:ShovelStrike"],"relics":["RobotSpaceExplorer:RoboCore","NeowsBlessing","Golden Idol","ReplayTheSpireMod:Lightbulb","Simple Rune","hubris:ToyBattleship","halation:SmartPhone","Pet Ghost","Bag of Preparation","Regal Pillow"],"acts_visited":["Exordium","TheCity"],"potions_floor_usage":[13,13],"damage_taken":[{"damage":0,"enemies":"conspire:RoseBush","floor":1,"turns":1},{"damage":0,"enemies":"Small Slimes","floor":3,"turns":1},{"damage":0,"enemies":"Lagavulin","floor":7,"turns":1},{"damage":0,"enemies":"2 Louse","floor":12,"turns":1},{"damage":0,"enemies":"Gremlin Nob","floor":13,"turns":3},{"damage":0,"enemies":"Red Slaver","floor":14,"turns":3},{"damage":32,"enemies":"Hexaghost","floor":16,"turns":11},{"damage":2,"enemies":"Shell Parasite","floor":18,"turns":7},{"damage":10,"enemies":"3 Byrds","floor":22,"turns":3},{"damage":11,"enemies":"Slavers","floor":23,"turns":1}],"seed_played":"4655801504731975304","potions_obtained":[{"floor":7,"key":"champ:CounterPotion"},{"floor":12,"key":"Languid Potion"},{"floor":16,"key":"ColorlessPotion"}],"is_trial":false,"path_per_floor":["M","$","M","?","?","R","E","R","T","T","$","M","E","M","R","B",null,"M","?","?","?","M","E"],"character_chosen":"RobotSpaceExplorer","items_purchased":["RobotSpaceExplorer:FrostMissile","RobotSpaceExplorer:TurboDodge+1"],"campfire_rested":0,"item_purchase_floors":[2,11],"current_hp_per_floor":[75,75,75,75,57,57,57,57,57,57,57,57,57,57,57,25,75,73,73,73,21,11,0,0],"gold":257,"neow_bonus":"THREE_ENEMY_KILL","is_daily":false,"chose_seed":false,"campfire_upgraded":3,"win_rate":0.0,"timestamp":1613029852,"path_taken":["M","$","M","?","?","R","E","R","T","?","$","?","E","M","R","BOSS","M","?","?","?","M","E"],"items_purchased_type":["Card","Card"],"build_version":"2020-12-22","purchased_purges":1,"victory":false,"max_hp_per_floor":[75,75,75,75,75,75,75,75,75,75,75,75,75,75,75,75,75,75,75,75,75,75,75,75],"card_choices":[{"not_picked":["RobotSpaceExplorer:MetalStrike","RobotSpaceExplorer:SwiftStep"],"picked":"RobotSpaceExplorer:PlasmaMissile","floor":1},{"not_picked":["RobotSpaceExplorer:Probe","RobotSpaceExplorer:Counterblock"],"picked":"RobotSpaceExplorer:BigMissile","floor":3},{"not_picked":["RobotSpaceExplorer:FranticSearch","RobotSpaceExplorer:Counterblock"],"picked":"RobotSpaceExplorer:PlasmaMissile","floor":7},{"not_picked":["RobotSpaceExplorer:Smokescreen","RobotSpaceExplorer:Probe","RobotSpaceExplorer:Calculate"],"picked":"SKIP","floor":12},{"not_picked":["RobotSpaceExplorer:Probe","RobotSpaceExplorer:BigMissile","RobotSpaceExplorer:ShockKick"],"picked":"SKIP","floor":13},{"not_picked":["RobotSpaceExplorer:ImprovisedAttack","RobotSpaceExplorer:ToxicBomb"],"picked":"RobotSpaceExplorer:MetalStrike","floor":14},{"not_picked":["RobotSpaceExplorer:BlastShield","RobotSpaceExplorer:Exploration"],"picked":"RobotSpaceExplorer:DroneSwarm","floor":16},{"not_picked":["RobotSpaceExplorer:ShovelStrike","RobotSpaceExplorer:Electroshield"],"picked":"RobotSpaceExplorer:Discharger","floor":18},{"not_picked":["RobotSpaceExplorer:DualCore","RobotSpaceExplorer:SwiftStep"],"picked":"RobotSpaceExplorer:ShovelStrike","floor":22}],"player_experience":146209,"relics_obtained":[{"floor":7,"key":"ReplayTheSpireMod:Lightbulb"},{"floor":10,"key":"Simple Rune"},{"floor":13,"key":"hubris:ToyBattleship"}],"event_choices":[{"damage_healed":0,"gold_gain":0,"player_choice":"Take Damage","damage_taken":18,"relics_obtained":["Golden Idol"],"max_hp_gain":0,"max_hp_loss":0,"event_name":"Golden Idol","floor":5,"gold_loss":0},{"damage_healed":0,"gold_gain":0,"player_choice":"Forge","damage_taken":0,"max_hp_gain":0,"max_hp_loss":0,"event_name":"Accursed Blacksmith","floor":19,"gold_loss":0,"cards_upgraded":["RobotSpaceExplorer:DroneSwarm"]},{"damage_healed":0,"gold_gain":0,"player_choice":"Bought 0 Potions","damage_taken":0,"max_hp_gain":0,"max_hp_loss":0,"event_name":"The Woman in Blue","floor":20,"gold_loss":0},{"damage_healed":0,"gold_gain":0,"player_choice":"RE RE RE ","damage_taken":58,"relics_obtained":["Pet Ghost","Bag of Preparation","Regal Pillow"],"max_hp_gain":0,"max_hp_loss":0,"event_name":"betterSkull:BetterSkull","floor":21,"gold_loss":0,"cards_upgraded":[]}],"is_beta":false,"boss_relics":[{"not_picked":["Snecko Eye","Honey Jar"],"picked":"halation:SmartPhone"}],"items_purged_floors":[11],"is_endless":false,"potions_floor_spawned":[7,12,16],"killed_by":"Slavers","ascension_level":0}}