{"host":"23qk1co0p3p8qz56","time":1613087951,"event":{"mods":["100% Spire Juice","AchievementEnabler","Act Like it!","Arknights","BaseMod","Better Note","Better Third Choice","BetterRewards","CapriCore","Chen","Colored Map","DNKmod","Downfall","Duelist Mod","Friendly Minions","Gensokyo","Gold Saver","KinomotoSakuraMod(ñÿîVñ{?)","Koishi","LagranYue(ùfäiòNÅEåé)","Lobotomy","LobotomyExtend","Mari Mod (Legacy)","Mari\u0027s V1 Patch","MarisaÅiñ∂âJÅ@ñÇóùçπÅj","Minty Spire (QoL Compilation)","Prisma Mod","ReimuÅiîé??öÎÅj","RemiliaÅiÂQïƒ‰ª?Åj","RumiaBox-òIïƒ?ìIê_îÈ·¥éq","StSLib","The Administrix","The Alterego","The Animator","The Gatherer","The Immortal","The Senshi","Waifu the Spire","WarShipGirlsR/??è≠èóR mod","Yakumo Yukari mod","Yohane!","Yuyuko"],"gold_per_floor":[1024,1038,1069,1069,1086,1086,1086,1086,1086,1086,1047,1064,1064,1122,1122,1221,1221,1239,946,797,814,828,855,855,636,662,519,536,506,506,506,506,605,605,625,676,694,713,723,723,733,744,744,761,761,761,761],"floor_reached":46,"language":"ENG","playtime":2409,"items_purged":[],"score":542,"play_id":"72faa64b-823b-465a-a49a-066a850d9424","local_time":"20210211165911","is_ascension_mode":false,"campfire_choices":[{"data":"animator:Rider","floor":6,"key":"SMITH"},{"data":"animator:Alexander","floor":8,"key":"SMITH"},{"data":"animator:RinTohsaka","floor":13,"key":"SMITH"},{"data":"animator:SakuraMatou","floor":15,"key":"SMITH"},{"data":"animator:Berserker","floor":24,"key":"SMITH"},{"floor":30,"key":"RECALL"},{"data":"animator:Saber","floor":32,"key":"SMITH"},{"data":"animator:Illya","floor":40,"key":"SMITH"}],"circlet_count":0,"master_deck":["animator:Strike_Fate","animator:Defend_Fate","animator:Strike","animator:Strike","animator:Defend","animator:Defend","animator:Alexander+1","animator:Rider+1","animator:Illya","animator:Archer","animator:SakuraMatou+1","animator:RinTohsaka+1","animator:Assassin","animator:ShinjiMatou","animator:HigakiRinne","animator:Lancer","animator:Berserker+1","animator:RinTohsaka","animator:Lancer","animator:Saber+1","animator:ShinjiMatou","animator:Illya+1","animator:Berserker","animator:Rider"],"relics":["animator:LivingPicture","animator:TheMissingPiece","LagranYue:GuideDeadRelic","FossilizedHelix","SecretRecord","animator:PurgingStone","LagranYue:RandomDrawCardRelic","Centennial Puzzle","LetterFromLob","Blue Candle","Mango","RuthlessExorcism:ReiMu","Black Star","animator:AlchemistGlove","Thread and Needle","Ginger","Pocketwatch","Happy Flower","animator:CursedBlade","Dream Catcher","Gremlin Horn"],"acts_visited":["Exordium","TheCity","TheBeyond"],"potions_floor_usage":[16,37,41,46,46,46],"damage_taken":[{"damage":0,"enemies":"ats:Genji","floor":1,"turns":4},{"damage":0,"enemies":"Jaw Worm","floor":2,"turns":3},{"damage":0,"enemies":"Small Slimes","floor":3,"turns":3},{"damage":0,"enemies":"Red Slaver","floor":5,"turns":3},{"damage":0,"enemies":"Blue Slaver","floor":12,"turns":2},{"damage":27,"enemies":"3 Sentries","floor":14,"turns":8},{"damage":185,"enemies":"Hexaghost","floor":16,"turns":8},{"damage":13,"enemies":"Spheric Guardian","floor":18,"turns":4},{"damage":0,"enemies":"3 Byrds","floor":21,"turns":2},{"damage":17,"enemies":"Centurion and Healer","floor":22,"turns":3},{"damage":0,"enemies":"theDuelist:KaibaA2","floor":23,"turns":2},{"damage":0,"enemies":"3 Cultists","floor":28,"turns":3},{"damage":28,"enemies":"Automaton","floor":33,"turns":5},{"damage":0,"enemies":"3 Shapes","floor":35,"turns":2},{"damage":0,"enemies":"3 Darklings","floor":37,"turns":2},{"damage":0,"enemies":"Maw","floor":38,"turns":3},{"damage":0,"enemies":"Spire Growth","floor":39,"turns":2},{"damage":24,"enemies":"Writhing Mass","floor":41,"turns":3},{"damage":0,"enemies":"Sphere and 2 Shapes","floor":42,"turns":2},{"damage":0,"enemies":"3 Darklings","floor":44,"turns":2},{"damage":390,"enemies":"3 Darklings","floor":46,"turns":16}],"seed_played":"-2549096241811844951","potions_obtained":[{"floor":12,"key":"ColorlessPotion"},{"floor":22,"key":"SneckoOil"},{"floor":28,"key":"ZuzhouPotion:ReiMu"},{"floor":29,"key":"CultistPotion"},{"floor":29,"key":"ColorlessPotion"},{"floor":35,"key":"DuplicationPotion"},{"floor":39,"key":"Swift Potion"},{"floor":42,"key":"Dexterity Potion"}],"is_trial":false,"path_per_floor":["M","M","M","M","M","R","?","R","T","?","$","M","R","E","R","B",null,"M","$","?","M","M","E","R","$","T","$","M","?","R","?","R","B",null,"M","T","M","M","M","R","M","M","T","M","?","?"],"character_chosen":"THE_ANIMATOR","items_purchased":["animator:RinTohsaka","animator:AlchemistGlove","Happy Flower","animator:Lancer","animator:Saber"],"campfire_rested":0,"item_purchase_floors":[11,19,25,25,27],"current_hp_per_floor":[500,501,501,501,501,501,496,496,510,510,510,511,511,484,484,299,516,503,503,503,505,488,488,488,488,488,488,488,488,488,488,488,460,518,518,518,518,518,518,518,494,494,494,494,494,0,0],"gold":761,"neow_bonus":"RANDOM_COMMON_RELIC","is_daily":false,"chose_seed":false,"campfire_upgraded":7,"win_rate":0.0,"timestamp":1613087951,"path_taken":["M","M","M","M","M","R","?","R","T","?","$","M","R","E","R","BOSS","M","$","?","M","M","E","R","$","T","$","M","?","R","?","R","BOSS","M","?","M","M","?","R","M","M","T","M","?","?"],"items_purchased_type":["Card","Relic","Relic","Card","Card"],"build_version":"2020-12-22","purchased_purges":0,"victory":false,"max_hp_per_floor":[500,501,501,501,501,501,501,501,515,515,515,516,516,516,516,516,516,516,516,516,518,518,518,518,518,518,518,518,518,518,518,518,518,518,518,518,518,518,518,518,518,518,518,518,518,518,518],"card_choices":[{"not_picked":["animator:Priestess","animator:MumenRider"],"picked":"animator:Illya","floor":1},{"not_picked":["animator:GuildGirl","animator:Konayuki"],"picked":"animator:Archer","floor":2},{"not_picked":["animator:YaoHaDucy","animator:Cocytus"],"picked":"animator:SakuraMatou","floor":3},{"not_picked":["animator:Illya","animator:Viivi"],"picked":"animator:Assassin","floor":12},{"not_picked":["animator:Cocytus","animator:Illya"],"picked":"animator:ShinjiMatou","floor":14},{"not_picked":["animator:ChaikaTrabant","animator:Ainz"],"picked":"animator:HigakiRinne","floor":16},{"not_picked":["animator:Shion","animator:Geryuganshoop","animator:DwarfShaman+1"],"picked":"SKIP","floor":18},{"not_picked":["animator:Alexander","animator:SakuraMatou"],"picked":"animator:Lancer","floor":21},{"not_picked":["animator:Shalltear","animator:HighElfArcher"],"picked":"animator:Berserker","floor":22},{"not_picked":["animator:Archer+1","animator:Togame"],"picked":"animator:RinTohsaka","floor":23},{"not_picked":["animator:Evileye","animator:Layla+1","animator:Tatsumaki"],"picked":"SKIP","floor":28},{"not_picked":["animator:Benimaru","animator:Assassin"],"picked":"animator:Illya","floor":37},{"not_picked":["animator:Aisha","animator:Genos","animator:ChaikaBohdan"],"picked":"SKIP","floor":38},{"not_picked":["animator:Archer","animator:TukaLunaMarceau","animator:CowGirl+1"],"picked":"SKIP","floor":39},{"not_picked":["animator:Illya","animator:Archer"],"picked":"animator:Berserker","floor":41},{"not_picked":["animator:Sonic","animator:Kaijin"],"picked":"animator:Rider","floor":42},{"not_picked":["animator:ItamiYouji","animator:Laby","animator:AcuraAkari"],"picked":"SKIP","floor":44}],"player_experience":157775,"relics_obtained":[{"floor":1,"key":"LetterFromLob"},{"floor":9,"key":"Mango"},{"floor":14,"key":"RuthlessExorcism:ReiMu"},{"floor":23,"key":"Ginger"},{"floor":23,"key":"Pocketwatch"},{"floor":36,"key":"Dream Catcher"},{"floor":43,"key":"Gremlin Horn"}],"event_choices":[{"cards_removed":["animator:Defend"],"damage_healed":0,"gold_gain":0,"player_choice":"Offered Basic","damage_taken":0,"max_hp_gain":0,"max_hp_loss":0,"event_name":"Bonfire Elementals","floor":10,"gold_loss":0},{"damage_healed":0,"gold_gain":0,"player_choice":"Paid Gold","damage_taken":0,"relics_obtained":["Thread and Needle"],"max_hp_gain":0,"max_hp_loss":0,"event_name":"WeMeetAgain","floor":20,"gold_loss":149},{"damage_healed":0,"gold_gain":0,"player_choice":"Bought 2 Potions","damage_taken":0,"max_hp_gain":0,"max_hp_loss":0,"event_name":"The Woman in Blue","floor":29,"gold_loss":0},{"damage_healed":0,"gold_gain":0,"cards_transformed":["animator:Strike"],"player_choice":"Transformed","damage_taken":0,"max_hp_gain":0,"max_hp_loss":0,"event_name":"Transmorgrifier","floor":31,"gold_loss":0,"cards_obtained":["animator:ShinjiMatou"]}],"is_beta":false,"boss_relics":[{"not_picked":["Ectoplasm","Runic Dome"],"picked":"Black Star"},{"not_picked":["Cursed Key","SacredBark"],"picked":"animator:CursedBlade"}],"items_purged_floors":[],"is_endless":false,"potions_floor_spawned":[12,22,28,35,39,42],"killed_by":"3 Darklings","ascension_level":0}}