{"host":"d02vqrhhew441p6s","time":1613061471,"event":{"mods":["BaseMod","Downfall","Halation","Hubris","Infinite Spire","Minty Spire (QoL Compilation)","StSLib","The Animator","The Death Knight","The Necromancer"],"gold_per_floor":[99,99,99,99,99,162,189,206,236,250,250,103,3,3,13,13,13,13],"floor_reached":16,"language":"ENG","playtime":754,"items_purged":[],"score":96,"play_id":"09f86047-b23d-4177-8346-a2d9ea4b1afb","local_time":"20210211173751","is_ascension_mode":false,"campfire_choices":[{"floor":1,"key":"RECALL"},{"floor":13,"key":"REST"}],"circlet_count":0,"master_deck":["hexamod:Strike","hexamod:Strike","hexamod:Strike","hexamod:Strike","hexamod:Defend","hexamod:Defend","hexamod:Defend","hexamod:Defend","hexamod:Sear","hexamod:Float","hexamod:ShieldOfDarkness","hexamod:HauntingEcho","hexamod:Sear","hexamod:BurningTouch","hexamod:Incineration","hexamod:RainOfEmbers","hexamod:HexaLevel","hexamod:RetreatToShadows","hexamod:Rewind","hexamod:ChargedBarrage","expansioncontent:InvincibleStrength","hexamod:HeatMetal"],"relics":["hexamod:SpiritBrand","downfall:HeartsMalice","HornCleat","hubris:TenFootPole","hubris:MedicalManual","downfall:BrokenWingStatue","downfall:HeartBlessingRed"],"acts_visited":["Exordium"],"potions_floor_usage":[9,12,16],"damage_taken":[{"damage":0,"enemies":"2 Louse","floor":2,"turns":1},{"damage":0,"enemies":"Cultist","floor":3,"turns":1},{"damage":0,"enemies":"Small Slimes","floor":5,"turns":1},{"damage":26,"enemies":"Lagavulin Event","floor":6,"turns":7},{"damage":0,"enemies":"3 Louse","floor":8,"turns":4},{"damage":11,"enemies":"Lagavulin","floor":9,"turns":6},{"damage":14,"enemies":"Exordium Wildlife","floor":10,"turns":3},{"damage":0,"enemies":"downfall:FleeingMerchant","floor":12,"turns":4},{"damage":1,"enemies":"2 Fungi Beasts","floor":15,"turns":3},{"damage":43,"enemies":"DF_ARCHETYPE_STREAMLINE","floor":16,"turns":6}],"seed_played":"-5664598841634692543","potions_obtained":[{"floor":6,"key":"SteroidPotion"},{"floor":8,"key":"SteroidPotion"},{"floor":15,"key":"ColorlessPotion"}],"is_trial":false,"path_per_floor":["R","M","M","?","M","?","T","M","E","M","?","$","R","T","M","B"],"character_chosen":"THE_SPIRIT","items_purchased":["hexamod:ChargedBarrage","expansioncontent:InvincibleStrength"],"campfire_rested":1,"item_purchase_floors":[12,12],"current_hp_per_floor":[70,70,70,70,70,44,44,44,33,19,19,19,40,40,39,0,0,0],"gold":13,"neow_bonus":"THREE_ENEMY_KILL","is_daily":false,"chose_seed":false,"campfire_upgraded":0,"win_rate":0.0,"timestamp":1613061471,"path_taken":["R","M","M","?","?","?","T","M","E","M","?","?","R","?","M","BOSS"],"items_purchased_type":["Card","Card"],"build_version":"2020-12-22","purchased_purges":0,"victory":false,"max_hp_per_floor":[70,70,70,70,70,70,70,70,70,70,70,70,70,70,70,70,70,70],"card_choices":[{"not_picked":["hexamod:AdvancingGuard","hexamod:HeatShield"],"picked":"hexamod:ShieldOfDarkness","floor":2},{"not_picked":["hexamod:Hexaguard","hexamod:HeatMetal"],"picked":"hexamod:HauntingEcho","floor":3},{"not_picked":["hexamod:AdvancingGuard","hexamod:SwordOfDarkness"],"picked":"hexamod:BurningTouch","floor":5},{"not_picked":["hexamod:Haunt","hexamod:HauntingEcho"],"picked":"hexamod:Incineration","floor":6},{"not_picked":["hexamod:ShieldOfDarkness","hexamod:AdvancingGuard"],"picked":"hexamod:RainOfEmbers","floor":8},{"not_picked":["hexamod:FastForward","hexamod:NecessarySacrifice"],"picked":"hexamod:HexaLevel","floor":9},{"not_picked":["hexamod:SpectralAdrenaline","hexamod:BacktrackSmack"],"picked":"hexamod:RetreatToShadows","floor":10},{"not_picked":["hexamod:BacktrackSmack","hexamod:PhantomCloak"],"picked":"hexamod:Rewind","floor":12},{"not_picked":["hexamod:HeatCrush","hexamod:NightmareStrike"],"picked":"hexamod:HeatMetal","floor":15}],"player_experience":544240,"relics_obtained":[{"floor":7,"key":"hubris:TenFootPole"},{"floor":9,"key":"hubris:MedicalManual"}],"event_choices":[],"is_beta":false,"boss_relics":[],"items_purged_floors":[],"is_endless":false,"potions_floor_spawned":[6,8,15],"killed_by":"DF_ARCHETYPE_STREAMLINE","ascension_level":0}}