{"host":"29uuqgkzqd703i93","time":1613053288,"event":{"mods":["BaseMod","Minty Spire (QoL Compilation)"],"gold_per_floor":[118,118,95,171,183,218,241,241,241,3,19,31,48,64,64,159,159,176,176,243,259,276,276,14,14,41,41,101,116,129,46,46,46,46],"floor_reached":33,"language":"ENG","playtime":2184,"items_purged":[],"score":276,"play_id":"55a748ee-30d9-4563-97b0-99e74bf0a189","local_time":"20210211152128","is_ascension_mode":false,"campfire_choices":[{"floor":8,"key":"REST"},{"data":"Noxious Fumes","floor":15,"key":"SMITH"},{"floor":23,"key":"REST"},{"floor":25,"key":"REST"},{"data":"Dash","floor":27,"key":"SMITH"},{"floor":32,"key":"REST"}],"circlet_count":0,"master_deck":["Strike_G","Strike_G","Strike_G","Strike_G","Strike_G","Defend_G","Defend_G","Defend_G","Defend_G","Defend_G","Survivor","Neutralize","Bouncing Flask","Footwork","Deflect","Die Die Die","Underhanded Strike","Sucker Punch","Cloak And Dagger","Dodge and Roll","Poisoned Stab","Good Instincts","Footwork","PiercingWail","Slice","Backflip","Flying Knee","Noxious Fumes+1","Deadly Poison","Infinite Blades","Terror","Dagger Throw","Bullet Time","Sucker Punch","Well Laid Plans+1","Die Die Die","Distraction","Dash+1","Deadly Poison","Bane+1","Flying Knee","Predator+1","Sucker Punch","Setup+1","Poisoned Stab+1","Caltrops","Catalyst+1","Leg Sweep","Outmaneuver"],"relics":["Ring of the Snake","Prayer Wheel","Bag of Marbles","Pen Nib","Lantern","Velvet Choker","SsserpentHead","Thread and Needle","Omamori"],"acts_visited":["Exordium","TheCity"],"potions_floor_usage":[16,16,16,21,33,33],"damage_taken":[{"damage":2,"enemies":"2 Louse","floor":1,"turns":2},{"damage":2,"enemies":"Cultist","floor":5,"turns":4},{"damage":11,"enemies":"3 Sentries","floor":6,"turns":8},{"damage":0,"enemies":"Small Slimes","floor":11,"turns":4},{"damage":15,"enemies":"Exordium Thugs","floor":12,"turns":5},{"damage":0,"enemies":"Red Slaver","floor":13,"turns":1},{"damage":0,"enemies":"3 Louse","floor":14,"turns":2},{"damage":14,"enemies":"The Guardian","floor":16,"turns":7},{"damage":20,"enemies":"Spheric Guardian","floor":18,"turns":4},{"damage":0,"enemies":"Chosen","floor":20,"turns":5},{"damage":36,"enemies":"Centurion and Healer","floor":21,"turns":7},{"damage":0,"enemies":"Snecko","floor":22,"turns":2},{"damage":11,"enemies":"Snake Plant","floor":28,"turns":3},{"damage":6,"enemies":"Cultist and Chosen","floor":29,"turns":4},{"damage":1,"enemies":"Snecko","floor":30,"turns":5},{"damage":47,"enemies":"Champ","floor":33,"turns":13}],"seed_played":"2158531591372469079","potions_obtained":[{"floor":1,"key":"Weak Potion"},{"floor":6,"key":"Fire Potion"},{"floor":11,"key":"Poison Potion"},{"floor":20,"key":"ColorlessPotion"},{"floor":22,"key":"Energy Potion"},{"floor":29,"key":"LiquidMemories"},{"floor":30,"key":"GamblersBrew"}],"is_trial":false,"path_per_floor":["M","?","$","?","M","E","T","R","T","$","M","M","M","M","R","B",null,"M","?","M","M","M","R","$","R","T","R","M","M","M","$","R","B"],"character_chosen":"THE_SILENT","items_purchased":["Underhanded Strike","Poisoned Stab","Good Instincts","Footwork","PiercingWail","Thread and Needle","Leg Sweep","Outmaneuver"],"campfire_rested":4,"item_purchase_floors":[3,10,10,10,10,24,31,31],"current_hp_per_floor":[61,61,61,61,59,48,48,63,63,63,63,48,48,48,48,34,63,43,43,43,7,7,25,25,43,43,43,32,26,25,25,43,0,0],"gold":46,"neow_bonus":"ONE_RARE_RELIC","is_daily":false,"chose_seed":false,"campfire_upgraded":2,"win_rate":0.0,"timestamp":1613053288,"path_taken":["M","?","?","?","?","E","?","R","T","$","?","M","M","M","R","BOSS","M","?","?","M","M","R","?","R","T","R","?","M","M","$","R","BOSS"],"items_purchased_type":["Card","Card","Card","Card","Card","Relic","Card","Card"],"build_version":"2020-12-22","purchased_purges":0,"victory":false,"max_hp_per_floor":[63,63,63,63,63,63,63,63,63,63,63,63,63,63,63,63,63,63,63,63,63,63,63,63,63,63,63,63,63,63,63,63,63,63],"card_choices":[{"not_picked":["Cloak And Dagger","PiercingWail"],"picked":"Bouncing Flask","floor":1},{"not_picked":["Blade Dance","Heel Hook"],"picked":"Footwork","floor":1},{"not_picked":["Slice","Choke"],"picked":"Sucker Punch","floor":5},{"not_picked":["Outmaneuver","Riddle With Holes"],"picked":"Cloak And Dagger","floor":5},{"not_picked":["Heel Hook","Outmaneuver"],"picked":"Dodge and Roll","floor":6},{"not_picked":["Unload","Outmaneuver"],"picked":"Slice","floor":11},{"not_picked":["Dagger Spray","Acrobatics"],"picked":"Backflip","floor":11},{"not_picked":["Backflip","Cloak And Dagger"],"picked":"Flying Knee","floor":12},{"not_picked":["Outmaneuver","Flying Knee"],"picked":"Noxious Fumes","floor":12},{"not_picked":["Dodge and Roll","Heel Hook"],"picked":"Deadly Poison","floor":13},{"not_picked":["Blade Dance","Dagger Spray"],"picked":"Infinite Blades","floor":13},{"not_picked":["Malaise","Reflex"],"picked":"Terror","floor":14},{"not_picked":["Prepared","Quick Slash"],"picked":"Dagger Throw","floor":14},{"not_picked":["Glass Knife","Tools of the Trade"],"picked":"Bullet Time","floor":16},{"not_picked":["Underhanded Strike","Reflex"],"picked":"Sucker Punch","floor":18},{"not_picked":["Slice","Prepared"],"picked":"Well Laid Plans+1","floor":18},{"not_picked":["Outmaneuver","Backstab"],"picked":"Die Die Die","floor":20},{"not_picked":["Underhanded Strike","Flying Knee"],"picked":"Distraction","floor":20},{"not_picked":["PiercingWail+1","Endless Agony+1"],"picked":"Dash","floor":21},{"not_picked":["Deflect","Quick Slash+1"],"picked":"Deadly Poison","floor":21},{"not_picked":["Dagger Spray+1","Unload"],"picked":"Bane+1","floor":22},{"not_picked":["Concentrate","Dagger Spray"],"picked":"Flying Knee","floor":22},{"not_picked":["Dagger Spray","Concentrate"],"picked":"Predator+1","floor":28},{"not_picked":["Dagger Throw+1","Storm of Steel"],"picked":"Sucker Punch","floor":28},{"not_picked":["Acrobatics","Concentrate"],"picked":"Setup+1","floor":29},{"not_picked":["Setup","Bane"],"picked":"Poisoned Stab+1","floor":29},{"not_picked":["Poisoned Stab","Quick Slash"],"picked":"Caltrops","floor":30},{"not_picked":["All Out Attack","Masterful Stab"],"picked":"Catalyst+1","floor":30}],"player_experience":75929,"relics_obtained":[{"floor":6,"key":"Bag of Marbles"},{"floor":7,"key":"Pen Nib"},{"floor":9,"key":"Lantern"},{"floor":26,"key":"Omamori"}],"event_choices":[{"damage_healed":0,"gold_gain":0,"player_choice":"2 cards matched","damage_taken":0,"max_hp_gain":0,"max_hp_loss":0,"event_name":"Match and Keep!","floor":2,"gold_loss":0,"cards_obtained":["Deflect","Die Die Die"]},{"damage_healed":0,"gold_gain":76,"player_choice":"Gained Gold","damage_taken":0,"max_hp_gain":0,"max_hp_loss":0,"event_name":"Golden Wing","floor":4,"gold_loss":0},{"damage_healed":0,"gold_gain":0,"player_choice":"Trade","damage_taken":0,"relics_obtained":["SsserpentHead"],"max_hp_gain":0,"max_hp_loss":0,"event_name":"FaceTrader","floor":19,"gold_loss":0}],"is_beta":false,"boss_relics":[{"not_picked":["Busted Crown","Runic Dome"],"picked":"Velvet Choker"}],"items_purged_floors":[],"is_endless":false,"potions_floor_spawned":[1,6,11,12,20,22,29,30],"killed_by":"Champ","ascension_level":0}}