{"host":"awrw1gk2acwismlg","time":1613002749,"event":{"mods":["ATMod(阿瑾Mod)","Aspiration","BaseMod","Bestiary","Challenge The Spire","Conspire","Downfall","Energized Spire","Hermit","Jedi Mod","Marked Mod","Minty Spire (QoL Compilation)","Morshu Shopkeeper","Morshu Shopkeeper - ENHANCED","Quarter Circle Forward PUNCH!","Reliquary","Remilia_Scarlet Moed（蕾米莉亚・斯卡雷特）3.3.5","Replay The Spire","SIMod","Shop Mod","Small Relic Pack","StSLib","The Bug Knight","The Cursed","Warlord Emblem","Wide Potions","Yakumo Yukari mod","【遗物卡牌】REMEMod","篝火指南"],"gold_per_floor":[112,165,176,101,101,129,129,148,148,164,182,200,219,239,239,343,343,361,361,361],"floor_reached":19,"language":"ZHS","playtime":1599,"items_purged":["Strike_B"],"score":198,"play_id":"7296e9f6-1862-4fe2-9a0a-9806a79e668e","local_time":"20210211081909","is_ascension_mode":false,"campfire_choices":[{"data":"Hologram","floor":7,"key":"SMITH"},{"floor":15,"key":"REST"}],"circlet_count":0,"master_deck":["Strike_B","Strike_B","Strike_B","Defend_B","Defend_B","Defend_B","Defend_B","Zap","Dualcast","AT_FamilyPortrait","Capacitor","Beam Cell","Hologram+1","Go for the Eyes","Hologram","Rebound","REME_Compress","Conserve Battery","AT_HeatAcrobatics","Seek","Conserve Battery","Hologram"],"relics":["Cracked Core","REME_ComplimentaryCards","AT_ATBox","NeowsBlessing","Boot","SsserpentHead","Peace Pipe","Replay:Bottled Steam","Prayer Wheel","Replay:Bronze Core","reliquary:Boomerang"],"acts_visited":["Exordium","TheCity"],"potions_floor_usage":[16,19],"damage_taken":[{"damage":0,"enemies":"Cultist","floor":1,"turns":1},{"damage":0,"enemies":"conspire:RoseBush","floor":3,"turns":1},{"damage":0,"enemies":"Gremlin Nob","floor":6,"turns":1},{"damage":0,"enemies":"2 Louse","floor":8,"turns":3},{"damage":9,"enemies":"Exordium Wildlife","floor":10,"turns":3},{"damage":0,"enemies":"Red Slaver","floor":11,"turns":4},{"damage":9,"enemies":"HollowMod:HuskWarrior","floor":12,"turns":5},{"damage":23,"enemies":"Lots of Slimes","floor":13,"turns":4},{"damage":14,"enemies":"Gremlin Gang","floor":14,"turns":3},{"damage":39,"enemies":"The Guardian","floor":16,"turns":11},{"damage":8,"enemies":"3 Byrds","floor":18,"turns":6},{"damage":67,"enemies":"conspire:FuzzyDice","floor":19,"turns":4}],"seed_played":"-3975307416167279703","potions_obtained":[{"floor":1,"key":"Elixir"},{"floor":8,"key":"Elixir"},{"floor":12,"key":"jedi:StrikingPotion"},{"floor":16,"key":"Dexterity Potion"},{"floor":18,"key":"AttackPotion"}],"is_trial":false,"path_per_floor":["M","T","M","$","?","E","R","M","T","M","M","M","M","M","R","B",null,"M","M"],"character_chosen":"DEFECT","items_purchased":[],"campfire_rested":1,"item_purchase_floors":[],"current_hp_per_floor":[75,75,75,75,75,75,75,75,75,66,66,57,34,20,42,3,75,67,0,0],"gold":361,"neow_bonus":"THREE_ENEMY_KILL","is_daily":false,"chose_seed":false,"campfire_upgraded":1,"win_rate":0.0,"timestamp":1613002749,"path_taken":["M","?","M","$","?","E","R","M","T","M","M","M","M","M","R","BOSS","M","M"],"items_purchased_type":[],"build_version":"2020-12-22","purchased_purges":1,"victory":false,"max_hp_per_floor":[75,75,75,75,75,75,75,75,75,75,75,75,75,75,75,75,75,75,75,75],"card_choices":[{"not_picked":["REME_Whirling","Panic Button"],"picked":"Capacitor","floor":1},{"not_picked":["jedi:reiji","Blizzard"],"picked":"Beam Cell","floor":3},{"not_picked":["Panic Button","jedi:BurstLightning"],"picked":"Hologram","floor":6},{"not_picked":["Cold Snap","Panic Button"],"picked":"Go for the Eyes","floor":8},{"not_picked":["Ball Lightning","ReplaySort"],"picked":"Hologram","floor":10},{"not_picked":["Ball Lightning","AT_ThunderBolt"],"picked":"Rebound","floor":11},{"not_picked":["ReplayTheSpireMod:Omega Cannon","Hologram"],"picked":"REME_Compress","floor":12},{"not_picked":["Consume","Sweeping Beam"],"picked":"Conserve Battery","floor":13},{"not_picked":["jedi:BurstLightning","Sweeping Beam"],"picked":"AT_HeatAcrobatics","floor":14},{"not_picked":["jedi:darknesscall","Multi-Cast"],"picked":"Seek","floor":16},{"not_picked":["Leap","jedi:hex"],"picked":"Conserve Battery","floor":18},{"not_picked":["AT_RobotInSpace","Coolheaded+1"],"picked":"Hologram","floor":18}],"player_experience":95754,"relics_obtained":[{"floor":2,"key":"Boot"},{"floor":6,"key":"Peace Pipe"},{"floor":9,"key":"Replay:Bottled Steam"}],"event_choices":[{"damage_healed":0,"gold_gain":0,"player_choice":"Trade","damage_taken":0,"relics_obtained":["SsserpentHead"],"max_hp_gain":0,"max_hp_loss":0,"event_name":"FaceTrader","floor":5,"gold_loss":0}],"is_beta":false,"boss_relics":[{"not_picked":["Calling Bell","jedi:battlestandard"],"picked":"Replay:Bronze Core"}],"items_purged_floors":[4],"is_endless":false,"potions_floor_spawned":[1,8,12,13,16,18],"killed_by":"conspire:FuzzyDice","ascension_level":0}}