{"host":"7qoz5gmva6til3yp","time":1613049528,"event":{"mods":["2.2 Compatiblity","Astrologer","BaseMod","Minty Spire (QoL Compilation)","StSLib","SuperFastMode","The Poker Player"],"gold_per_floor":[112,112,130,205,205,205,246,246,272,286,158,158,176,190,190,311,311,335,335,335,335],"floor_reached":20,"language":"KOR","playtime":411,"items_purged":["Strike_G"],"score":275,"play_id":"306edb24-a00e-4d43-815a-fd5ca72c4c0e","local_time":"20210211221848","is_ascension_mode":true,"campfire_choices":[{"data":"Bouncing Flask","floor":6.0,"key":"SMITH"},{"floor":8.0,"key":"REST"},{"data":"Survivor","floor":12.0,"key":"SMITH"},{"data":"Burst","floor":15.0,"key":"SMITH"}],"circlet_count":0,"master_deck":["AscendersBane","Strike_G","Strike_G+1","Defend_G","Defend_G","Defend_G","Defend_G","Survivor+1","Neutralize+1","Venomology","All Out Attack","Bouncing Flask+1","Backflip","Poisoned Stab","PiercingWail","Burst+1","Blur","Wraith Form v2+1","Bane+1","Flying Knee+1","Tactician+1","Backflip"],"relics":["Ring of the Snake","Golden Idol","Shuriken","Whetstone","Lantern","Astrolabe"],"acts_visited":["Exordium","TheCity"],"potions_floor_usage":[],"damage_taken":[{"damage":3.0,"enemies":"Cultist","floor":1.0,"turns":5.0},{"damage":1.0,"enemies":"2 Louse","floor":3.0,"turns":4.0},{"damage":30.0,"enemies":"Lagavulin","floor":7.0,"turns":4.0},{"damage":4.0,"enemies":"Small Slimes","floor":10.0,"turns":2.0},{"damage":1.0,"enemies":"3 Louse","floor":13.0,"turns":3.0},{"damage":6.0,"enemies":"Lots of Slimes","floor":14.0,"turns":2.0},{"damage":15.0,"enemies":"Hexaghost","floor":16.0,"turns":9.0},{"damage":31,"enemies":"3 Byrds","floor":18,"turns":7},{"damage":22,"enemies":"Spheric Guardian","floor":20,"turns":4}],"seed_played":"7476774548897719947","potions_obtained":[{"floor":7.0,"key":"Regen Potion"},{"floor":18,"key":"SpeedPotion"}],"is_trial":false,"path_per_floor":["M","?","M","?","?","R","E","R","T","M","$","R","M","M","R","B",null,"M","?","M"],"character_chosen":"THE_SILENT","items_purchased":["PiercingWail"],"campfire_rested":1,"item_purchase_floors":[11],"current_hp_per_floor":[60,60,59,48,41,41,11,30,30,35,35,35,34,28,28,13,52,21,21,0,0],"gold":335,"neow_bonus":"ONE_RANDOM_RARE_CARD","is_daily":false,"chose_seed":false,"campfire_upgraded":3,"win_rate":0.0,"timestamp":1613049528,"path_taken":["M","?","M","?","?","R","E","R","T","M","$","R","M","M","R","BOSS","M","?","?"],"items_purchased_type":["Card"],"build_version":"2020-12-22","purchased_purges":1,"victory":false,"max_hp_per_floor":[70,65,65,65,65,65,65,65,65,65,65,65,65,65,65,65,65,65,65,65,65],"card_choices":[{"not_picked":["Flying Knee","Expertise"],"picked":"All Out Attack","floor":1.0},{"not_picked":["Leg Sweep","Poisoned Stab"],"picked":"Bouncing Flask","floor":3.0},{"not_picked":["Underhanded Strike","Caltrops"],"picked":"Backflip","floor":7.0},{"not_picked":["Dagger Spray","Flechettes"],"picked":"Poisoned Stab","floor":10.0},{"not_picked":["Poisoned Stab","Backflip"],"picked":"Burst","floor":13.0},{"not_picked":["Choke","Bouncing Flask"],"picked":"Blur","floor":14.0},{"not_picked":["Envenom","Unload"],"picked":"Wraith Form v2","floor":16.0},{"not_picked":["Well Laid Plans","Prepared"],"picked":"Backflip","floor":18}],"player_experience":497673,"relics_obtained":[{"floor":7.0,"key":"Whetstone"},{"floor":9.0,"key":"Lantern"}],"event_choices":[{"damage_healed":0.0,"max_hp_gain":0.0,"max_hp_loss":5.0,"gold_gain":0.0,"event_name":"Golden Idol","player_choice":"Lose Max HP","floor":2.0,"gold_loss":0.0,"damage_taken":0.0,"relics_obtained":["Golden Idol"]},{"damage_healed":0.0,"max_hp_gain":0.0,"max_hp_loss":0.0,"gold_gain":75.0,"event_name":"World of Goop","player_choice":"Gather Gold","floor":4.0,"gold_loss":0.0,"damage_taken":11.0},{"damage_healed":0.0,"max_hp_gain":0.0,"max_hp_loss":0.0,"gold_gain":0.0,"event_name":"Scrap Ooze","player_choice":"Success","floor":5.0,"gold_loss":0.0,"damage_taken":7.0,"relics_obtained":["Shuriken"]},{"damage_healed":0,"gold_gain":0,"player_choice":"Forge","damage_taken":0,"max_hp_gain":0,"max_hp_loss":0,"event_name":"Accursed Blacksmith","floor":19,"gold_loss":0,"cards_upgraded":["Wraith Form v2"]}],"is_beta":false,"boss_relics":[{"not_picked":["Sozu","Runic Dome"],"picked":"Astrolabe"}],"items_purged_floors":[11],"is_endless":false,"potions_floor_spawned":[3,7,18],"killed_by":"Spheric Guardian","ascension_level":12}}