{"host":"kg61lsvem4dxoat8","time":1613021754,"event":{"mods":["AchievementEnabler","BaseMod","Better Altar","Better Match","Better Sensory Stone","Better Skull","Block Reminder","Highlight Path","Minty Spire (QoL Compilation)","Quick Restart","Rare Cards Sparkle","Relic Sorter","Relic Stats","StSLib","Synergy Search","slay the spire mod where everything is the same but ironclad has a cowboy hat"],"gold_per_floor":[116,116,135,160,335,335,384,400,400,5,18,18,31,56,56,181,181,206,219,219,219,169,169,193,193,193,193,226,239,258,279,279,279,279],"floor_reached":33,"language":"ENG","playtime":569,"items_purged":["Doubt","Strike_R"],"score":429,"play_id":"8f4393c9-8782-4e76-88db-a30cbbf251b3","local_time":"20210211133554","is_ascension_mode":true,"campfire_choices":[{"data":"Spot Weakness","floor":12,"key":"SMITH"},{"data":"Impervious","floor":15,"key":"SMITH"},{"floor":23,"key":"REST"},{"floor":25,"key":"REST"},{"floor":32,"key":"REST"}],"circlet_count":0,"master_deck":["AscendersBane","Strike_R","Strike_R","Strike_R","Strike_R","Defend_R","Defend_R","Defend_R","Defend_R","Bash","Spot Weakness+1","Carnage+1","Impervious+1","Dramatic Entrance+1","Dropkick+1","Uppercut+1","CurseOfTheBell","Rampage+1","Necronomicurse","Ghostly Armor","Metallicize","Whirlwind+1"],"relics":["Burning Blood","NeowsBlessing","Golden Idol","Boot","Molten Egg 2","Membership Card","Mummified Hand","Calling Bell","Nunchaku","Self Forming Clay","StoneCalendar","Necronomicon","Omamori","Unceasing Top"],"acts_visited":["Exordium","TheCity"],"potions_floor_usage":[18,30,31,33],"damage_taken":[{"damage":0,"enemies":"Jaw Worm","floor":1,"turns":1},{"damage":0,"enemies":"2 Louse","floor":3,"turns":1},{"damage":0,"enemies":"Cultist","floor":4,"turns":1},{"damage":17,"enemies":"Looter","floor":8,"turns":3},{"damage":12,"enemies":"Exordium Wildlife","floor":11,"turns":2},{"damage":0,"enemies":"Lots of Slimes","floor":13,"turns":1},{"damage":4,"enemies":"Red Slaver","floor":14,"turns":4},{"damage":58,"enemies":"Hexaghost","floor":16,"turns":9},{"damage":25,"enemies":"Spheric Guardian","floor":18,"turns":4},{"damage":19,"enemies":"Shell Parasite","floor":19,"turns":5},{"damage":10,"enemies":"Centurion and Healer","floor":24,"turns":4},{"damage":0,"enemies":"Gremlin Leader","floor":28,"turns":3},{"damage":8,"enemies":"Snecko","floor":29,"turns":3},{"damage":36,"enemies":"Sentry and Sphere","floor":30,"turns":6},{"damage":26,"enemies":"3 Cultists","floor":31,"turns":5},{"damage":37,"enemies":"Collector","floor":33,"turns":3}],"seed_played":"-6122968921920616284","potions_obtained":[{"floor":4,"key":"DistilledChaos"},{"floor":8,"key":"GamblersBrew"},{"floor":13,"key":"SmokeBomb"},{"floor":14,"key":"PowerPotion"},{"floor":19,"key":"ColorlessPotion"},{"floor":29,"key":"PowerPotion"},{"floor":30,"key":"Fruit Juice"}],"is_trial":false,"path_per_floor":["M","?","M","M","?","?","T","M","T","$","M","R","M","M","R","B",null,"M","M","?","?","$","R","M","R","T","?","E","M","M","M","R","B"],"character_chosen":"IRONCLAD","items_purchased":["Membership Card","Mummified Hand","Dramatic Entrance+1"],"campfire_rested":3,"item_purchase_floors":[10,10,10],"current_hp_per_floor":[78,74,74,74,74,74,74,63,63,63,57,57,63,65,65,13,59,40,27,27,11,11,33,29,51,51,55,61,59,34,14,37,0,0],"gold":279,"neow_bonus":"THREE_ENEMY_KILL","is_daily":false,"chose_seed":false,"campfire_upgraded":2,"win_rate":0.0,"timestamp":1613021754,"path_taken":["M","?","M","M","?","?","?","?","T","$","M","R","M","M","R","BOSS","M","M","?","?","?","R","M","R","T","?","E","M","?","M","R","BOSS"],"items_purchased_type":["Relic","Relic","Card"],"build_version":"2020-12-22","purchased_purges":2,"victory":false,"max_hp_per_floor":[80,74,74,74,74,74,74,74,74,74,74,74,74,74,74,74,74,74,74,74,74,74,74,74,74,74,74,74,74,79,79,79,79,79],"relic_stats":{"Nunchaku":[6],"counters":[16,55],"Golden Idol":79,"Mummified Hand":[4],"Self Forming Clay":[57],"StoneCalendar":[0],"Necronomicon":[14],"Boot":[5],"obtain_stats":[{"NeowsBlessing":0,"Golden Idol":2,"Self Forming Clay":17,"StoneCalendar":17,"Omamori":26,"Boot":7,"Burning Blood":0,"Calling Bell":17,"Nunchaku":17,"Mummified Hand":10,"Molten Egg 2":9,"Necronomicon":21,"Membership Card":10,"Unceasing Top":28},{"NeowsBlessing":0,"Golden Idol":1,"Self Forming Clay":8,"StoneCalendar":8,"Omamori":11,"Boot":3,"Burning Blood":0,"Calling Bell":8,"Nunchaku":8,"Mummified Hand":4,"Molten Egg 2":4,"Necronomicon":10,"Membership Card":4,"Unceasing Top":12},{"NeowsBlessing":0,"Golden Idol":1,"Self Forming Clay":22,"StoneCalendar":22,"Omamori":35,"Boot":3,"Burning Blood":0,"Calling Bell":22,"Nunchaku":22,"Mummified Hand":6,"Molten Egg 2":6,"Necronomicon":31,"Membership Card":6,"Unceasing Top":38}],"Burning Blood":78,"Unceasing Top":[0]},"card_choices":[{"not_picked":["Perfected Strike","Combust"],"picked":"Spot Weakness","floor":1},{"not_picked":["Warcry","Body Slam","Clash"],"picked":"SKIP","floor":3},{"not_picked":["Iron Wave","Anger"],"picked":"Carnage","floor":4},{"not_picked":["Heavy Blade","Anger"],"picked":"Impervious","floor":8},{"not_picked":["Cleave+1","Flex","Clash+1"],"picked":"SKIP","floor":11},{"not_picked":["Heavy Blade+1","Power Through"],"picked":"Dropkick+1","floor":13},{"not_picked":["Infernal Blade","Armaments"],"picked":"Uppercut+1","floor":14},{"not_picked":["Pommel Strike+1","Burning Pact","Clash+1"],"picked":"SKIP","floor":18},{"not_picked":["Sever Soul+1","Battle Trance"],"picked":"Rampage+1","floor":19},{"not_picked":["Seeing Red","Flex"],"picked":"Ghostly Armor","floor":24},{"not_picked":["Dark Embrace","Shockwave"],"picked":"Metallicize","floor":28},{"not_picked":["True Grit","Carnage+1","Twin Strike+1"],"picked":"SKIP","floor":29},{"not_picked":["Offering","Armaments","Warcry"],"picked":"SKIP","floor":30},{"not_picked":["Flame Barrier","Blood for Blood+1"],"picked":"Whirlwind+1","floor":31}],"player_experience":1461585,"relics_obtained":[{"floor":7,"key":"Boot"},{"floor":9,"key":"Molten Egg 2"},{"floor":17,"key":"Nunchaku"},{"floor":17,"key":"Self Forming Clay"},{"floor":17,"key":"StoneCalendar"},{"floor":21,"key":"Necronomicon"},{"floor":26,"key":"Omamori"},{"floor":28,"key":"Unceasing Top"}],"event_choices":[{"damage_healed":0,"gold_gain":0,"player_choice":"Lose Max HP","damage_taken":0,"relics_obtained":["Golden Idol"],"max_hp_gain":0,"max_hp_loss":6,"event_name":"Golden Idol","floor":2,"gold_loss":0},{"damage_healed":0,"gold_gain":175,"player_choice":"AGREE","damage_taken":0,"max_hp_gain":0,"max_hp_loss":0,"event_name":"Liars Game","floor":5,"gold_loss":0,"cards_obtained":["Doubt"]},{"damage_healed":0,"gold_gain":0,"player_choice":"Grow","damage_taken":0,"max_hp_gain":0,"max_hp_loss":0,"event_name":"Living Wall","floor":6,"gold_loss":0,"cards_upgraded":["Carnage"]},{"damage_healed":0,"gold_gain":0,"player_choice":"Ignored","damage_taken":0,"max_hp_gain":0,"max_hp_loss":0,"event_name":"Ghosts","floor":20,"gold_loss":0},{"damage_healed":0,"gold_gain":0,"player_choice":"Obtained Book","damage_taken":16,"max_hp_gain":0,"max_hp_loss":0,"event_name":"Cursed Tome","floor":21,"gold_loss":0},{"damage_healed":4,"gold_gain":0,"player_choice":"LEAVE ","damage_taken":0,"relics_obtained":[],"max_hp_gain":0,"max_hp_loss":0,"event_name":"betterSkull:BetterSkull","floor":27,"gold_loss":0,"cards_upgraded":[]}],"is_beta":false,"boss_relics":[{"not_picked":["Empty Cage","Runic Cube"],"picked":"Calling Bell"}],"items_purged_floors":[10,22],"is_endless":false,"potions_floor_spawned":[4,8,13,14,19,29,30],"killed_by":"Collector","ascension_level":10}}