{"host":"pgqkv8mh62pnrbci","time":1613040408,"event":{"mods":["2.2 Compatiblity","AchievementEnabler","BaseMod","Custom Start","DeckTracker","Marisa£¨Ùöéë¡¡Øª×âÞÞ£©","Minty Spire (QoL Compilation)","StSLib","SuperFastMode","¡¼?Úª?ø«¡½REMEMod"],"gold_per_floor":[112,124,139,153,182,182,222,222,249,267,300,318,418,452,452,569,569,587,587,602,614,529,529,564,564,613,642,251,297,297,297,297,410,410,437,187,201,213,294,294,337,337,337,394,434,482,530,530,530,530,530],"floor_reached":50,"language":"KOR","playtime":2589,"items_purged":["Strike_MRS","Strike_MRS"],"score":873,"play_id":"a1eff438-0a60-4e4c-b4f0-4ac261650308","local_time":"20210211194648","is_ascension_mode":true,"campfire_choices":[{"data":"SprinkleStarSeal","floor":6.0,"key":"SMITH"},{"data":"UpSweep","floor":8.0,"key":"SMITH"},{"data":"MagicChant","floor":15.0,"key":"SMITH"},{"data":"SporeBomb","floor":23.0,"key":"SMITH"},{"data":"FinalSpark","floor":25.0,"key":"SMITH"},{"data":"Discovery","floor":32.0,"key":"SMITH"},{"data":"TreasureHunter","floor":40.0,"key":"SMITH"},{"data":"UltimateShortwave","floor":42.0,"key":"SMITH"},{"floor":49,"key":"RECALL"}],"circlet_count":0,"master_deck":["Strike_MRS","Strike_MRS","Defend_MRS","Defend_MRS","Defend_MRS","Defend_MRS","UpSweep+1","Bludgeon","SporeBomb+1","DarkMatter","WitchOfGreed","SprinkleStarSeal+1","AbsoluteMagnitude","DoubleSpark","FairyDestructionRay","MagicChant+1","FinalSpark+1","DoubleSpark","MagicAbsorber","DarkMatter+1","DoubleSpark","Discovery+1","ShootTheMoon","Master of Strategy","DragonMeteor+1","Necronomicurse","TreasureHunter+1","WitchOfGreed","EnergyFlow+1","UltimateShortwave+1","DoubleSpark+1","StarlightTyphoon+1","Parasite","Parasite"],"relics":["MiniHakkero","REME_ComplimentaryCards","Ginger","Ornamental Fan","Centennial Puzzle","ExperimentalFamiliar","Blood Vial","Tiny Chest","Happy Flower","REME_HourglassOfDeath","SproutingBranch","Necronomicon","Philosopher\u0027s Stone","Sling","CatCart","Molten Egg 2","ShroomBag"],"acts_visited":["Exordium","TheCity","TheBeyond"],"potions_floor_usage":[44,44,44,44,44,44,47,47,50,50,50],"damage_taken":[{"damage":0.0,"enemies":"Cultist","floor":1.0,"turns":2.0},{"damage":2.0,"enemies":"2 Louse","floor":2.0,"turns":3.0},{"damage":0.0,"enemies":"Small Slimes","floor":3.0,"turns":2.0},{"damage":0.0,"enemies":"3 Louse","floor":4.0,"turns":2.0},{"damage":18.0,"enemies":"Large Slime","floor":5.0,"turns":3.0},{"damage":0.0,"enemies":"Lagavulin","floor":7.0,"turns":3.0},{"damage":0.0,"enemies":"Blue Slaver","floor":10.0,"turns":2.0},{"damage":0.0,"enemies":"3 Louse","floor":11.0,"turns":3.0},{"damage":0.0,"enemies":"2 Fungi Beasts","floor":12.0,"turns":2.0},{"damage":8.0,"enemies":"Looter","floor":14.0,"turns":3.0},{"damage":7.0,"enemies":"Hexaghost","floor":16.0,"turns":5.0},{"damage":0.0,"enemies":"Spheric Guardian","floor":18.0,"turns":2.0},{"damage":0.0,"enemies":"3 Byrds","floor":20.0,"turns":4.0},{"damage":0.0,"enemies":"Snecko","floor":21.0,"turns":2.0},{"damage":9.0,"enemies":"Book of Stabbing","floor":24.0,"turns":3.0},{"damage":0.0,"enemies":"Slavers","floor":27.0,"turns":2.0},{"damage":0.0,"enemies":"Book of Stabbing","floor":29.0,"turns":3.0},{"damage":0.0,"enemies":"Automaton","floor":33.0,"turns":5.0},{"damage":0.0,"enemies":"3 Darklings","floor":35.0,"turns":3.0},{"damage":0.0,"enemies":"Orb Walker","floor":37.0,"turns":2.0},{"damage":16.0,"enemies":"Spire Growth","floor":38.0,"turns":3.0},{"damage":8.0,"enemies":"Orin","floor":39.0,"turns":7.0},{"damage":30.0,"enemies":"Reptomancer","floor":41.0,"turns":5.0},{"damage":5,"enemies":"3 Darklings","floor":44,"turns":3},{"damage":0,"enemies":"Jaw Worm Horde","floor":45,"turns":2},{"damage":43,"enemies":"4 Shapes","floor":47,"turns":3},{"damage":114,"enemies":"Time Eater","floor":50,"turns":7}],"seed_played":"3453598730572657544","potions_obtained":[{"floor":1.0,"key":"Explosive Potion"},{"floor":3.0,"key":"Fire Potion"},{"floor":5.0,"key":"FearPotion"},{"floor":5.0,"key":"Explosive Potion"},{"floor":7.0,"key":"StarNLove"},{"floor":10.0,"key":"Weak Potion"},{"floor":11.0,"key":"Swift Potion"},{"floor":14.0,"key":"Ancient Potion"},{"floor":16.0,"key":"Block Potion"},{"floor":18.0,"key":"ColorlessPotion"},{"floor":21.0,"key":"SteroidPotion"},{"floor":27.0,"key":"Fire Potion"},{"floor":29.0,"key":"Block Potion"},{"floor":29.0,"key":"DistilledChaos"},{"floor":33.0,"key":"SkillPotion"},{"floor":35.0,"key":"REME_GoldPotion"},{"floor":35.0,"key":"Weak Potion"},{"floor":39.0,"key":"EntropicBrew"},{"floor":41.0,"key":"Regen Potion"},{"floor":44,"key":"REME_GoldPotion"},{"floor":44,"key":"SteroidPotion"},{"floor":45,"key":"Strength Potion"},{"floor":47,"key":"Strength Potion"},{"floor":47,"key":"EssenceOfSteel"}],"is_trial":false,"path_per_floor":["M","M","M","M","M","R","E","R","T","M","M","M","?","M","R","B",null,"M","?","M","M","?","R","E","R","T","E","$","E","?","?","R","B",null,"M","$","M","M","?","R","E","R","T","M","M","T","M","?","R","B"],"character_chosen":"MARISA","items_purchased":["Discovery","ShootTheMoon","Master of Strategy","Sling"],"campfire_rested":0,"item_purchase_floors":[28,28,28,36],"current_hp_per_floor":[54,52,52,52,34,34,34,34,34,34,34,34,34,26,26,19,75,75,75,75,75,75,75,66,66,66,68,68,70,54,54,54,70,75,75,75,75,59,68,68,50,50,50,66,73,73,36,36,36,0,0],"gold":530,"neow_bonus":"ONE_RARE_RELIC","is_daily":false,"chose_seed":false,"campfire_upgraded":8,"win_rate":0.0,"timestamp":1613040408,"path_taken":["M","M","M","M","M","R","E","R","T","M","M","?","?","M","R","BOSS","M","?","M","M","?","R","E","R","T","E","$","E","?","?","R","BOSS","M","$","M","M","?","R","E","R","T","M","M","?","M","?","R","BOSS"],"items_purchased_type":["Card","Card","Card","Relic"],"build_version":"2020-12-22","purchased_purges":2,"victory":false,"max_hp_per_floor":[75,75,75,75,75,75,75,75,75,75,75,75,75,75,75,75,75,75,75,75,75,75,75,75,75,75,75,75,75,75,75,75,75,75,75,75,75,75,75,75,75,75,75,75,75,75,75,75,75,75,75],"card_choices":[{"not_picked":["SuperPerseids","OortCloud"],"picked":"SporeBomb","floor":1.0},{"not_picked":["Singularity","DoubleSpark"],"picked":"DarkMatter","floor":2.0},{"not_picked":["SporeBomb","NonDirectionalLaser"],"picked":"WitchOfGreed","floor":3.0},{"not_picked":["Acceleration","ChargeUpSpray"],"picked":"SprinkleStarSeal","floor":4.0},{"not_picked":["MysteriousBeam","BlazeAway"],"picked":"AbsoluteMagnitude","floor":5.0},{"not_picked":["DarkSpark","DC","GasGiant"],"picked":"SKIP","floor":7.0},{"not_picked":["WitchLeyline","EventHorizon"],"picked":"DoubleSpark","floor":10.0},{"not_picked":["Singularity","OneTimeOff"],"picked":"FairyDestructionRay","floor":11.0},{"not_picked":["ChargeUpSpray","AbsoluteMagnitude","DarkMatter"],"picked":"SKIP","floor":12.0},{"not_picked":["EnergyRecoil","MilkyWay"],"picked":"MagicChant","floor":14.0},{"not_picked":["CollectingQuirk","AbsoluteMagnitude"],"picked":"FinalSpark","floor":16.0},{"not_picked":["ChargeUpSpray","SporeBomb"],"picked":"DoubleSpark","floor":18.0},{"not_picked":["MachineGunSpark","GalacticHalo"],"picked":"MagicAbsorber","floor":20.0},{"not_picked":["WitchOfGreed","MilkyWay","SuperPerseids"],"picked":"SKIP","floor":21.0},{"not_picked":["ManaRampage","LuminesStrike"],"picked":"DarkMatter+1","floor":24.0},{"not_picked":["LuminesStrike+1","OpenUniverse"],"picked":"DoubleSpark","floor":27.0},{"not_picked":["MysteriousBeam","AbsoluteMagnitude"],"picked":"DragonMeteor+1","floor":29.0},{"not_picked":["SuperNova","BlazingStar"],"picked":"TreasureHunter","floor":33.0},{"not_picked":["LuminesStrike","UnstableBomb","ChargeUpSpray+1"],"picked":"SKIP","floor":35.0},{"not_picked":["DoubleSpark","MagicAbsorber","DC+1"],"picked":"SKIP","floor":37.0},{"not_picked":["WitchLeyline","LuminesStrike+1"],"picked":"WitchOfGreed","floor":38.0},{"not_picked":["AsteroidBelt","WitchOfGreed"],"picked":"EnergyFlow+1","floor":39.0},{"not_picked":["DarkSpark+1","WitchLeyline+1"],"picked":"UltimateShortwave","floor":41.0},{"not_picked":["GalacticHalo","6A+1"],"picked":"DoubleSpark+1","floor":44},{"not_picked":["OneTimeOff","AsteroidBelt+1"],"picked":"StarlightTyphoon+1","floor":45},{"not_picked":["Acceleration","MagicAbsorber+1","MilkyWay"],"picked":"SKIP","floor":47}],"player_experience":660465,"relics_obtained":[{"floor":7.0,"key":"Ornamental Fan"},{"floor":9.0,"key":"Centennial Puzzle"},{"floor":24.0,"key":"Tiny Chest"},{"floor":26.0,"key":"Happy Flower"},{"floor":27.0,"key":"REME_HourglassOfDeath"},{"floor":29.0,"key":"SproutingBranch"},{"floor":30.0,"key":"Necronomicon"},{"floor":39.0,"key":"CatCart"},{"floor":41.0,"key":"Molten Egg 2"},{"floor":46,"key":"ShroomBag"}],"event_choices":[{"damage_healed":0.0,"max_hp_gain":0.0,"max_hp_loss":0.0,"gold_gain":100.0,"event_name":"Wheel of Change","player_choice":"Gold","floor":13.0,"gold_loss":0.0,"damage_taken":0.0},{"damage_healed":0.0,"max_hp_gain":0.0,"max_hp_loss":0.0,"gold_gain":0.0,"event_name":"Vampires","player_choice":"Ignored","floor":19.0,"gold_loss":0.0,"damage_taken":0.0},{"damage_healed":0.0,"max_hp_gain":0.0,"max_hp_loss":0.0,"gold_gain":0.0,"event_name":"Addict","player_choice":"Obtained Relic","floor":22.0,"gold_loss":85.0,"damage_taken":0.0,"relics_obtained":["Blood Vial"]},{"damage_healed":0.0,"max_hp_gain":0.0,"max_hp_loss":0.0,"gold_gain":0.0,"event_name":"Cursed Tome","player_choice":"Obtained Book","floor":30.0,"gold_loss":0.0,"damage_taken":16.0},{"damage_healed":0.0,"max_hp_gain":0.0,"max_hp_loss":0.0,"gold_gain":0.0,"event_name":"Ghosts","player_choice":"Ignored","floor":31.0,"gold_loss":0.0,"damage_taken":0.0},{"damage_healed":0.0,"max_hp_gain":0.0,"max_hp_loss":0.0,"gold_gain":0.0,"event_name":"OrinTheCat","player_choice":"Fight","floor":39.0,"gold_loss":0.0,"damage_taken":0.0},{"cards_removed":["MasterSpark"],"damage_healed":0,"gold_gain":0,"player_choice":"Removed Attack","damage_taken":0,"max_hp_gain":0,"max_hp_loss":0,"event_name":"Falling","floor":48,"gold_loss":0}],"is_beta":false,"boss_relics":[{"not_picked":["REME_DemonsWealth","Astrolabe"],"picked":"ExperimentalFamiliar"},{"not_picked":["SacredBark","Runic Dome"],"picked":"Philosopher\u0027s Stone"}],"items_purged_floors":[28,36],"is_endless":false,"potions_floor_spawned":[1,3,5,10,14,18,21,27,29,35,39,44],"killed_by":"Time Eater","ascension_level":4}}