{"host":"18wi9kpcl4eah7pe","time":1613078058,"event":{"mods":["BaseMod","Colored Powertips","Downfall","Minty Spire (QoL Compilation)","StSLib"],"gold_per_floor":[99,109,109,119,119,147,147,147,19,19,19,19],"floor_reached":10,"language":"ENG","playtime":292,"items_purged":["downfall:Malfunctioning"],"score":83,"play_id":"7f7e8e25-5ee4-431a-a597-3b20294ddd5b","local_time":"20210211151418","is_ascension_mode":true,"campfire_choices":[{"floor":1,"key":"RECALL"}],"circlet_count":0,"master_deck":["bronze:Strike","bronze:Strike","bronze:Strike+1","bronze:Defend+1","bronze:Defend","bronze:Defend","bronze:Defend","bronze:Replicate","bronze:Goto","bronze:Shield+1","bronze:Separator+1","bronze:Branch","bronze:BurnOut","bronze:Repulsor"],"relics":["bronze:BronzeCore","HornCleat","Pantograph"],"acts_visited":["Exordium"],"potions_floor_usage":[6,6],"damage_taken":[{"damage":4,"enemies":"Jaw Worm","floor":2,"turns":4},{"damage":9,"enemies":"Small Slimes","floor":4,"turns":5},{"damage":29,"enemies":"Lagavulin","floor":6,"turns":6},{"damage":0,"enemies":"downfall:FleeingMerchant","floor":9,"turns":4},{"damage":66,"enemies":"Gremlin Nob","floor":10,"turns":6}],"seed_played":"-2222049885571519709","potions_obtained":[{"floor":0,"key":"SteroidPotion"},{"floor":0,"key":"FairyPotion"},{"floor":0,"key":"FearPotion"}],"is_trial":false,"path_per_floor":["R","M","?","M","?","E","T","?","$","E"],"character_chosen":"THE_AUTOMATON","items_purchased":["bronze:Repulsor"],"campfire_rested":0,"item_purchase_floors":[9],"current_hp_per_floor":[63,59,59,50,50,21,21,21,21,0,0,0],"gold":19,"neow_bonus":"THREE_SMALL_POTIONS","is_daily":false,"chose_seed":false,"campfire_upgraded":0,"win_rate":0.0,"timestamp":1613078058,"path_taken":["R","M","?","M","?","E","T","?","$","E"],"items_purchased_type":["Card"],"build_version":"2020-12-22","purchased_purges":1,"victory":false,"max_hp_per_floor":[70,70,70,70,70,70,70,70,70,70,70,70],"card_choices":[{"not_picked":["bronze:Invalidate","bronze:Deprecate"],"picked":"bronze:Shield","floor":2},{"not_picked":["bronze:ForLoop","bronze:FollowUp"],"picked":"bronze:Separator","floor":4},{"not_picked":["bronze:BugBarrage","bronze:CutThrough"],"picked":"bronze:Branch","floor":6},{"not_picked":["bronze:Shield","bronze:FineTuning"],"picked":"bronze:BurnOut","floor":9}],"player_experience":1012822,"relics_obtained":[{"floor":6,"key":"HornCleat"},{"floor":7,"key":"Pantograph"}],"event_choices":[{"damage_healed":0,"gold_gain":0,"player_choice":"Grow","damage_taken":0,"max_hp_gain":0,"max_hp_loss":0,"event_name":"Living Wall","floor":5,"gold_loss":0,"cards_upgraded":["bronze:Separator"]}],"is_beta":false,"boss_relics":[],"items_purged_floors":[9],"is_endless":false,"potions_floor_spawned":[],"killed_by":"Gremlin Nob","ascension_level":6}}