{"host":"e1y4kviho5jwd7e6","time":1613069000,"event":{"mods":["Act Like it!","Aspiration","BaseMod","Better Altar","Better Match","Better Note","Better Skull","Better Synergies","Better Third Choice","BetterRewards","CCEM2","Colored Powertips","Communication Mod","Conjunction","Conspire","Downfall","Energized Spire","Exacting","GifTheSpireLib","Hubris","Hyrulean Relics","Minty Spire (QoL Compilation)","Quarter Circle Forward PUNCH!","Replay The Spire","Small Relic Pack","Spicy Shops","StSLib","Stuff the Spire","The Blue Laboratory","Transform Curses","Uncapped"],"gold_per_floor":[117,117,131,148,104,104,130,110,135,64,64,95,95,95,95,194,194,213,224,150,168,168,209,209,129,129,155,155,155,155,174,174,278,278,295,151,169,93,126,126,126,126,126],"floor_reached":42,"language":"ENG","playtime":2193,"items_purged":[],"score":566,"play_id":"a75084e6-d523-47f0-8bf7-40ede030fe07","local_time":"20210211134320","is_ascension_mode":false,"campfire_choices":[{"data":"Dualcast","floor":6.0,"key":"SMITH"},{"floor":13.0,"key":"REST"},{"floor":15.0,"key":"REST"},{"floor":24.0,"key":"REST"},{"floor":29.0,"key":"REST"},{"floor":32.0,"key":"REST"},{"floor":40,"key":"REST"}],"circlet_count":0,"master_deck":["Zap","Dualcast+1","Time Bomb","Static Discharge+1","Electrodynamics","ReplayTheSpireMod:Faulty Equipment","ReplayTheSpireMod:Omega Cannon+1","All For One","StuffTheSpire:LaunchingStrike+1","Crystallizer","Tempest","ReplayTheSpireMod:GoodbyeWorld","BasicCrystalCard","Machine Learning"],"relics":["Cracked Core","NeowsBlessing","betterThird:SlimedRelic","qcfpunch:Unceasing_Flame","Bag of Preparation","CCEMRelics:MissingSock","qcfpunch:Dark_Gi","Mango","ReplayTheSpireMod:CursedCoin","Replay:Wax Seal","CCEMRelics:JestersCrown","CCEMRelics:IronFruit","Solar Panel","Sundial","Replay:Grab Bag","Cursed Key","energizedSpire:StickyHand","Pandora\u0027s Box","Guide Book","ReplayTheSpireMod:TigerMarble"],"acts_visited":["Exordium","TheCity","TheBeyond"],"potions_floor_usage":[42],"damage_taken":[{"damage":0.0,"enemies":"Small Slimes","floor":1.0,"turns":1.0},{"damage":0.0,"enemies":"2 Louse","floor":3.0,"turns":1.0},{"damage":0.0,"enemies":"Jaw Worm","floor":4.0,"turns":1.0},{"damage":50.0,"enemies":"Lagavulin","floor":7.0,"turns":9.0},{"damage":2.0,"enemies":"Exordium Thugs","floor":8.0,"turns":4.0},{"damage":4.0,"enemies":"Blue Slaver","floor":12.0,"turns":3.0},{"damage":53.0,"enemies":"Fading Forest","floor":16.0,"turns":11.0},{"damage":20.0,"enemies":"2 Thieves","floor":18.0,"turns":3.0},{"damage":0.0,"enemies":"Spheric Guardian","floor":19.0,"turns":3.0},{"damage":7.0,"enemies":"Chosen and Byrds","floor":21.0,"turns":2.0},{"damage":10.0,"enemies":"Snecko","floor":25.0,"turns":5.0},{"damage":48.0,"enemies":"Gremlin Leader","floor":27.0,"turns":7.0},{"damage":10.0,"enemies":"Cultist and Chosen","floor":31.0,"turns":3.0},{"damage":54.0,"enemies":"Pondfish","floor":33.0,"turns":10.0},{"damage":15.0,"enemies":"Orb Walker","floor":35.0,"turns":2.0},{"damage":16.0,"enemies":"3 Darklings","floor":37.0,"turns":2.0},{"damage":15.0,"enemies":"Spire Growth","floor":39.0,"turns":3.0},{"damage":64,"enemies":"Giant Head","floor":42,"turns":4}],"seed_played":"9081034221629005230","potions_obtained":[{"floor":7.0,"key":"blueLaboratory:HorrorPotion"},{"floor":8.0,"key":"FairyPotion"},{"floor":12.0,"key":"SteroidPotion"},{"floor":18.0,"key":"Conjunction:LightningMarble"},{"floor":21.0,"key":"PotionOfCapacity"},{"floor":33.0,"key":"FocusPotion"},{"floor":35.0,"key":"Energy Potion"}],"is_trial":false,"path_per_floor":["M","?","M","M","?","R","E","M","T","$","?","M","R","T","R","B",null,"M","M","$","M","?","$","R","M","T","E","T","R","?","M","R","B",null,"M","$","M","$","M","R","?","E"],"character_chosen":"DEFECT","items_purchased":["Static Discharge","Mango","ReplayTheSpireMod:CursedCoin","Replay:Wax Seal","CCEMRelics:JestersCrown","Guide Book","ReplayTheSpireMod:TigerMarble"],"campfire_rested":6,"item_purchase_floors":[10,20,23,23,23,36,38],"current_hp_per_floor":[75,75,75,75,64,64,14,12,12,12,12,8,30,30,52,23,49,29,29,43,36,36,36,54,44,49,1,1,21,21,15,35,10,68,59,59,49,49,40,61,61,0,0],"gold":126,"neow_bonus":"THREE_ENEMY_KILL","is_daily":false,"chose_seed":false,"campfire_upgraded":1,"win_rate":0.0,"timestamp":1613069000,"path_taken":["M","?","M","M","?","R","E","M","T","$","?","M","R","?","R","BOSS","M","M","$","M","?","?","R","M","T","E","?","R","?","M","R","BOSS","M","$","M","$","M","R","?","E"],"items_purchased_type":["Card","Relic","Relic","Relic","Relic","Relic","Relic"],"build_version":"2020-12-22","purchased_purges":0,"victory":false,"max_hp_per_floor":[75,75,75,75,75,75,75,75,75,75,75,75,75,75,75,75,49,49,49,63,63,63,63,63,63,68,68,68,68,68,68,68,68,68,70,70,70,70,70,70,70,70,70],"card_choices":[{"not_picked":["Turbo","Panic Button","StuffTheSpire:Rend"],"picked":"SKIP","floor":1.0},{"not_picked":["Fusion","Streamline"],"picked":"Time Bomb","floor":3.0},{"not_picked":["Beam Cell","conspire:Rain","Fusion"],"picked":"SKIP","floor":4.0},{"not_picked":["Redo","Sunder","ReplayGash"],"picked":"SKIP","floor":7.0},{"not_picked":["Steam","Hologram","StuffTheSpire:LoadUp"],"picked":"SKIP","floor":8.0},{"not_picked":["Reprogram","Stack","Blizzard"],"picked":"SKIP","floor":12.0},{"not_picked":["ReplayTheSpireMod:Fabricate Wheel","Multi-Cast"],"picked":"Electrodynamics","floor":16.0},{"not_picked":["Beam Cell","Leap","StuffTheSpire:Plugnplay"],"picked":"SKIP","floor":18.0},{"not_picked":["Turbo","StuffTheSpire:LoadUp","BasicCrystalCard"],"picked":"SKIP","floor":19.0},{"not_picked":["Seek","Stack","Coolheaded+1"],"picked":"SKIP","floor":21.0},{"not_picked":["Sunder+1","BasicCrystalCard","Consume"],"picked":"SKIP","floor":25.0},{"not_picked":["Streamline+1","Chaos","Undo+1"],"picked":"SKIP","floor":27.0},{"not_picked":["Coolheaded","Thunder Strike","Streamline+1"],"picked":"SKIP","floor":31.0},{"not_picked":["Hologram","Ball Lightning","Barrage+1"],"picked":"SKIP","floor":35.0},{"not_picked":["Leap+1","ReplayTheSpireMod:Calculation Training","ReplaySolidLightProjector+1"],"picked":"SKIP","floor":37.0},{"not_picked":["Barrage+1","Stack+1","BasicCrystalCard"],"picked":"SKIP","floor":39.0}],"player_experience":970671,"relics_obtained":[{"floor":7.0,"key":"qcfpunch:Unceasing_Flame"},{"floor":9.0,"key":"Bag of Preparation"},{"floor":14.0,"key":"CCEMRelics:MissingSock"},{"floor":26.0,"key":"CCEMRelics:IronFruit"},{"floor":27.0,"key":"Solar Panel"},{"floor":28.0,"key":"Sundial"}],"event_choices":[{"damage_healed":0.0,"max_hp_gain":0.0,"max_hp_loss":0.0,"gold_gain":0.0,"event_name":"betterThird:BetterGoop","player_choice":"Slimed","floor":5.0,"gold_loss":44.0,"damage_taken":11.0},{"damage_healed":0.0,"max_hp_gain":0.0,"max_hp_loss":0.0,"gold_gain":0.0,"event_name":"Living Wall","player_choice":"Grow","floor":11.0,"gold_loss":0.0,"damage_taken":0.0,"cards_upgraded":["Static Discharge"]},{"cards_removed":["Static Discharge"],"damage_healed":0.0,"max_hp_gain":0.0,"max_hp_loss":0.0,"gold_gain":0.0,"event_name":"betterNote:BetterNote","player_choice":"Give","floor":22.0,"gold_loss":0.0,"damage_taken":0.0,"cards_obtained":["Pommel Strike"]},{"damage_healed":0,"gold_gain":0,"cards_transformed":["StuffTheSpire:NuclearReactor"],"player_choice":"Transformed","damage_taken":0,"max_hp_gain":0,"max_hp_loss":0,"event_name":"Transmorgrifier","floor":41,"gold_loss":0,"cards_obtained":["Machine Learning"]}],"is_beta":false,"boss_relics":[{"not_picked":["Fusion Hammer","StuffTheSpire:Kangaroo"],"picked":"qcfpunch:Dark_Gi"},{"not_picked":["energizedSpire:SpiderWeb","aspiration:IroncladSkillbook"],"picked":"Replay:Grab Bag"},{"not_picked":["StuffTheSpire:ModemDavis","StuffTheSpire:RunicConfusion"],"picked":"Cursed Key"},{"not_picked":["Abe\u0027s Treasure","qcfpunch:Crimson_Sash"],"picked":"energizedSpire:StickyHand"},{"not_picked":["relicPack:KazumaCape","Replay:Drink Me"],"picked":"Pandora\u0027s Box"}],"items_purged_floors":[],"is_endless":false,"potions_floor_spawned":[7,8,12,21,33,35],"killed_by":"Giant Head","ascension_level":0}}