{"host":"40e4adzyl212zebh","time":1613036004,"event":{"mods":["BaseMod","Colored Map","Colored Powertips","Downfall","Minty Spire (QoL Compilation)","Quick Restart","StSLib"],"gold_per_floor":[99,119,137,153,253,253,279,299,299,331,347,390,290,315,338,450,450,450,472,498,521,606,631,680,680,680,680],"floor_reached":25,"language":"ENG","playtime":3207,"items_purged":[],"score":217,"play_id":"f13bf68d-ff04-4e48-8f5e-feb743384340","local_time":"20210211183324","is_ascension_mode":false,"campfire_choices":[{"data":"hexamod:Float","floor":1,"key":"SMITH"},{"data":"Enlightenment","floor":6,"key":"SMITH"},{"floor":9,"key":"RECALL"},{"data":"hexamod:Hexaguard","floor":13,"key":"SMITH"},{"data":"hexamod:EmpoweredFlame","floor":18,"key":"SMITH"}],"circlet_count":0,"master_deck":["hexamod:Strike+1","hexamod:Strike+1","hexamod:Strike+1","hexamod:Strike+1","hexamod:Defend+1","hexamod:Defend+1","hexamod:Defend+1","hexamod:Defend+1","hexamod:Sear+1","hexamod:Float+1","hexamod:BacktrackSmack+1","hexamod:NecessarySacrifice+1","hexamod:SoulSteal+1","hexamod:Sear+1","hexamod:NightmareGuise+1","hexamod:DynamicBlow+1","hexamod:SixthSeal","Enlightenment+1","Regret","hexamod:NightmareGuise+1","hexamod:SixthSeal","hexamod:Hexaguard+1","hexamod:SecondSeal","hexamod:SwordOfDarkness+1","hexamod:EmpoweredFlame+1","hexamod:SixthSeal","hexamod:NightmareGuise+1","hexamod:HeatShield+1","hexamod:SkipABeat","hexamod:Hexaguard"],"relics":["hexamod:SpiritBrand","downfall:GremlinSack","hexamod:MatchstickCase","Sundial","Eternal Feather","downfall:HeartBlessingRed","Runic Pyramid"],"acts_visited":["Exordium","TheCity"],"potions_floor_usage":[5,11,15,16,16,16,20,25,25,25],"damage_taken":[{"damage":0,"enemies":"2 Louse","floor":2,"turns":3},{"damage":0,"enemies":"Cultist","floor":3,"turns":3},{"damage":0,"enemies":"Jaw Worm","floor":4,"turns":3},{"damage":1,"enemies":"Jaw Worm","floor":5,"turns":3},{"damage":0,"enemies":"2 Fungi Beasts","floor":8,"turns":4},{"damage":18,"enemies":"Lagavulin","floor":10,"turns":8},{"damage":5,"enemies":"3 Louse","floor":11,"turns":3},{"damage":5,"enemies":"3 Sentries","floor":12,"turns":8},{"damage":7,"enemies":"2 Fungi Beasts","floor":14,"turns":3},{"damage":7,"enemies":"Red Slaver","floor":15,"turns":5},{"damage":20,"enemies":"IC_STATUS_ARCHETYPE","floor":16,"turns":8},{"damage":15,"enemies":"3 Byrds","floor":19,"turns":6},{"damage":18,"enemies":"Snake Plant","floor":20,"turns":5},{"damage":17,"enemies":"Snecko","floor":21,"turns":5},{"damage":5,"enemies":"Centurion and Healer","floor":23,"turns":6},{"damage":23,"enemies":"Slavers","floor":25,"turns":1}],"seed_played":"-943091113325154024","potions_obtained":[{"floor":4,"key":"Strength Potion"},{"floor":8,"key":"AttackPotion"},{"floor":10,"key":"hexamod:DoubleChargePotion"},{"floor":12,"key":"EntropicBrew"},{"floor":14,"key":"EssenceOfSteel"},{"floor":19,"key":"BlessingOfTheForge"},{"floor":20,"key":"Strength Potion"}],"is_trial":false,"path_per_floor":["R","M","M","M","?","R","T","M","R","E","M","E","R","M","M","B",null,"R","M","M","M","?","M","T","E"],"character_chosen":"THE_SPIRIT","items_purchased":[],"campfire_rested":0,"item_purchase_floors":[],"current_hp_per_floor":[77,77,77,77,76,76,76,76,76,58,53,48,60,53,46,26,77,77,62,44,27,13,8,8,0,0,0],"gold":680,"neow_bonus":"TEN_PERCENT_HP_BONUS","is_daily":false,"chose_seed":false,"campfire_upgraded":4,"win_rate":0.0,"timestamp":1613036004,"path_taken":["R","M","M","M","?","R","T","M","R","E","M","E","R","?","M","BOSS","R","M","M","M","?","M","T","E"],"items_purchased_type":[],"build_version":"2020-12-22","purchased_purges":0,"victory":false,"max_hp_per_floor":[77,77,77,77,77,77,77,77,77,77,77,77,77,77,77,77,77,77,77,77,77,77,77,77,77,77,77],"card_choices":[{"not_picked":["hexamod:NightmareStrike","hexamod:InspiringFlames"],"picked":"hexamod:BacktrackSmack","floor":2},{"not_picked":["hexamod:SwordOfDarkness","hexamod:InspiringFlames"],"picked":"hexamod:NecessarySacrifice","floor":3},{"not_picked":["hexamod:NightmareGuise","hexamod:HeatShield"],"picked":"hexamod:SoulSteal","floor":4},{"not_picked":["hexamod:ShieldOfDarkness","hexamod:StepThrough"],"picked":"hexamod:NightmareGuise","floor":5},{"not_picked":["hexamod:RetreatToShadows","hexamod:NightmareStrike"],"picked":"hexamod:SixthSeal","floor":8},{"not_picked":["hexamod:SpectersWail","hexamod:ShieldOfDarkness"],"picked":"hexamod:Hexaguard","floor":10},{"not_picked":["hexamod:HeatMetal","hexamod:ThermalTransfer"],"picked":"hexamod:SecondSeal","floor":11},{"not_picked":["hexamod:ThermalTransfer","hexamod:Rewind"],"picked":"hexamod:SwordOfDarkness","floor":12},{"not_picked":["hexamod:ThermalTransfer","hexamod:AdvancingGuard"],"picked":"hexamod:EmpoweredFlame","floor":14},{"not_picked":["hexamod:BurningTouch","hexamod:PhantomFireball","hexamod:Rewind"],"picked":"SKIP","floor":15},{"not_picked":["hexamod:UnlimitedPower","hexamod:GhostflameInferno"],"picked":"hexamod:SixthSeal","floor":16},{"not_picked":["hexamod:NightmareStrike","hexamod:BacktrackSmack+1"],"picked":"hexamod:NightmareGuise","floor":19},{"not_picked":["hexamod:ExtraCrispy","hexamod:RadiantFlame"],"picked":"hexamod:HeatShield","floor":20},{"not_picked":["hexamod:SwordOfDarkness","hexamod:GhostLash+1"],"picked":"hexamod:SkipABeat","floor":21},{"not_picked":["hexamod:CatchUp","hexamod:GhostShield"],"picked":"hexamod:Hexaguard","floor":23}],"player_experience":610153,"relics_obtained":[{"floor":5,"key":"downfall:GremlinSack"},{"floor":7,"key":"hexamod:MatchstickCase"},{"floor":10,"key":"Sundial"},{"floor":12,"key":"Eternal Feather"}],"event_choices":[],"is_beta":false,"boss_relics":[{"not_picked":["SlaversCollar","Tiny House"],"picked":"Runic Pyramid"}],"items_purged_floors":[],"is_endless":false,"potions_floor_spawned":[4,8,10,12,14,19,20],"killed_by":"Slavers","ascension_level":0}}