{"host":"m6aaltr68g9tvoay","time":1613008191,"event":{"mods":["AchievementEnabler","BaseMod","Colored Map","Downfall","Minty Spire (QoL Compilation)","Slay the Relics Exporter","StSLib"],"gold_per_floor":[99,114,127,39,49,49,49,62,62,25,56,56,72,86,100,195,195,95,115,134,134,152,170,193,193,205,205,167,198,48,64,84,187,187,187,197,247,261,271,318,318,333,233,248,248,248,268,14,31,31],"floor_reached":51,"language":"ENG","playtime":6117,"items_purged":["bronze:Strike","bronze:Strike"],"score":1036,"play_id":"cb15377c-7849-4a0b-a472-93ac4bcc23e3","local_time":"20210210174951","is_ascension_mode":true,"campfire_choices":[{"floor":1,"key":"RECALL"},{"data":"bronze:Iterate","floor":9,"key":"SMITH"},{"floor":12,"key":"REST"},{"data":"bronze:Virus","floor":18,"key":"SMITH"},{"data":"bronze:FineTuning","floor":25,"key":"SMITH"},{"floor":27,"key":"REST"},{"floor":35,"key":"REST"},{"data":"1","floor":43,"key":"LIFT"},{"floor":45,"key":"REST"}],"circlet_count":0,"master_deck":["AscendersBane","bronze:Strike","bronze:Strike","bronze:Defend","bronze:Defend","bronze:Defend","bronze:Defend","bronze:Replicate","bronze:Goto","bronze:Branch","bronze:Iterate+1","bronze:FineTuning+1","bronze:ForLoop","bronze:Boost","bronze:Frontload","bronze:ChildClass","bronze:Shield","bronze:Iterate","bronze:Terminator","bronze:Virus+1","bronze:Constructor","bronze:WhirlingStrike","bronze:ForceShield+1","bronze:Overload","bronze:FollowUp","bronze:Optimize+1","bronze:HardenedForm","CurseOfTheBell","bronze:Flail","bronze:FineTuning+1","bronze:Frontload+1","Parasite"],"relics":["expansioncontent:StudyCardRelic","GremlinMask","Anchor","Toy Ornithopter","Philosopher\u0027s Stone","downfall:HeartBlessingRed","Pen Nib","bronze:SilverBullet","Torii","Boot","Calling Bell","Orichalcum","Pantograph","champ:DuelingGlove","FossilizedHelix","Girya","downfall:HeartBlessingBlue","Oddly Smooth Stone"],"acts_visited":["Exordium","TheCity","TheBeyond"],"potions_floor_usage":[23,33,39],"damage_taken":[{"damage":5,"enemies":"2 Louse","floor":2,"turns":3},{"damage":0,"enemies":"Cultist","floor":3,"turns":3},{"damage":2,"enemies":"downfall:FleeingMerchant","floor":4,"turns":4},{"damage":10,"enemies":"Jaw Worm","floor":5,"turns":6},{"damage":5,"enemies":"3 Louse","floor":8,"turns":4},{"damage":2,"enemies":"downfall:FleeingMerchant","floor":10,"turns":4},{"damage":0,"enemies":"3 Sentries","floor":11,"turns":4},{"damage":3,"enemies":"2 Fungi Beasts","floor":13,"turns":4},{"damage":0,"enemies":"Large Slime","floor":14,"turns":5},{"damage":11,"enemies":"3 Louse","floor":15,"turns":4},{"damage":10,"enemies":"IC_STATUS_ARCHETYPE","floor":16,"turns":5},{"damage":0,"enemies":"3 Byrds","floor":19,"turns":3},{"damage":0,"enemies":"Spheric Guardian","floor":20,"turns":3},{"damage":10,"enemies":"3 Cultists","floor":22,"turns":4},{"damage":4,"enemies":"Snake Plant","floor":23,"turns":5},{"damage":5,"enemies":"Centurion and Healer","floor":26,"turns":4},{"damage":0,"enemies":"downfall:FleeingMerchant","floor":28,"turns":4},{"damage":31,"enemies":"Book of Stabbing","floor":29,"turns":6},{"damage":1,"enemies":"Cultist and Chosen","floor":31,"turns":5},{"damage":10,"enemies":"Snake Plant","floor":32,"turns":3},{"damage":16,"enemies":"DF_ARCHETYPE_CLAW","floor":33,"turns":4},{"damage":18,"enemies":"3 Shapes","floor":36,"turns":5},{"damage":0,"enemies":"3 Shapes","floor":37,"turns":4},{"damage":0,"enemies":"3 Darklings","floor":38,"turns":3},{"damage":0,"enemies":"Transient","floor":39,"turns":5},{"damage":0,"enemies":"2 Orb Walkers","floor":40,"turns":4},{"damage":19,"enemies":"Sphere and 2 Shapes","floor":42,"turns":4},{"damage":41,"enemies":"3 Darklings","floor":44,"turns":3},{"damage":0,"enemies":"Writhing Mass","floor":47,"turns":5},{"damage":0,"enemies":"Maw","floor":49,"turns":7},{"damage":60,"enemies":"WA_ARCHETYPE_DIVINITY","floor":50,"turns":15}],"seed_played":"8116553201429469155","potions_obtained":[{"floor":2,"key":"bronze:BuildAFunctionPotion"},{"floor":8,"key":"bronze:CleanCodePotion"},{"floor":13,"key":"FairyPotion"},{"floor":36,"key":"Energy Potion"},{"floor":39,"key":"Explosive Potion"}],"is_trial":false,"path_per_floor":["R","M","M","$","M","?","T","M","R","$","E","R","M","M","M","B",null,"R","M","M","?","M","M","T","R","M","R","$","E","$","M","M","B",null,"R","M","?","M","M","?","T","M","R","M","R","?","M","$","M","B",null],"character_chosen":"THE_AUTOMATON","items_purchased":["bronze:ForLoop","bronze:Shield","bronze:SilverBullet","bronze:FollowUp","EssenceOfSteel","Boot","Oddly Smooth Stone"],"campfire_rested":4,"item_purchase_floors":[4,10,28,28,28,30,48],"current_hp_per_floor":[63,58,58,56,46,46,46,41,41,39,39,60,57,57,46,36,62,62,62,62,62,52,53,53,53,48,69,69,38,38,37,27,16,57,70,52,70,70,70,70,70,51,61,20,44,44,44,44,44,9],"gold":31,"neow_bonus":"BOSS_RELIC","is_daily":false,"chose_seed":false,"campfire_upgraded":3,"win_rate":0.0,"timestamp":1613008191,"path_taken":["R","M","M","$","M","?","T","M","R","$","E","R","?","?","M","BOSS","R","M","M","?","M","M","T","R","M","R","$","E","$","M","M","BOSS","R","M","?","M","M","?","T","M","R","M","R","?","M","$","M","BOSS"],"items_purchased_type":["Card","Card","Relic","Card","Potion","Relic","Relic"],"build_version":"2020-12-22","purchased_purges":2,"victory":true,"max_hp_per_floor":[70,70,70,70,70,70,70,70,70,70,70,70,70,70,70,70,70,70,70,70,70,70,70,70,70,70,70,70,70,70,70,70,70,70,70,70,70,70,70,70,70,70,80,80,80,80,80,80,80,80],"card_choices":[{"not_picked":["bronze:Deprecate","bronze:Overheat"],"picked":"bronze:Branch","floor":2},{"not_picked":["bronze:MaxOutput","bronze:Refactor"],"picked":"bronze:Iterate","floor":3},{"not_picked":["bronze:Verify","bronze:GetLatest"],"picked":"bronze:FineTuning","floor":4},{"not_picked":["bronze:BitShift","bronze:Repulsor"],"picked":"bronze:Boost","floor":5},{"not_picked":["bronze:Refactor","bronze:Return"],"picked":"bronze:Frontload","floor":8},{"not_picked":["bronze:Invalidate","bronze:Fortify"],"picked":"bronze:ChildClass","floor":10},{"not_picked":["bronze:CutThrough","bronze:Fortify"],"picked":"bronze:Iterate","floor":11},{"not_picked":["bronze:CutThrough","bronze:NullPointer","bronze:Repulsor"],"picked":"SKIP","floor":13},{"not_picked":["bronze:Repulsor","bronze:Philosophize"],"picked":"bronze:Terminator","floor":14},{"not_picked":["bronze:DigitalCarnage","bronze:Frontload","bronze:Iterate"],"picked":"SKIP","floor":15},{"not_picked":["bronze:BurnOut","bronze:Mutator"],"picked":"bronze:Virus","floor":16},{"not_picked":["bronze:InfiniteBeams","bronze:DelayedGuard"],"picked":"bronze:Constructor","floor":19},{"not_picked":["bronze:BuggyMess","bronze:Overheat+1"],"picked":"bronze:WhirlingStrike","floor":20},{"not_picked":["bronze:Invalidate","bronze:CutThrough"],"picked":"bronze:ForceShield+1","floor":22},{"not_picked":["bronze:ThunderWave","bronze:BronzeOrb","bronze:Shield"],"picked":"SKIP","floor":23},{"not_picked":["bronze:Repulsor","bronze:Frontload","bronze:Terminator"],"picked":"SKIP","floor":26},{"not_picked":["bronze:WhirlingStrike","bronze:OilSpill+1"],"picked":"bronze:Overload","floor":28},{"not_picked":["bronze:WildBeam","bronze:CutThrough+1"],"picked":"bronze:Optimize+1","floor":29},{"not_picked":["bronze:BronzeOrb+1","bronze:OilSpill","bronze:BuggyMess+1"],"picked":"SKIP","floor":31},{"not_picked":["bronze:Backtrace","bronze:BurnOut","bronze:DelayedGuard+1"],"picked":"SKIP","floor":32},{"not_picked":["bronze:BurnOut","bronze:Hardcode"],"picked":"bronze:HardenedForm","floor":33},{"not_picked":["bronze:Fortify+1","bronze:Shell+1","bronze:WhirlingStrike+1"],"picked":"SKIP","floor":36},{"not_picked":["bronze:WhirlingStrike+1","bronze:DigitalCarnage"],"picked":"bronze:Flail","floor":37},{"not_picked":["bronze:InfiniteBeams+1","bronze:Turbo+1","bronze:NullPointer+1"],"picked":"SKIP","floor":38},{"not_picked":["bronze:ItsAFeature+1","bronze:ClassDefault"],"picked":"bronze:FineTuning+1","floor":39},{"not_picked":["bronze:Optimize","bronze:BitShift+1","bronze:Invalidate"],"picked":"SKIP","floor":42},{"not_picked":["bronze:Shield+1","bronze:Iterate+1"],"picked":"bronze:Frontload+1","floor":44},{"not_picked":["bronze:BugBarrage+1","bronze:OilSpill","bronze:HardenedForm"],"picked":"SKIP","floor":47},{"not_picked":["bronze:Terminator+1","bronze:DelayedSlice","bronze:BugBarrage+1"],"picked":"SKIP","floor":49}],"player_experience":1901243,"relics_obtained":[{"floor":7,"key":"Anchor"},{"floor":11,"key":"Toy Ornithopter"},{"floor":24,"key":"Pen Nib"},{"floor":29,"key":"Torii"},{"floor":34,"key":"Orichalcum"},{"floor":34,"key":"Pantograph"},{"floor":34,"key":"champ:DuelingGlove"},{"floor":37,"key":"FossilizedHelix"},{"floor":40,"key":"Girya"}],"event_choices":[{"damage_healed":0,"gold_gain":0,"player_choice":"Trade","damage_taken":0,"relics_obtained":["GremlinMask"],"max_hp_gain":0,"max_hp_loss":0,"event_name":"FaceTrader","floor":6,"gold_loss":0},{"damage_healed":0,"gold_gain":0,"player_choice":"Fight","damage_taken":0,"max_hp_gain":0,"max_hp_loss":0,"event_name":"Mysterious Sphere","floor":40,"gold_loss":0}],"is_beta":false,"boss_relics":[{"not_picked":["Velvet Choker","Snecko Eye"],"picked":"Philosopher\u0027s Stone"},{"not_picked":["Fusion Hammer","SlaversCollar"],"picked":"Calling Bell"}],"items_purged_floors":[28,48],"is_endless":false,"potions_floor_spawned":[2,8,13,14,15,16,20,22,29,31,36,38,39,44,47],"ascension_level":11}}