{"host":"m552uo5jodlktm3e","time":1613075351,"event":{"mods":["BaseMod","Colored Powertips","Downfall","Minty Spire (QoL Compilation)","Quick Restart","StSLib"],"gold_per_floor":[99,99,99,24,24,24,24,59,59,70,103,122,156,170,191,300,309,309,327,350,350,350,369,394,427,427,470,516,528,528,528],"floor_reached":29,"language":"ENG","playtime":1418,"items_purged":["champ:Defend"],"score":293,"play_id":"8bcecb1e-4c39-4086-a910-dbd6df612f8c","local_time":"20210211122911","is_ascension_mode":true,"campfire_choices":[{"data":"champ:Taunt","floor":1,"key":"SMITH"},{"data":"champ:TripleStrike","floor":6,"key":"SMITH"},{"data":"champ:Strike","floor":18,"key":"PURGE"}],"circlet_count":0,"master_deck":["champ:Strike+1","champ:Strike","champ:Strike","champ:Defend+1","champ:Defend+1","champ:Defend","champ:Execute","champ:Taunt+1","champ:PreciseThrust","champ:ArenaPreparation","champ:TripleStrike+1","champ:FlashCut","champ:BringItOn","champ:SwordSigil","champ:RapidStrikes","champ:IgnorePain","champ:GutPunch","champ:Improvising","CurseOfTheBell","champ:FocusedDefense","champ:Improvising"],"relics":["champ:ChampionCrown","downfall:HeartsMalice","Peace Pipe","Toy Ornithopter","CeramicFish","Calling Bell","Happy Flower","The Courier","Du-Vu Doll","Blood Vial","champ:DefensiveTrainingManual","Nilry\u0027s Codex","MawBank","Red Mask"],"acts_visited":["Exordium","TheCity"],"potions_floor_usage":[16,20,25,27],"damage_taken":[{"damage":0,"enemies":"Cultist","floor":2,"turns":1},{"damage":0,"enemies":"Small Slimes","floor":3,"turns":1},{"damage":0,"enemies":"downfall:FleeingMerchant","floor":4,"turns":1},{"damage":33,"enemies":"Lagavulin","floor":8,"turns":6},{"damage":0,"enemies":"2 Louse","floor":10,"turns":2},{"damage":8,"enemies":"Gremlin Nob","floor":11,"turns":3},{"damage":5,"enemies":"Exordium Wildlife","floor":12,"turns":3},{"damage":55,"enemies":"Lagavulin","floor":13,"turns":6},{"damage":0,"enemies":"Blue Slaver","floor":14,"turns":1},{"damage":33,"enemies":"Large Slime","floor":15,"turns":4},{"damage":47,"enemies":"WA_ARCHETYPE_RETAIN","floor":16,"turns":5},{"damage":60,"enemies":"Chosen","floor":19,"turns":2},{"damage":68,"enemies":"3 Cultists","floor":20,"turns":4},{"damage":34,"enemies":"Centurion and Healer","floor":23,"turns":5},{"damage":41,"enemies":"Book of Stabbing","floor":25,"turns":6},{"damage":52,"enemies":"Slavers","floor":27,"turns":3},{"damage":73,"enemies":"Masked Bandits","floor":28,"turns":5},{"damage":18,"enemies":"Snecko","floor":29,"turns":3}],"seed_played":"-5876185478761017862","potions_obtained":[{"floor":8,"key":"SteroidPotion"},{"floor":12,"key":"Slimebound:ThreeZeroPotion"},{"floor":13,"key":"AttackPotion"},{"floor":14,"key":"ColorlessPotion"},{"floor":25,"key":"DistilledChaos"}],"is_trial":false,"path_per_floor":["R","M","M","$","?","R","T","E","?","M","E","M","E","M","M","B",null,"R","M","M","?","?","M","T","E","?","E","?","M"],"character_chosen":"THE_CHAMP","items_purchased":[],"campfire_rested":0,"item_purchase_floors":[],"current_hp_per_floor":[90,90,90,90,90,90,90,77,77,77,69,64,49,49,41,9,90,90,80,82,82,82,73,73,59,43,38,2,0,0,0],"gold":528,"neow_bonus":"THREE_ENEMY_KILL","is_daily":false,"chose_seed":false,"campfire_upgraded":2,"win_rate":0.0,"timestamp":1613075351,"path_taken":["R","M","?","$","?","R","T","E","?","M","E","M","E","M","M","BOSS","R","M","M","?","?","M","T","E","?","E","?","M"],"items_purchased_type":[],"build_version":"2020-12-22","purchased_purges":1,"victory":false,"max_hp_per_floor":[90,90,90,90,90,90,90,90,90,90,90,90,90,90,90,90,90,90,90,90,90,90,90,90,90,90,90,90,90,90,90],"card_choices":[{"not_picked":["champ:ShieldWall","champ:Shatter"],"picked":"champ:PreciseThrust","floor":2},{"not_picked":["champ:SwordSigil","champ:FanOfKnives"],"picked":"champ:ArenaPreparation","floor":3},{"not_picked":["champ:PerfectedStrike","champ:GutPunch"],"picked":"champ:TripleStrike","floor":4},{"not_picked":["champ:TornadoPunch","champ:Shatter"],"picked":"champ:FlashCut","floor":8},{"not_picked":["champ:CrookedStrike","champ:GutPunch"],"picked":"champ:BringItOn","floor":10},{"not_picked":["champ:BladeFlurry","champ:PreciseThrust"],"picked":"champ:SwordSigil","floor":11},{"not_picked":["champ:ShieldSigil","champ:SwordSigil"],"picked":"champ:RapidStrikes","floor":12},{"not_picked":["champ:EnragedBash","champ:CrookedStrike"],"picked":"champ:IgnorePain","floor":13},{"not_picked":["champ:FalseCounter","champ:Shatter","champ:CalledShot"],"picked":"SKIP","floor":14},{"not_picked":["champ:DefensiveShout","champ:TornadoPunch"],"picked":"champ:GutPunch","floor":15},{"not_picked":["champ:SwordThrow","champ:IgnorePain"],"picked":"champ:Improvising","floor":16},{"not_picked":["champ:CrownThrow","champ:BringItOn","champ:BerserkersShout"],"picked":"SKIP","floor":19},{"not_picked":["champ:CrookedStrike","champ:GladiatorStyle"],"picked":"champ:FocusedDefense","floor":20},{"not_picked":["champ:BringItOn+1","champ:ShieldSlam","champ:BladeFlurry"],"picked":"SKIP","floor":23},{"not_picked":["champ:Circumvent+1","champ:BringItOn","champ:RisingSlash"],"picked":"SKIP","floor":25},{"not_picked":["champ:CrownThrow","champ:SkillfulDodge"],"picked":"champ:Improvising","floor":27}],"player_experience":1046214,"relics_obtained":[{"floor":8,"key":"Peace Pipe"},{"floor":11,"key":"Toy Ornithopter"},{"floor":13,"key":"CeramicFish"},{"floor":17,"key":"Happy Flower"},{"floor":17,"key":"The Courier"},{"floor":17,"key":"Du-Vu Doll"},{"floor":24,"key":"Blood Vial"},{"floor":25,"key":"champ:DefensiveTrainingManual"},{"floor":26,"key":"Nilry\u0027s Codex"},{"floor":27,"key":"MawBank"},{"floor":28,"key":"Red Mask"}],"event_choices":[{"cards_removed":["downfall:Malfunctioning"],"damage_healed":0,"gold_gain":0,"player_choice":"Card Removal","damage_taken":0,"max_hp_gain":0,"max_hp_loss":0,"event_name":"The Cleric","floor":9,"gold_loss":0},{"damage_healed":0,"gold_gain":0,"player_choice":"Ignored","damage_taken":0,"max_hp_gain":0,"max_hp_loss":0,"event_name":"Vampires","floor":21,"gold_loss":0},{"damage_healed":0,"gold_gain":0,"player_choice":"Fought Bandits","damage_taken":0,"max_hp_gain":0,"max_hp_loss":0,"event_name":"Masked Bandits","floor":28,"gold_loss":0}],"is_beta":false,"boss_relics":[{"not_picked":["SlaversCollar","Runic Pyramid"],"picked":"Calling Bell"}],"items_purged_floors":[4],"is_endless":false,"potions_floor_spawned":[8,12,13,14,25],"killed_by":"Snecko","ascension_level":1}}