{"host":"r4aerl4ckfvw1dw3","time":1613071332,"event":{"mods":["BaseMod","BetterRewards","Minty Spire (QoL Compilation)","Quick Restart","StSLib"],"gold_per_floor":[115,4,17,37,52,52,82,82,132,132,163,181,181,181,181,284,284,299,310,320,8,8,8,22,22,96,125,125,125],"floor_reached":28,"language":"ENG","playtime":1358,"items_purged":["Strike_B"],"score":273,"play_id":"b848b86d-d28c-424c-a830-0448689bdc30","local_time":"20210211112212","is_ascension_mode":true,"campfire_choices":[{"data":"Loop","floor":6,"key":"SMITH"},{"floor":8,"key":"REST"},{"data":"Defragment","floor":10,"key":"SMITH"},{"floor":13,"key":"REST"},{"floor":15,"key":"REST"},{"floor":23,"key":"REST"},{"floor":25,"key":"REST"}],"circlet_count":0,"master_deck":["Strike_B","Strike_B","Strike_B","Defend_B","Defend_B","Defend_B","Defend_B","Zap+1","Dualcast","Ball Lightning","Loop+1","Capacitor","Sweeping Beam","Conserve Battery","Turbo+1","Defragment+1","Genetic Algorithm+1","Leap","Multi-Cast","Conserve Battery","Stack","Coolheaded","Coolheaded"],"relics":["Cracked Core","Darkstone Periapt","Juzu Bracelet","Orichalcum","Black Star","Pantograph","Mummified Hand","White Beast Statue"],"acts_visited":["Exordium","TheCity"],"potions_floor_usage":[11,16,18,24,27],"damage_taken":[{"damage":7,"enemies":"Jaw Worm","floor":1,"turns":2},{"damage":3,"enemies":"2 Louse","floor":3,"turns":2},{"damage":1,"enemies":"Cultist","floor":4,"turns":3},{"damage":18,"enemies":"Lots of Slimes","floor":5,"turns":3},{"damage":30,"enemies":"Gremlin Nob","floor":7,"turns":4},{"damage":22,"enemies":"3 Sentries","floor":11,"turns":4},{"damage":9,"enemies":"Blue Slaver","floor":12,"turns":3},{"damage":32,"enemies":"The Guardian","floor":16,"turns":9},{"damage":27,"enemies":"2 Thieves","floor":18,"turns":4},{"damage":19,"enemies":"Spheric Guardian","floor":19,"turns":4},{"damage":12,"enemies":"Shelled Parasite and Fungi","floor":20,"turns":8},{"damage":31,"enemies":"Snecko","floor":24,"turns":7},{"damage":17,"enemies":"Book of Stabbing","floor":27,"turns":8},{"damage":19,"enemies":"Centurion and Healer","floor":28,"turns":2}],"seed_played":"6175738174019747134","potions_obtained":[{"floor":5,"key":"FocusPotion"},{"floor":12,"key":"ColorlessPotion"},{"floor":16,"key":"AttackPotion"},{"floor":18,"key":"Block Potion"},{"floor":20,"key":"Strength Potion"}],"is_trial":false,"path_per_floor":["M","$","M","M","M","R","E","R","T","R","E","M","R","?","R","B",null,"M","M","M","$","?","R","M","R","T","E","M"],"character_chosen":"DEFECT","items_purchased":["Capacitor","Coolheaded","Pantograph"],"campfire_rested":5,"item_purchase_floors":[2,21,21],"current_hp_per_floor":[68,68,65,64,46,46,16,38,38,38,16,7,29,14,36,4,75,48,29,17,17,17,39,8,30,30,13,0,0],"gold":125,"neow_bonus":"THREE_CARDS","is_daily":false,"chose_seed":false,"campfire_upgraded":2,"win_rate":0.0,"timestamp":1613071332,"path_taken":["M","$","M","M","M","R","E","R","T","R","E","M","R","?","R","BOSS","M","M","M","$","?","R","M","R","T","E","M"],"items_purchased_type":["Card","Card","Relic"],"build_version":"2020-12-22","purchased_purges":1,"victory":false,"max_hp_per_floor":[75,75,75,75,75,75,75,75,75,75,75,75,75,75,75,75,75,75,75,75,75,75,75,75,75,75,75,75,75],"card_choices":[{"not_picked":["Blizzard","Stack"],"picked":"Ball Lightning","floor":0},{"not_picked":["Barrage","Coolheaded"],"picked":"Loop","floor":1},{"not_picked":["Melter","Undo"],"picked":"Sweeping Beam","floor":3},{"not_picked":["Fusion","Recycle"],"picked":"Conserve Battery","floor":4},{"not_picked":["Auto Shields","Darkness"],"picked":"Turbo","floor":5},{"not_picked":["Barrage","Conserve Battery"],"picked":"Defragment","floor":7},{"not_picked":["Hyperbeam","Heatsinks"],"picked":"Genetic Algorithm","floor":11},{"not_picked":["Turbo","Barrage"],"picked":"Leap","floor":12},{"not_picked":["Hyperbeam","Echo Form"],"picked":"Multi-Cast","floor":16},{"not_picked":["Sweeping Beam","Redo"],"picked":"Conserve Battery","floor":18},{"not_picked":["Gash","Tempest"],"picked":"Stack","floor":19},{"not_picked":["Turbo","Static Discharge+1"],"picked":"Coolheaded","floor":20},{"not_picked":["Leap","Rebound+1","Compile Driver"],"picked":"SKIP","floor":24},{"not_picked":["Leap","Force Field","Blizzard"],"picked":"SKIP","floor":27}],"player_experience":577852,"relics_obtained":[{"floor":7,"key":"Darkstone Periapt"},{"floor":9,"key":"Juzu Bracelet"},{"floor":11,"key":"Orichalcum"},{"floor":27,"key":"Mummified Hand"},{"floor":27,"key":"White Beast Statue"}],"event_choices":[{"damage_healed":0,"gold_gain":0,"player_choice":"Entered Light","damage_taken":15,"max_hp_gain":0,"max_hp_loss":0,"event_name":"Shining Light","floor":14,"gold_loss":0,"cards_upgraded":["Turbo","Genetic Algorithm"]},{"damage_healed":0,"gold_gain":0,"player_choice":"Upgraded","damage_taken":0,"max_hp_gain":0,"max_hp_loss":0,"event_name":"Upgrade Shrine","floor":22,"gold_loss":0,"cards_upgraded":["Zap"]}],"is_beta":false,"boss_relics":[{"not_picked":["SacredBark","Busted Crown"],"picked":"Black Star"}],"items_purged_floors":[2],"is_endless":false,"potions_floor_spawned":[5,12,16,18,20],"killed_by":"Centurion and Healer","ascension_level":2}}