{"host":"3qkmyeoym75lj4wn","time":1613002203,"event":{"mods":["2.2 Compatiblity","Act Like it!","BaseMod","Bestiary","Block Reminder","Colored Powertips","Highlight Path","Minty Spire (QoL Compilation)","Permanent Neow","Rare Cards Sparkle","Relic Stats","StSLib"],"gold_per_floor":[116,116,116,116,30,66,66,110,110,110,110,110],"floor_reached":11,"language":"ENG","playtime":226,"items_purged":[],"score":154,"play_id":"d7b76b4c-8dc8-4f2a-a113-298420a61c32","local_time":"20210211001003","is_ascension_mode":true,"campfire_choices":[{"floor":7,"key":"REST"},{"floor":10,"key":"REST"}],"circlet_count":0,"master_deck":["AscendersBane","Strike_B","Strike_B","Strike_B","Strike_B","Defend_B","Defend_B","Defend_B+1","Defend_B","Zap","Dualcast","Blind","Loop","Melter","BootSequence+1","Go for the Eyes"],"relics":["Cracked Core","Golden Idol","Bag of Marbles","War Paint","Toxic Egg 2"],"acts_visited":["Exordium"],"potions_floor_usage":[11],"damage_taken":[{"damage":5,"enemies":"Small Slimes","floor":1,"turns":2},{"damage":38,"enemies":"Lagavulin","floor":6,"turns":7},{"damage":32,"enemies":"Gremlin Nob","floor":8,"turns":4},{"damage":33,"enemies":"3 Sentries","floor":11,"turns":6}],"seed_played":"5099403363263306074","potions_obtained":[{"floor":8,"key":"Dexterity Potion"}],"is_trial":false,"path_per_floor":["M","?","?","?","$","E","R","E","T","R","E"],"character_chosen":"DEFECT","items_purchased":["Melter"],"campfire_rested":2,"item_purchase_floors":[5],"current_hp_per_floor":[59,59,59,59,59,21,40,8,8,27,0,0],"gold":110,"neow_bonus":"RANDOM_COLORLESS","is_daily":false,"chose_seed":false,"campfire_upgraded":0,"win_rate":0.0,"timestamp":1613002203,"path_taken":["M","?","?","?","$","E","R","E","T","R","E"],"items_purchased_type":["Card"],"build_version":"2020-12-22","purchased_purges":0,"victory":false,"max_hp_per_floor":[71,64,64,64,64,64,64,64,64,64,64,64],"relic_stats":{"counters":[4,19],"Golden Idol":16,"War Paint":["BootSequence","Defend_B"],"obtain_stats":[{"Golden Idol":2,"Bag of Marbles":6,"War Paint":8,"Toxic Egg 2":9,"Cracked Core":0},{"Golden Idol":1,"Bag of Marbles":2,"War Paint":3,"Toxic Egg 2":3,"Cracked Core":0},{"Golden Idol":2,"Bag of Marbles":9,"War Paint":13,"Toxic Egg 2":13,"Cracked Core":0}]},"card_choices":[{"not_picked":["Finesse","Mind Blast"],"picked":"Blind","floor":0},{"not_picked":["Rebound","Leap"],"picked":"Loop","floor":1},{"not_picked":["Hologram","Rebound"],"picked":"BootSequence","floor":6},{"not_picked":["Compile Driver","Consume"],"picked":"Go for the Eyes","floor":8}],"player_experience":1749878,"relics_obtained":[{"floor":6,"key":"Bag of Marbles"},{"floor":8,"key":"War Paint"},{"floor":9,"key":"Toxic Egg 2"}],"event_choices":[{"damage_healed":0,"gold_gain":0,"player_choice":"Lose Max HP","damage_taken":0,"relics_obtained":["Golden Idol"],"max_hp_gain":0,"max_hp_loss":7,"event_name":"Golden Idol","floor":2,"gold_loss":0},{"damage_healed":0,"gold_gain":0,"player_choice":"Ignored","damage_taken":0,"max_hp_gain":0,"max_hp_loss":0,"event_name":"Shining Light","floor":3,"gold_loss":0},{"damage_healed":0,"gold_gain":0,"player_choice":"Leave","damage_taken":0,"max_hp_gain":0,"max_hp_loss":0,"event_name":"The Cleric","floor":4,"gold_loss":0}],"is_beta":false,"boss_relics":[],"items_purged_floors":[],"is_endless":false,"potions_floor_spawned":[8],"killed_by":"3 Sentries","ascension_level":20}}