{"host":"znuunkttinnn1f17","time":1613082181,"event":{"mods":["BaseMod","Colored Map","Downfall","Minty Spire (QoL Compilation)","Replay The Spire","StSLib"],"gold_per_floor":[99,118,118,193,206,206,279,312,324,224,13,13,31,16,29,134,134,134,150,160,160,115,140,187,21,21,21,21],"floor_reached":26,"language":"ENG","playtime":2507,"items_purged":["hexamod:Strike","Sickly"],"score":206,"play_id":"fd0d4f9c-fdd4-49d1-99ff-4e22dfb7e366","local_time":"20210211232301","is_ascension_mode":false,"campfire_choices":[{"data":"hexamod:Strike","floor":1,"key":"PURGE"},{"data":"hexamod:FastForward","floor":6,"key":"SMITH"},{"data":"hexamod:StepThrough","floor":10,"key":"SMITH"},{"floor":18,"key":"DIG"}],"circlet_count":0,"master_deck":["hexamod:Strike+1","hexamod:Defend+1","hexamod:Defend","hexamod:Defend+1","hexamod:Sear+1","hexamod:Float","hexamod:StepThrough","hexamod:RadiantFlame+1","hexamod:FastForward+1","hexamod:StepThrough+1","hexamod:Hexaguard","hexamod:SixthSeal","hexamod:InspiringFlames+1","hexamod:ThirdSeal","hexamod:ChargedBarrage","hexamod:TimeOfNeed+1","hexamod:FastForward+1","hexamod:ThirdSeal","hexamod:SecondSeal","hexamod:PhantomFireball","hexamod:SoulSteal","hexamod:FastForward","hexamod:FourthSeal"],"relics":["hexamod:SpiritBrand","Toy Ornithopter","Replay:Bottled Steam","hexamod:MatchstickCase","downfall:HeartBlessingGreen","Replay:Bronze Core","Replay:Bottled Eggs","ReplayTheSpireMod:CursedCoin","Blood Vial","Replay:Wax Seal"],"acts_visited":["Exordium","TheCity"],"potions_floor_usage":[15,23,26],"damage_taken":[{"damage":5,"enemies":"Small Slimes","floor":2,"turns":4},{"damage":6,"enemies":"Cultist","floor":5,"turns":4},{"damage":21,"enemies":"Lagavulin","floor":8,"turns":6},{"damage":0,"enemies":"Jaw Worm","floor":9,"turns":5},{"damage":0,"enemies":"downfall:FleeingMerchant","floor":11,"turns":4},{"damage":0,"enemies":"Exordium Wildlife","floor":13,"turns":3},{"damage":0,"enemies":"downfall:FleeingMerchant","floor":14,"turns":4},{"damage":0,"enemies":"Exordium Thugs","floor":15,"turns":4},{"damage":38,"enemies":"WA_ARCHETYPE_RETAIN","floor":16,"turns":9},{"damage":0,"enemies":"3 Byrds","floor":19,"turns":5},{"damage":6,"enemies":"Chosen","floor":20,"turns":5},{"damage":6,"enemies":"downfall:FleeingMerchant","floor":22,"turns":5},{"damage":8,"enemies":"Centurion and Healer","floor":23,"turns":7},{"damage":11,"enemies":"downfall:FleeingMerchant","floor":25,"turns":5},{"damage":71,"enemies":"Cultist and Chosen","floor":26,"turns":8}],"seed_played":"343313567672507608","potions_obtained":[{"floor":4,"key":"Doom Potion"},{"floor":8,"key":"Block Potion"},{"floor":13,"key":"Energy Potion"},{"floor":15,"key":"Dexterity Potion"},{"floor":23,"key":"sneckomod:MuddlingPotion"}],"is_trial":false,"path_per_floor":["R_BF","M","?","?","M","R","T","E","M","R","$","?","M","$","M","B",null,"R_BF","M","M","?","$","M","T","$","M"],"character_chosen":"THE_SPIRIT","items_purchased":["hexamod:InspiringFlames","hexamod:ThirdSeal","ReplayTheSpireMod:CursedCoin","hexamod:PhantomFireball","hexamod:FourthSeal","Replay:Wax Seal"],"campfire_rested":0,"item_purchase_floors":[11,11,22,22,25,25],"current_hp_per_floor":[77,72,72,72,66,66,66,45,45,45,45,45,45,45,50,12,77,77,77,71,71,65,62,62,53,0,0,0],"gold":21,"neow_bonus":"TEN_PERCENT_HP_BONUS","is_daily":false,"chose_seed":false,"campfire_upgraded":2,"win_rate":0.0,"timestamp":1613082181,"path_taken":["R_BF","M","?","?","?","R","T","E","M","R","$","?","M","$","M","BOSS","R_BF","M","M","?","$","M","T","?","?"],"items_purchased_type":["Card","Card","Relic","Card","Card","Relic"],"build_version":"2020-12-22","purchased_purges":2,"victory":false,"max_hp_per_floor":[77,77,77,77,77,77,77,77,77,77,77,77,77,77,77,77,77,77,77,77,77,77,77,77,77,77,77,77],"card_choices":[{"not_picked":["hexamod:Firestarter","hexamod:ThermalTransfer"],"picked":"hexamod:StepThrough","floor":2},{"not_picked":["hexamod:HeatShield","hexamod:EmpoweredFlame"],"picked":"hexamod:RadiantFlame","floor":4},{"not_picked":["hexamod:InspiringFlames","hexamod:Firestarter"],"picked":"hexamod:FastForward","floor":4},{"not_picked":["hexamod:GhostShield","hexamod:SwordOfDarkness"],"picked":"hexamod:StepThrough","floor":5},{"not_picked":["hexamod:GhostShield","hexamod:Firestarter"],"picked":"hexamod:Hexaguard","floor":8},{"not_picked":["hexamod:Firestarter","hexamod:NightmareStrike","hexamod:SwordOfDarkness"],"picked":"SKIP","floor":9},{"not_picked":["hexamod:Firestarter","hexamod:NightmareStrike","hexamod:SwordOfDarkness"],"picked":"SKIP","floor":9},{"not_picked":["hexamod:AdvancingGuard","hexamod:GhostLash"],"picked":"hexamod:SixthSeal","floor":11},{"not_picked":["hexamod:Firestarter","hexamod:SpectersWail","hexamod:Hexaguard"],"picked":"SKIP","floor":13},{"not_picked":["hexamod:BurningTouch","hexamod:ChargedBarrage","hexamod:NightmareStrike"],"picked":"SKIP","floor":13},{"not_picked":["hexamod:Haunt","hexamod:RainOfEmbers","hexamod:GhostLash"],"picked":"SKIP","floor":14},{"not_picked":["hexamod:RetreatToShadows","hexamod:ShieldOfDarkness"],"picked":"hexamod:ChargedBarrage","floor":15},{"not_picked":["hexamod:Incineration","hexamod:GhostShield","hexamod:RetreatToShadows"],"picked":"SKIP","floor":15},{"not_picked":["hexamod:WildfireWeapon","hexamod:UnlimitedPower"],"picked":"hexamod:TimeOfNeed","floor":16},{"not_picked":["hexamod:DynamicBlow","hexamod:SpectersWail"],"picked":"hexamod:FastForward+1","floor":19},{"not_picked":["hexamod:GhostOfSpirePast+1","hexamod:HauntingEcho","hexamod:AdvancingGuard"],"picked":"SKIP","floor":19},{"not_picked":["hexamod:SwordOfDarkness","hexamod:GhostflameBarrier"],"picked":"hexamod:ThirdSeal","floor":20},{"not_picked":["hexamod:InspiringFlames","hexamod:Firestarter","hexamod:NightmareStrike"],"picked":"SKIP","floor":20},{"not_picked":["hexamod:Haunt+1","hexamod:SkipABeat"],"picked":"hexamod:SecondSeal","floor":22},{"not_picked":["hexamod:EtherealExpedition","hexamod:NightmareStrike","hexamod:DynamicBlow"],"picked":"SKIP","floor":22},{"not_picked":["hexamod:ShieldOfDarkness","hexamod:ThermalTransfer","hexamod:SkipABeat"],"picked":"SKIP","floor":22},{"not_picked":["hexamod:Hexaguard","hexamod:DynamicBlow"],"picked":"hexamod:SoulSteal","floor":23},{"not_picked":["hexamod:Rewind","hexamod:Hexaguard","hexamod:PhantomFireball+1"],"picked":"SKIP","floor":23},{"not_picked":["hexamod:AdvancingGuard","hexamod:NightmareGuise+1","hexamod:NightmareStrike"],"picked":"SKIP","floor":23},{"not_picked":["hexamod:RadiantFlame","hexamod:GhostflameInferno"],"picked":"hexamod:FastForward","floor":25},{"not_picked":["hexamod:Firestarter","hexamod:Rewind","hexamod:GhostShield"],"picked":"SKIP","floor":25},{"not_picked":["hexamod:InspiringFlames","hexamod:StepThrough","hexamod:AdvancingGuard+1"],"picked":"SKIP","floor":25}],"player_experience":211071,"relics_obtained":[{"floor":4,"key":"Toy Ornithopter"},{"floor":7,"key":"Replay:Bottled Steam"},{"floor":8,"key":"hexamod:MatchstickCase"},{"floor":18,"key":"Replay:Bottled Eggs"},{"floor":24,"key":"Blood Vial"}],"event_choices":[{"cards_removed":["hexamod:Defend"],"damage_healed":0,"gold_gain":0,"player_choice":"Card Removal","damage_taken":0,"max_hp_gain":0,"max_hp_loss":0,"event_name":"The Cleric","floor":12,"gold_loss":0}],"is_beta":false,"boss_relics":[{"not_picked":["Runic Pyramid","SlaversCollar"],"picked":"Replay:Bronze Core"}],"items_purged_floors":[11,22],"is_endless":false,"potions_floor_spawned":[8,13,15,16,20,23],"killed_by":"Cultist and Chosen","ascension_level":0}}