{"host":"06e3yyzgn8o619wl","time":1613059484,"event":{"mods":["BaseMod","Block Reminder","Colored Map","Colored Powertips","DeckTracker","Minty Spire (QoL Compilation)","Permanent Neow","Relic Stats","StSLib"],"gold_per_floor":[110,60,76,1,1,40,40,71,71,71,85,100,139,165,165,295,295,318,228,241,259,11,46,46,46,46,46,46,46,46],"floor_reached":29,"language":"JPN","playtime":1236,"items_purged":["Normality","Strike_R"],"score":329,"play_id":"3bc03a37-eb62-4a17-8039-1c605fe83cff","local_time":"20210212010444","is_ascension_mode":true,"campfire_choices":[{"floor":7,"key":"REST"},{"data":"Bash","floor":15,"key":"SMITH"},{"data":"Demon Form","floor":28,"key":"SMITH"}],"circlet_count":0,"master_deck":["Strike_R","Strike_R","Strike_R","Defend_R","Defend_R","Defend_R","Bash+1","True Grit","Ghostly Armor","Headbutt","Spot Weakness","Pommel Strike+1","Pommel Strike","Heavy Blade","Demon Form+1","True Grit","Cleave","Seeing Red+1"],"relics":["Burning Blood","Mango","Bloody Idol","Darkstone Periapt","Torii","Pantograph","Eternal Feather","Oddly Smooth Stone","SlaversCollar","ClockworkSouvenir","Regal Pillow","MutagenicStrength","White Beast Statue"],"acts_visited":["Exordium","TheCity"],"potions_floor_usage":[6,11,11,13,23,23],"damage_taken":[{"damage":0,"enemies":"2 Louse","floor":1,"turns":3},{"damage":8,"enemies":"Small Slimes","floor":3,"turns":4},{"damage":65,"enemies":"Gremlin Nob","floor":6,"turns":6},{"damage":39,"enemies":"3 Sentries","floor":8,"turns":11},{"damage":0,"enemies":"Jaw Worm","floor":11,"turns":2},{"damage":1,"enemies":"Exordium Wildlife","floor":12,"turns":4},{"damage":1,"enemies":"Looter","floor":13,"turns":2},{"damage":29,"enemies":"Hexaghost","floor":16,"turns":10},{"damage":52,"enemies":"Shell Parasite","floor":18,"turns":10},{"damage":12,"enemies":"Chosen","floor":20,"turns":4},{"damage":23,"enemies":"Snake Plant","floor":21,"turns":5},{"damage":8,"enemies":"Slavers","floor":23,"turns":3},{"damage":54,"enemies":"Colosseum Slavers","floor":29,"turns":4}],"seed_played":"5069385948484835808","potions_obtained":[{"floor":3,"key":"Fruit Juice"},{"floor":8,"key":"EntropicBrew"},{"floor":11,"key":"CultistPotion"},{"floor":18,"key":"Strength Potion"}],"is_trial":false,"path_per_floor":["M","?","M","$","?","E","R","E","T","?","M","M","M","T","R","B",null,"M","?","M","M","$","E","?","?","T","$","R","?"],"character_chosen":"IRONCLAD","items_purchased":["ClockworkSouvenir"],"campfire_rested":1,"item_purchase_floors":[22],"current_hp_per_floor":[94,94,92,92,69,15,44,11,11,8,14,19,24,24,33,35,99,53,53,47,30,30,28,28,28,28,28,37,0,0],"gold":46,"neow_bonus":"ONE_RARE_RELIC","is_daily":false,"chose_seed":false,"campfire_upgraded":2,"win_rate":0.0,"timestamp":1613059484,"path_taken":["M","?","M","$","?","E","R","E","T","?","M","M","?","?","R","BOSS","M","?","?","M","$","E","?","?","T","$","R","?"],"items_purchased_type":["Relic"],"build_version":"2020-12-22","purchased_purges":2,"victory":false,"max_hp_per_floor":[94,94,94,94,94,99,99,99,99,99,99,99,99,99,99,99,99,99,99,99,99,99,99,99,99,99,99,99,99,99],"relic_stats":{"Darkstone Periapt":0,"Regal Pillow":0,"Torii":47,"counters":[13,68],"Bloody Idol":0,"Pantograph":25,"Eternal Feather":18,"obtain_stats":[{"Darkstone Periapt":6,"Regal Pillow":23,"Torii":8,"Golden Idol":5,"Oddly Smooth Stone":14,"Mango":0,"Eternal Feather":10,"Burning Blood":0,"White Beast Statue":26,"ClockworkSouvenir":22,"SlaversCollar":17,"Pantograph":9,"MutagenicStrength":24,"Bloody Idol":25},{"Darkstone Periapt":3,"Regal Pillow":12,"Torii":4,"Golden Idol":2,"Oddly Smooth Stone":7,"Mango":0,"Eternal Feather":4,"Burning Blood":0,"White Beast Statue":12,"ClockworkSouvenir":11,"SlaversCollar":8,"Pantograph":4,"MutagenicStrength":12,"Bloody Idol":12},{"Darkstone Periapt":13,"Regal Pillow":64,"Torii":24,"Golden Idol":7,"Oddly Smooth Stone":32,"Mango":0,"Eternal Feather":24,"Burning Blood":0,"White Beast Statue":64,"ClockworkSouvenir":61,"SlaversCollar":42,"Pantograph":24,"MutagenicStrength":64,"Bloody Idol":64}],"Burning Blood":66},"card_choices":[{"not_picked":["Evolve","Whirlwind"],"picked":"True Grit","floor":1},{"not_picked":["Iron Wave","Clash"],"picked":"Ghostly Armor","floor":3},{"not_picked":["Rage","Feel No Pain"],"picked":"Headbutt","floor":6},{"not_picked":["Brutality","True Grit"],"picked":"Spot Weakness","floor":8},{"not_picked":["Second Wind","Anger"],"picked":"Pommel Strike","floor":11},{"not_picked":["Iron Wave","Twin Strike"],"picked":"Pommel Strike","floor":12},{"not_picked":["Clothesline","Body Slam"],"picked":"Heavy Blade","floor":13},{"not_picked":["Double Tap","Bludgeon"],"picked":"Demon Form","floor":16},{"not_picked":["Rampage","Headbutt+1"],"picked":"True Grit","floor":18},{"not_picked":["Blood for Blood+1","Sword Boomerang"],"picked":"Cleave","floor":20},{"not_picked":["Spot Weakness","Flame Barrier+1","Warcry"],"picked":"SKIP","floor":21},{"not_picked":["Body Slam","Burning Pact"],"picked":"Seeing Red+1","floor":23}],"player_experience":188974,"relics_obtained":[{"floor":6,"key":"Darkstone Periapt"},{"floor":8,"key":"Torii"},{"floor":9,"key":"Pantograph"},{"floor":14,"key":"Oddly Smooth Stone"},{"floor":23,"key":"Regal Pillow"},{"floor":26,"key":"White Beast Statue"}],"event_choices":[{"cards_removed":["Defend_R"],"damage_healed":0,"gold_gain":0,"player_choice":"Card Removal","damage_taken":0,"max_hp_gain":0,"max_hp_loss":0,"event_name":"The Cleric","floor":2,"gold_loss":50},{"damage_healed":0,"gold_gain":0,"player_choice":"Take Damage","damage_taken":23,"relics_obtained":["Golden Idol"],"max_hp_gain":0,"max_hp_loss":0,"event_name":"Golden Idol","floor":5,"gold_loss":0},{"damage_healed":0,"gold_gain":0,"player_choice":"Success","damage_taken":3,"relics_obtained":["Eternal Feather"],"max_hp_gain":0,"max_hp_loss":0,"event_name":"Scrap Ooze","floor":10,"gold_loss":0},{"cards_removed":["Strike_R"],"damage_healed":0,"gold_gain":0,"player_choice":"Upgrade and Remove","damage_taken":0,"max_hp_gain":0,"max_hp_loss":0,"event_name":"Designer","floor":19,"gold_loss":90,"cards_upgraded":["Pommel Strike"]},{"damage_healed":0,"gold_gain":0,"player_choice":"Inject Mutagens","damage_taken":0,"relics_obtained":["MutagenicStrength"],"max_hp_gain":0,"max_hp_loss":0,"event_name":"Drug Dealer","floor":24,"gold_loss":0},{"damage_healed":0,"gold_gain":0,"player_choice":"Gave Idol","damage_taken":0,"relics_obtained":["Bloody Idol"],"max_hp_gain":0,"max_hp_loss":0,"event_name":"Forgotten Altar","floor":25,"relics_lost":["Golden Idol"],"gold_loss":0},{"damage_healed":0,"gold_gain":0,"player_choice":"Fight","damage_taken":0,"max_hp_gain":0,"max_hp_loss":0,"event_name":"Colosseum","floor":29,"gold_loss":0}],"is_beta":false,"boss_relics":[{"not_picked":["Philosopher\u0027s Stone","Mark of Pain"],"picked":"SlaversCollar"}],"items_purged_floors":[4,22],"is_endless":false,"potions_floor_spawned":[3,8,11,18,20],"killed_by":"Colosseum Slavers","ascension_level":2}}