{"host":"vex7walpoxzv48nx","time":1613057372,"event":{"mods":["AchievementEnabler","BaseMod","Highlight Path","Minty Spire (QoL Compilation)","Permanent Neow","Quick Restart","StSLib","UnlockEverythingMod"],"gold_per_floor":[13,24,39,57,57,57,95,95,95,119,155,174,174,189,189,314,314,334,11,11,11],"floor_reached":20,"language":"ENG","playtime":1674,"items_purged":["Defend_P"],"score":261,"play_id":"984995b2-a9ce-43a8-968a-ca27dd1036a8","local_time":"20210211162932","is_ascension_mode":false,"campfire_choices":[{"data":"Conclude","floor":6.0,"key":"SMITH"},{"floor":8.0,"key":"REST"},{"floor":13.0,"key":"REST"},{"data":"Perseverance","floor":15.0,"key":"SMITH"}],"circlet_count":0,"master_deck":["Strike_P","Strike_P+1","Defend_P+1","Defend_P+1","Eruption","Vigilance","Tantrum","Conclude+1","Halt+1","FollowUp+1","WheelKick","Consecrate","ClearTheMind","LessonLearned","FearNoEvil","Tantrum","Perseverance+1","EmptyFist","Scrawl","Collect+1","Collect+1","FlurryOfBlows+1","FlurryOfBlows","Protect"],"relics":["PureWater","CaptainsWheel","Golden Idol","StrikeDummy","Prayer Wheel","Ginger","Astrolabe","War Paint"],"acts_visited":["Exordium","TheCity"],"potions_floor_usage":[],"damage_taken":[{"damage":3.0,"enemies":"Jaw Worm","floor":1.0,"turns":4.0},{"damage":0.0,"enemies":"2 Louse","floor":2.0,"turns":2.0},{"damage":0.0,"enemies":"Small Slimes","floor":3.0,"turns":1.0},{"damage":4.0,"enemies":"Blue Slaver","floor":4.0,"turns":4.0},{"damage":21.0,"enemies":"Lagavulin","floor":7.0,"turns":5.0},{"damage":1.0,"enemies":"Exordium Thugs","floor":10.0,"turns":2.0},{"damage":0.0,"enemies":"3 Sentries","floor":11.0,"turns":1.0},{"damage":26.0,"enemies":"Large Slime","floor":12.0,"turns":7.0},{"damage":3.0,"enemies":"Looter","floor":14.0,"turns":5.0},{"damage":0.0,"enemies":"Slime Boss","floor":16.0,"turns":5.0},{"damage":0.0,"enemies":"Chosen","floor":18.0,"turns":4.0}],"seed_played":"-2551574773459243558","potions_obtained":[{"floor":2.0,"key":"Strength Potion"},{"floor":10.0,"key":"SteroidPotion"},{"floor":11.0,"key":"Energy Potion"},{"floor":16.0,"key":"Swift Potion"},{"floor":18.0,"key":"DuplicationPotion"}],"is_trial":false,"path_per_floor":["M","M","M","M","?","R","E","R","T","M","E","M","R","M","R","B",null,"M","$","?"],"character_chosen":"WATCHER","items_purchased":["FlurryOfBlows","War Paint","Protect"],"campfire_rested":2,"item_purchase_floors":[19,19,19],"current_hp_per_floor":[69,69,69,65,47,47,26,47,47,46,46,20,41,38,38,38,72,72,72,72,72],"gold":11,"neow_bonus":"ONE_RARE_RELIC","is_daily":false,"chose_seed":false,"campfire_upgraded":2,"win_rate":0.0,"timestamp":1613057372,"path_taken":["M","M","M","M","?","R","E","R","T","M","E","M","R","M","R","BOSS","M","$","?"],"items_purchased_type":["Card","Relic","Card"],"build_version":"2020-12-22","purchased_purges":1,"victory":false,"max_hp_per_floor":[72,72,72,72,72,72,72,72,72,72,72,72,72,72,72,72,72,72,72,72,72],"card_choices":[{"not_picked":["JustLucky","CutThroughFate"],"picked":"Tantrum","floor":1.0},{"not_picked":["JustLucky","Study"],"picked":"Conclude","floor":2.0},{"not_picked":["ThirdEye","Prostrate"],"picked":"Halt","floor":3.0},{"not_picked":["ClearTheMind","BattleHymn"],"picked":"FollowUp","floor":4.0},{"not_picked":["SignatureMove","FlurryOfBlows"],"picked":"WheelKick","floor":7.0},{"not_picked":["Conclude","ForeignInfluence"],"picked":"Consecrate","floor":10.0},{"not_picked":["MentalFortress","WreathOfFlame"],"picked":"ClearTheMind","floor":10.0},{"not_picked":["BattleHymn","Protect"],"picked":"LessonLearned","floor":11.0},{"not_picked":["CrushJoints","Consecrate"],"picked":"FearNoEvil","floor":12.0},{"not_picked":["FlyingSleeves","ClearTheMind"],"picked":"Tantrum","floor":12.0},{"not_picked":["JustLucky","Crescendo"],"picked":"Perseverance","floor":14.0},{"not_picked":["EmptyBody","Ragnarok"],"picked":"EmptyFist","floor":14.0},{"not_picked":["SpiritShield","Wish"],"picked":"Scrawl","floor":16.0},{"not_picked":["Nirvana","Crescendo","EmptyFist"],"picked":"SKIP","floor":18.0},{"not_picked":["SignatureMove","Halt","FollowUp"],"picked":"SKIP","floor":18.0}],"player_experience":283508,"relics_obtained":[{"floor":7.0,"key":"StrikeDummy"},{"floor":9.0,"key":"Prayer Wheel"},{"floor":11.0,"key":"Ginger"}],"event_choices":[{"damage_healed":0.0,"max_hp_gain":0.0,"max_hp_loss":0.0,"gold_gain":0.0,"event_name":"Golden Idol","player_choice":"Take Damage","floor":5.0,"gold_loss":0.0,"damage_taken":18.0,"relics_obtained":["Golden Idol"]}],"is_beta":false,"boss_relics":[{"not_picked":["SacredBark","Busted Crown"],"picked":"Astrolabe"}],"items_purged_floors":[19],"is_endless":false,"potions_floor_spawned":[2,10,11,12,16,18],"ascension_level":0}}