{"host":"l3driqybz9dsrt8z","time":1608927066,"event":{"mods":["AchievementEnabler","Act Like it!","Aspiration","BaseMod","Conspire","Downfall","GifTheSpireLib","Hallownest","Hermit","Hubris","Hunter ??","Infinite Spire","Marisa????????","Minty Spire (QoL Compilation)","Quick Restart","Replay The Spire","StSLib","Stuff the Spire","The Bug Knight","The Servant 0.9.4","[IsaacMod]????"],"gold_per_floor":[99,99,99,99,99,99,99,130,147,181,197,229,229,244,264,264,264,264],"floor_reached":16,"playtime":767,"items_purged":[],"score":108,"play_id":"face3480-f74d-464e-9a57-1f187702dbf8","local_time":"20201225201106","is_ascension_mode":false,"campfire_choices":[{"data":"Guardian:TwinSlam","floor":1,"key":"SMITH"},{"floor":13,"key":"DIG"}],"circlet_count":0,"master_deck":["infinitespire:SevenWalls+1","Guardian:Strike_Guardian+1","Guardian:Strike_Guardian+1","Guardian:Strike_Guardian+1","Guardian:Defend_Guardian","Guardian:Defend_Guardian","Guardian:Defend_Guardian","Guardian:CurlUp","Guardian:TwinSlam+1","Guardian:GuardianWhirl","Guardian:Gem_Lightblue","Guardian:Gem_Synthetic","Guardian:Gem_Red","Guardian:ShieldSpikes"],"relics":["Guardian:ModeShifter","HushsDoor","TheBean","downfall:HeartsMalice","Replay:Bottled Eggs","Shovel","Replay:Bottled Steam","Smiling Mask"],"acts_visited":["Exordium"],"potions_floor_usage":[16,16],"damage_taken":[{"damage":0,"enemies":"2 Louse","floor":2,"turns":1},{"damage":0,"enemies":"downfall:FleeingMerchant","floor":5,"turns":1},{"damage":0,"enemies":"Jaw Worm","floor":6,"turns":1},{"damage":0,"enemies":"Small Slimes","floor":9,"turns":2},{"damage":8,"enemies":"Lagavulin","floor":10,"turns":5},{"damage":0,"enemies":"Blue Slaver","floor":11,"turns":1},{"damage":3,"enemies":"3 Sentries","floor":12,"turns":3},{"damage":0,"enemies":"Lots of Slimes","floor":14,"turns":1},{"damage":16,"enemies":"Gremlin Gang","floor":15,"turns":4},{"damage":23,"enemies":"downfall:Defect","floor":16,"turns":8}],"seed_played":"-2379145499138149137","potions_obtained":[{"floor":11,"key":"AttackPotion"},{"floor":12,"key":"conspire:TimeTravelPotion"},{"floor":14,"key":"Elixir"}],"is_trial":false,"path_per_floor":["R","M","?","?","$","M","T","?","M","E","M","E","R","M","M","B"],"character_chosen":"GUARDIAN","items_purchased":[],"campfire_rested":0,"item_purchase_floors":[],"current_hp_per_floor":[80,80,80,80,80,80,80,60,60,52,52,49,49,49,33,10,10,10],"gold":264,"neow_bonus":"THREE_ENEMY_KILL","is_daily":false,"chose_seed":false,"campfire_upgraded":1,"win_rate":0.0,"timestamp":1608927066,"path_taken":["R","M","?","?","$","?","T","?","M","E","M","E","R","M","M","BOSS"],"items_purchased_type":[],"build_version":"2020-12-22","purchased_purges":0,"victory":false,"max_hp_per_floor":[80,80,80,80,80,80,80,80,80,80,80,80,80,80,80,80,80,80],"card_choices":[{"not_picked":["Guardian:SentryBeam","Guardian:Suspension"],"picked":"Guardian:GuardianWhirl","floor":2},{"not_picked":["Guardian:Gem_Cyan","Guardian:Gem_Lightblue"],"picked":"Guardian:Gem_Synthetic","floor":5},{"not_picked":["Guardian:PrimingBeam","Guardian:TemporalShield"],"picked":"Guardian:Gem_Crimson","floor":6},{"not_picked":["Guardian:CrystalBeam","Guardian:Gem_Green"],"picked":"Bomb","floor":8},{"not_picked":["Guardian:PrimingBeam","Guardian:PrismaticBarrier"],"picked":"Guardian:Gem_Red","floor":9},{"not_picked":["Guardian:ConstructionForm","Guardian:ChargeUp","Guardian:Repulse"],"picked":"SKIP","floor":10},{"not_picked":["Guardian:Gem_Lightblue","Guardian:Incinerate"],"picked":"Guardian:Gem_Red","floor":11},{"not_picked":["Guardian:Gem_Green","Guardian:CrystalBeam"],"picked":"Bomb","floor":12},{"not_picked":["Guardian:VentSteam","Guardian:ShieldCharger"],"picked":"Guardian:ShieldSpikes","floor":14},{"not_picked":["Guardian:TemporalShield","Guardian:Reroute","Guardian:TimeCapacitor"],"picked":"SKIP","floor":15}],"player_experience":30577,"relics_obtained":[{"floor":7,"key":"Replay:Bottled Eggs"},{"floor":8,"key":"Shovel"},{"floor":10,"key":"Replay:Bottled Steam"},{"floor":13,"key":"Smiling Mask"}],"event_choices":[],"is_beta":false,"boss_relics":[],"items_purged_floors":[],"is_endless":false,"potions_floor_spawned":[11,12,14,15],"killed_by":"downfall:Defect","ascension_level":0}}