{"host":"w97dq1whmpm6b2tc","time":1608930517,"event":{"mods":["BaseMod","Challenge The Spire","Downfall","Minty Spire (QoL Compilation)","Replay The Spire","StSLib"],"gold_per_floor":[99,99,99,24,24,53,53,65,84,9,27,39,39,67,85,190,190,190,190,40,55,75,89,89,42,57,57,89,14,45,45,56,161,161,86,100,116,116,162,195,195,195,195,45,56,73,105,105,117,117,117,144,144,144,144],"floor_reached":56,"playtime":4154,"items_purged":["champ:Defend","champ:Strike","champ:Strike","champ:Strike"],"score":1650,"play_id":"488cb80c-3355-42ed-bc3f-654420b4058c","local_time":"20201225230837","is_ascension_mode":true,"campfire_choices":[{"data":"champ:Taunt","floor":1,"key":"SMITH"},{"data":"champ:BladeFlurry","floor":10,"key":"SMITH"},{"data":"champ:ArenaPreparation","floor":13,"key":"SMITH"},{"floor":18,"key":"RECALL"},{"data":"champ:BladeFlurry","floor":27,"key":"SMITH"},{"data":"champ:ArenaPreparation","floor":29,"key":"SMITH"},{"data":"champ:ShieldWall","floor":35,"key":"SMITH"},{"data":"champ:ShieldWall","floor":43,"key":"SMITH"},{"data":"champ:RageSigil","floor":54,"key":"SMITH"}],"circlet_count":0,"master_deck":["champ:Strike","champ:Defend","champ:Defend","champ:Defend","champ:Execute","champ:Taunt+1","champ:GladiatorStyle+1","champ:AdrenalArmor","champ:Balance","champ:BladeFlurry+1","champ:ShieldWall+1","champ:ArenaPreparation+1","champ:Haymaker","champ:SwordSigil","champ:RageSigil+1","champ:BladeFlurry+1","champ:ArenaPreparation+1","champ:ShieldWall+1","champ:EnchantSword","AbeCurse","champ:RageSigil+1","champ:ArenaPreparation+1","expansioncontent:GuardianWhirl","champ:RageSigil+1"],"relics":["champ:ChampionCrown","downfall:HeartsMalice","Akabeko","ReplayTheSpireMod:TigerMarble","downfall:HeartBlessingBlue","Snack Pack","Painkiller Herb","Replay:Bottled Eggs","sneckomod:BlankCard","Replay:Ringing Soul","downfall:HeartBlessingRed","Dream Catcher","Abe\u0027s Treasure","downfall:HeartBlessingGreen","Unceasing Top","Anchor","Replay:Bottled Flurry","Ice Cream","Mirror"],"acts_visited":["Exordium","TheCity","TheBeyond","TheEnding"],"potions_floor_usage":[20,26,28,33,40,45,55,55],"damage_taken":[{"damage":0,"enemies":"Jaw Worm","floor":2,"turns":1},{"damage":0,"enemies":"downfall:FleeingMerchant","floor":4,"turns":1},{"damage":0,"enemies":"Lagavulin","floor":6,"turns":1},{"damage":10,"enemies":"Cultist","floor":8,"turns":3},{"damage":19,"enemies":"Small Slimes","floor":9,"turns":2},{"damage":8,"enemies":"Blue Slaver","floor":11,"turns":2},{"damage":0,"enemies":"Large Slime","floor":12,"turns":2},{"damage":5,"enemies":"Gremlin Nob","floor":14,"turns":1},{"damage":7,"enemies":"3 Louse","floor":15,"turns":4},{"damage":36,"enemies":"downfall:Watcher","floor":16,"turns":6},{"damage":27,"enemies":"downfall:FleeingMerchant","floor":20,"turns":4},{"damage":5,"enemies":"Spheric Guardian","floor":21,"turns":2},{"damage":0,"enemies":"Shell Parasite","floor":22,"turns":2},{"damage":38,"enemies":"Centurion and Healer","floor":23,"turns":2},{"damage":27,"enemies":"downfall:FleeingMerchant","floor":25,"turns":4},{"damage":9,"enemies":"Snake Plant","floor":26,"turns":2},{"damage":31,"enemies":"Replay:Snechameleon","floor":28,"turns":4},{"damage":28,"enemies":"Slavers","floor":30,"turns":3},{"damage":26,"enemies":"3 Cultists","floor":32,"turns":3},{"damage":37,"enemies":"downfall:Silent","floor":33,"turns":4},{"damage":12,"enemies":"3 Shapes","floor":36,"turns":3},{"damage":5,"enemies":"Orb Walker","floor":37,"turns":2},{"damage":49,"enemies":"2 Orb Walkers","floor":39,"turns":3},{"damage":59,"enemies":"Nemesis","floor":40,"turns":5},{"damage":46,"enemies":"3 Darklings","floor":45,"turns":2},{"damage":21,"enemies":"Maw","floor":46,"turns":3},{"damage":36,"enemies":"Reptomancer","floor":47,"turns":2},{"damage":17,"enemies":"Spire Growth","floor":49,"turns":2},{"damage":30,"enemies":"downfall:Ironclad","floor":50,"turns":4},{"damage":71,"enemies":"downfall:CharBossMerchant","floor":52,"turns":4},{"damage":41,"enemies":"downfall:NeowBoss","floor":55,"turns":12}],"seed_played":"4648954364039486654","potions_obtained":[{"floor":6,"key":"SneckoOil"},{"floor":8,"key":"Languid Potion"},{"floor":11,"key":"ColorlessPotion"},{"floor":15,"key":"Weak Potion"},{"floor":23,"key":"SteroidPotion"},{"floor":26,"key":"Dexterity Potion"},{"floor":32,"key":"champ:OpenerPotion"},{"floor":33,"key":"BlessingOfTheForge"},{"floor":40,"key":"Block Potion"},{"floor":46,"key":"Explosive Potion"}],"is_trial":false,"path_per_floor":["R","M","?","$","?","E","T","M","M","R","M","M","R","E","M","B",null,"T","?","T","?","?","?","T","T","?","T","E","T","E","T","?","B",null,"T","?","?","?","?","E","T","?","T","T","?","?","E","T","?","B",null,"E","T","T","B",null],"character_chosen":"THE_CHAMP","items_purchased":["champ:SwordSigil","champ:ArenaPreparation","sneckomod:BlankCard"],"campfire_rested":0,"item_purchase_floors":[20,25,25],"current_hp_per_floor":[90,90,85,85,52,52,52,52,52,62,54,54,54,54,54,25,81,81,81,85,85,85,81,81,81,79,79,79,79,73,73,71,49,93,93,98,95,95,84,61,61,64,64,64,60,60,60,60,60,62,104,70,70,70,81],"gold":144,"neow_bonus":"THREE_ENEMY_KILL","is_daily":false,"chose_seed":false,"campfire_upgraded":8,"win_rate":0.0,"timestamp":1608930517,"path_taken":["R","M","?","?","?","E","T","M","M","R","M","M","R","E","M","BOSS","T","?","T","?","?","?","T","T","?","T","E","T","E","T","?","BOSS","T","?","?","?","?","E","T","?","T","T","?","?","E","T","?","BOSS","E","T","T","BOSS"],"items_purchased_type":["Card","Card","Relic"],"build_version":"2020-12-22","purchased_purges":4,"victory":true,"max_hp_per_floor":[90,90,90,90,90,90,90,90,90,100,100,100,100,100,100,100,100,100,100,100,100,100,100,100,100,100,100,100,100,100,100,100,103,106,106,109,109,109,109,112,112,115,115,115,115,118,118,118,118,118,118,118,118,118,118],"card_choices":[{"not_picked":["champ:ShieldSigil","champ:FanOfKnives"],"picked":"champ:GladiatorStyle","floor":2},{"not_picked":["champ:Circumvent","champ:StrikeOfGenius"],"picked":"champ:AdrenalArmor","floor":4},{"not_picked":["champ:BerserkersShout","champ:FocusedDefense"],"picked":"champ:Balance","floor":6},{"not_picked":["champ:Circumvent","champ:FalseCounter","champ:PerfectedStrike"],"picked":"SKIP","floor":8},{"not_picked":["champ:GladiatorsShout","champ:CrookedStrike"],"picked":"champ:BladeFlurry","floor":9},{"not_picked":["champ:TornadoPunch","champ:Circumvent"],"picked":"champ:ShieldWall","floor":11},{"not_picked":["champ:DeathBlow","champ:FlashCut"],"picked":"champ:ArenaPreparation","floor":12},{"not_picked":["champ:RecklessLeap","champ:EnchantShield"],"picked":"champ:Haymaker","floor":14},{"not_picked":["champ:StanceDance","champ:DefensiveStyle","champ:Backstep"],"picked":"SKIP","floor":15},{"not_picked":["champ:Shatter","champ:FightOn","champ:Duel"],"picked":"SKIP","floor":20},{"not_picked":["champ:Haymaker","champ:Backstep","champ:FaceSlap"],"picked":"SKIP","floor":21},{"not_picked":["champ:FightOn","champ:DefensiveShout+1"],"picked":"champ:RageSigil","floor":22},{"not_picked":["champ:FalseCounter","champ:Haymaker","champ:IgnorePain"],"picked":"SKIP","floor":23},{"not_picked":["champ:Duel+1","champ:Circumvent+1"],"picked":"champ:BladeFlurry","floor":25},{"not_picked":["champ:FanOfKnives","champ:DefensiveShout"],"picked":"champ:ShieldWall","floor":26},{"not_picked":["champ:TornadoPunch+1","champ:Backstep","champ:Haymaker+1"],"picked":"SKIP","floor":28},{"not_picked":["champ:FightOn","champ:PerfectedStrike","champ:SteelEdge"],"picked":"SKIP","floor":30},{"not_picked":["champ:PreciseThrust","champ:IronFortress","champ:RageSigil"],"picked":"SKIP","floor":32},{"not_picked":["champ:CrownThrow","champ:HoldFirm"],"picked":"champ:EnchantSword","floor":33},{"not_picked":["champ:AdrenalArmor+1","champ:CalledShot+1"],"picked":"champ:RageSigil+1","floor":36},{"not_picked":["champ:TornadoPunch","champ:CheapShot","champ:SkillfulDodge"],"picked":"SKIP","floor":37},{"not_picked":["champ:DancingMaster","champ:Haymaker"],"picked":"champ:ArenaPreparation+1","floor":40},{"not_picked":["Replay:SS_fish_1","expansioncontent:ChargeUp"],"picked":"expansioncontent:GuardianWhirl","floor":42},{"not_picked":["champ:GladiatorsShout","champ:ShieldSigil","champ:FlashCut"],"picked":"SKIP","floor":45},{"not_picked":["champ:Haymaker+1","champ:StanceDance"],"picked":"champ:RageSigil+1","floor":46},{"not_picked":["champ:HeartStrike+1","champ:ShieldThrow","champ:GutPunch+1"],"picked":"SKIP","floor":47},{"not_picked":["champ:Balance+1","champ:BringItOn+1","champ:GladiatorsShout"],"picked":"SKIP","floor":49},{"not_picked":["champ:Riposte+1","champ:DefensiveShout+1","champ:StanceDance"],"picked":"SKIP","floor":52}],"player_experience":3700130,"relics_obtained":[{"floor":6,"key":"ReplayTheSpireMod:TigerMarble"},{"floor":14,"key":"Snack Pack"},{"floor":24,"key":"Replay:Bottled Eggs"},{"floor":28,"key":"Replay:Ringing Soul"},{"floor":30,"key":"Dream Catcher"},{"floor":39,"key":"Unceasing Top"},{"floor":40,"key":"Anchor"},{"floor":41,"key":"Replay:Bottled Flurry"},{"floor":47,"key":"Ice Cream"},{"floor":52,"key":"Mirror"}],"event_choices":[{"damage_healed":0,"gold_gain":0,"player_choice":"Success","damage_taken":33,"relics_obtained":["Akabeko"],"max_hp_gain":0,"max_hp_loss":0,"event_name":"Scrap Ooze","floor":5,"gold_loss":0},{"damage_healed":0,"gold_gain":0,"player_choice":"Fight","damage_taken":0,"max_hp_gain":0,"max_hp_loss":0,"event_name":"Mysterious Sphere","floor":39,"gold_loss":0}],"is_beta":false,"boss_relics":[{"not_picked":["Snecko Heart","Busted Crown"],"picked":"Painkiller Herb"},{"not_picked":["Black Star","Runic Pyramid"],"picked":"Abe\u0027s Treasure"}],"items_purged_floors":[4,20,25,44],"is_endless":false,"potions_floor_spawned":[6,8,11,15,23,26,32,33,39,40,46,47,52],"ascension_level":5}}