{"host":"9tzam4717zt8ei1o","time":1608888340,"event":{"mods":["BaseMod","Colored Map","Keyboard Shortcuts","Minty Spire (QoL Compilation)","Quick Restart","StSLib","SuperFastMode"],"gold_per_floor":[119,134,147,160,175,175,175,210,210,226,102,133,133,154,154,247,247,266,77,77,90,90,90,90],"floor_reached":23,"playtime":526,"items_purged":["Strike_R","Strike_R"],"score":406,"play_id":"a3c62014-b110-4666-ba78-8ff7717618d9","local_time":"20201225182540","is_ascension_mode":true,"campfire_choices":[{"data":"Blood for Blood","floor":6.0,"key":"SMITH"},{"data":"Blood for Blood","floor":13.0,"key":"SMITH"},{"floor":15.0,"key":"REST"}],"circlet_count":0,"master_deck":["AscendersBane","Strike_R","Strike_R","Strike_R","Defend_R","Defend_R","Defend_R","Defend_R","Bash","Blood for Blood+1","Bloodletting","Fiend Fire","Pommel Strike","Seeing Red","Blood for Blood+1","Evolve+1","Burning Pact","Impervious","Feel No Pain","Fire Breathing","Wild Strike+1"],"relics":["Burning Blood","Smiling Mask","Bloody Idol","Boot","Bottled Lightning","Happy Flower","SlaversCollar"],"acts_visited":["Exordium","TheCity"],"potions_floor_usage":[23],"damage_taken":[{"damage":7.0,"enemies":"Cultist","floor":1.0,"turns":4.0},{"damage":23.0,"enemies":"Jaw Worm","floor":2.0,"turns":6.0},{"damage":4.0,"enemies":"2 Louse","floor":3.0,"turns":2.0},{"damage":17.0,"enemies":"Red Slaver","floor":4.0,"turns":5.0},{"damage":12.0,"enemies":"2 Fungi Beasts","floor":5.0,"turns":4.0},{"damage":5.0,"enemies":"3 Sentries","floor":8.0,"turns":10.0},{"damage":3.0,"enemies":"Looter","floor":10.0,"turns":1.0},{"damage":35.0,"enemies":"Gremlin Nob","floor":12.0,"turns":4.0},{"damage":3.0,"enemies":"Large Slime","floor":14.0,"turns":3.0},{"damage":30.0,"enemies":"Hexaghost","floor":16.0,"turns":7.0},{"damage":40.0,"enemies":"Shell Parasite","floor":18.0,"turns":4.0},{"damage":8.0,"enemies":"Chosen","floor":21.0,"turns":5.0},{"damage":24,"enemies":"Slavers","floor":23,"turns":1}],"seed_played":"-3896899493805002932","potions_obtained":[{"floor":2.0,"key":"PowerPotion"},{"floor":4.0,"key":"SteroidPotion"},{"floor":10.0,"key":"PowerPotion"},{"floor":18.0,"key":"DistilledChaos"}],"is_trial":false,"path_per_floor":["M","M","M","M","M","R","?","E","T","M","$","E","R","M","R","B",null,"M","$","?","M","?","E"],"character_chosen":"IRONCLAD","items_purchased":["Blood for Blood","SteroidPotion","Fire Breathing"],"campfire_rested":1,"item_purchase_floors":[11,19,19],"current_hp_per_floor":[67,50,52,41,35,35,35,36,36,39,39,10,10,13,33,9,53,19,19,19,22,22,0,0],"gold":90,"neow_bonus":"RANDOM_COMMON_RELIC","is_daily":false,"chose_seed":false,"campfire_upgraded":2,"win_rate":0.0,"timestamp":1608888340,"path_taken":["M","M","?","M","M","R","?","E","T","M","$","E","R","M","R","BOSS","M","$","?","M","?","E"],"items_purchased_type":["Card","Potion","Card"],"build_version":"2020-12-22","purchased_purges":2,"victory":false,"max_hp_per_floor":[75,75,75,75,75,75,68,68,68,68,68,68,68,68,68,68,68,68,68,68,68,68,68,68],"card_choices":[{"not_picked":["True Grit","Warcry"],"picked":"Blood for Blood","floor":1.0},{"not_picked":["Heavy Blade","True Grit"],"picked":"Bloodletting","floor":2.0},{"not_picked":["Twin Strike","Heavy Blade","Cleave"],"picked":"SKIP","floor":3.0},{"not_picked":["Armaments","Iron Wave","Warcry"],"picked":"SKIP","floor":4.0},{"not_picked":["Havoc","Iron Wave"],"picked":"Fiend Fire","floor":5.0},{"not_picked":["True Grit","Clash"],"picked":"Pommel Strike","floor":8.0},{"not_picked":["Armaments","Iron Wave"],"picked":"Seeing Red","floor":10.0},{"not_picked":["Wild Strike","Brutality"],"picked":"Evolve","floor":12.0},{"not_picked":["Headbutt","Wild Strike"],"picked":"Burning Pact","floor":14.0},{"not_picked":["Barricade","Exhume"],"picked":"Impervious","floor":16.0},{"not_picked":["Searing Blow","Reckless Charge"],"picked":"Feel No Pain","floor":18.0},{"not_picked":["Sever Soul","Spot Weakness"],"picked":"Wild Strike+1","floor":21.0}],"player_experience":115842,"relics_obtained":[{"floor":8.0,"key":"Boot"},{"floor":9.0,"key":"Bottled Lightning"},{"floor":12.0,"key":"Happy Flower"}],"event_choices":[{"damage_healed":0.0,"max_hp_gain":0.0,"max_hp_loss":7.0,"gold_gain":0.0,"event_name":"Golden Idol","player_choice":"Lose Max HP","floor":7.0,"gold_loss":0.0,"damage_taken":0.0,"relics_obtained":["Golden Idol"]},{"damage_healed":0.0,"max_hp_gain":0.0,"max_hp_loss":0.0,"gold_gain":0.0,"event_name":"Forgotten Altar","player_choice":"Gave Idol","floor":20.0,"relics_lost":["Golden Idol"],"gold_loss":0.0,"damage_taken":0.0,"relics_obtained":["Bloody Idol"]},{"damage_healed":0.0,"max_hp_gain":0.0,"max_hp_loss":0.0,"gold_gain":0.0,"event_name":"Accursed Blacksmith","player_choice":"Forge","floor":22.0,"gold_loss":0.0,"damage_taken":0.0,"cards_upgraded":["Evolve"]}],"is_beta":false,"boss_relics":[{"not_picked":["Fusion Hammer","Busted Crown"],"picked":"SlaversCollar"}],"items_purged_floors":[11,19],"is_endless":false,"potions_floor_spawned":[2,4,10,18,21],"killed_by":"Slavers","ascension_level":20}}