{"host":"pgqkv8mh62pnrbci","time":1608890873,"event":{"mods":["2.2 Compatiblity","AchievementEnabler","BaseMod","Custom Start","DeckTracker","Marisa£¨Ùöéë¡¡Øª×âÞÞ£©","Minty Spire (QoL Compilation)","StSLib","SuperFastMode","¡¼?Úª?ø«¡½REMEMod"],"gold_per_floor":[109,129,146,146,165,165,165,183,183,217,217,217,257,278,278,406,406,430,9,70,110,110,158,223,223,250,281,343,355,58,111,111,137,137],"floor_reached":33,"playtime":1533,"items_purged":["Strike_MRS+1"],"score":392,"play_id":"97df4132-eed0-44fa-8155-e3f5d6b50491","local_time":"20201225190753","is_ascension_mode":false,"campfire_choices":[{"data":"ShootTheMoon","floor":7.0,"key":"SMITH"},{"data":"1","floor":12.0,"key":"LIFT"},{"data":"2","floor":15.0,"key":"LIFT"},{"data":"UltimateShortwave","floor":25.0,"key":"SMITH"},{"data":"3","floor":29.0,"key":"LIFT"},{"data":"Discovery","floor":32.0,"key":"SMITH"}],"circlet_count":0,"master_deck":["Strike_MRS","Strike_MRS+1","Strike_MRS+1","Defend_MRS","Defend_MRS","Defend_MRS+1","Defend_MRS","MasterSpark","UpSweep+1","LessonLearned+1","ShootingEcho","ShootTheMoon+1","GrandCross","DoubleSpark+1","ManaConvection","SprinkleStarSeal","SuperPerseids","UltimateShortwave","WitchOfGreed","Orbital","Robbery+1","UltimateShortwave+1","ManaConvection","DoubleSpark+1","MagicChant","Discovery+1"],"relics":["MiniHakkero","REME_ComplimentaryCards","NeowsBlessing","Golden Idol","Girya","HornCleat","Ginger","ExperimentalFamiliar","SimpleLauncher","Mercury Hourglass","Omamori","MawBank","ShroomBag","REME_LimitBreaker"],"acts_visited":["Exordium","TheCity"],"potions_floor_usage":[33],"damage_taken":[{"damage":0.0,"enemies":"Cultist","floor":1.0,"turns":1.0},{"damage":0.0,"enemies":"Small Slimes","floor":2.0,"turns":2.0},{"damage":0.0,"enemies":"2 Louse","floor":3.0,"turns":1.0},{"damage":8.0,"enemies":"Lots of Slimes","floor":5.0,"turns":4.0},{"damage":0.0,"enemies":"Large Slime","floor":8.0,"turns":3.0},{"damage":18.0,"enemies":"Lagavulin","floor":10.0,"turns":5.0},{"damage":0.0,"enemies":"Gremlin Nob","floor":13.0,"turns":3.0},{"damage":9.0,"enemies":"2 Fungi Beasts","floor":14.0,"turns":3.0},{"damage":16.0,"enemies":"Slime Boss","floor":16.0,"turns":7.0},{"damage":0.0,"enemies":"3 Byrds","floor":18.0,"turns":2.0},{"damage":0.0,"enemies":"Chosen","floor":20.0,"turns":3.0},{"damage":21.0,"enemies":"Snake Plant","floor":21.0,"turns":2.0},{"damage":0.0,"enemies":"Shelled Parasite and Fungi","floor":23.0,"turns":3.0},{"damage":0.0,"enemies":"REME_1_Revenger","floor":24.0,"turns":3.0},{"damage":8.0,"enemies":"Gremlin Leader","floor":27.0,"turns":3.0},{"damage":0.0,"enemies":"Centurion and Healer","floor":28.0,"turns":4.0},{"damage":0.0,"enemies":"Slavers","floor":31.0,"turns":2.0},{"damage":79,"enemies":"Champ","floor":33,"turns":7}],"seed_played":"-616845080033885438","potions_obtained":[{"floor":10.0,"key":"Fruit Juice"},{"floor":13.0,"key":"LiquidBronze"},{"floor":14.0,"key":"DuplicationPotion"},{"floor":16.0,"key":"REME_GoldPotion"},{"floor":20.0,"key":"ShroomBrew"},{"floor":21.0,"key":"EssenceOfSteel"},{"floor":23.0,"key":"Swift Potion"},{"floor":28.0,"key":"LiquidMemories"},{"floor":31.0,"key":"Energy Potion"}],"is_trial":false,"path_per_floor":["M","M","M","?","M","?","R","M","T","E","?","R","E","M","R","B",null,"M","$","M","M","?","M","E","R","T","E","M","R","$","E","R","B"],"character_chosen":"MARISA","items_purchased":["WitchOfGreed","SimpleLauncher","Orbital","ShroomBag","Discovery"],"campfire_rested":0,"item_purchase_floors":[19,19,19,30,30],"current_hp_per_floor":[75,75,75,57,49,49,49,49,49,36,36,36,36,27,27,11,80,80,80,80,59,59,59,59,59,59,51,51,51,51,51,51,0,0],"gold":137,"neow_bonus":"THREE_ENEMY_KILL","is_daily":false,"chose_seed":false,"campfire_upgraded":3,"win_rate":0.0,"timestamp":1608890873,"path_taken":["M","?","M","?","?","?","R","?","T","E","?","R","E","M","R","BOSS","M","$","M","M","?","?","E","R","T","E","M","R","$","E","R","BOSS"],"items_purchased_type":["Card","Relic","Card","Relic","Card"],"build_version":"2020-12-22","purchased_purges":1,"victory":false,"max_hp_per_floor":[75,75,75,75,75,75,75,75,75,80,80,80,80,80,80,80,80,80,80,80,80,80,80,80,80,80,80,80,80,80,80,80,80,80],"card_choices":[{"not_picked":["MilkyWay","DoubleSpark"],"picked":"ShootingEcho","floor":1.0},{"not_picked":["StarBarrage","PropBag"],"picked":"ShootTheMoon","floor":2.0},{"not_picked":["LuminesStrike","ShootingEcho","BlazeAway"],"picked":"SKIP","floor":3.0},{"not_picked":["StarBarrage","EnergyRecoil"],"picked":"GrandCross","floor":5.0},{"not_picked":["ShootingEcho","UnstableBomb"],"picked":"DoubleSpark","floor":8.0},{"not_picked":["ChargingUp","MysteriousBeam"],"picked":"ManaConvection","floor":10.0},{"not_picked":["IllusionStar","ManaRampage"],"picked":"SprinkleStarSeal","floor":13.0},{"not_picked":["ManaConvection","GrandCross"],"picked":"SuperPerseids","floor":14.0},{"not_picked":["FinalSpark","BinaryStars"],"picked":"UltimateShortwave","floor":16.0},{"not_picked":["SprinkleStarSeal","6A+1","DoubleSpark"],"picked":"SKIP","floor":18.0},{"not_picked":["MysteriousBeam","DC"],"picked":"Robbery+1","floor":20.0},{"not_picked":["OpenUniverse","LuminesStrike+1","EnergyRecoil"],"picked":"SKIP","floor":21.0},{"not_picked":["Occultation+1","SuperPerseids"],"picked":"DoubleSpark+1","floor":23.0},{"not_picked":["GalacticHalo+1","GravityBeat","StarDustReverie"],"picked":"SKIP","floor":24.0},{"not_picked":["DoubleSpark","ManaConvection"],"picked":"MagicChant","floor":27.0},{"not_picked":["AsteroidBelt","EnergyRecoil+1","GalacticHalo+1"],"picked":"SKIP","floor":28.0},{"not_picked":["NonDirectionalLaser","EnergyRecoil","LuminesStrike"],"picked":"SKIP","floor":31.0}],"player_experience":574122,"relics_obtained":[{"floor":9.0,"key":"Girya"},{"floor":10.0,"key":"HornCleat"},{"floor":13.0,"key":"Ginger"},{"floor":24.0,"key":"Mercury Hourglass"},{"floor":26.0,"key":"Omamori"},{"floor":27.0,"key":"MawBank"},{"floor":31.0,"key":"REME_LimitBreaker"}],"event_choices":[{"damage_healed":0.0,"max_hp_gain":0.0,"max_hp_loss":0.0,"gold_gain":0.0,"event_name":"Golden Idol","player_choice":"Take Damage","floor":4.0,"gold_loss":0.0,"damage_taken":18.0,"relics_obtained":["Golden Idol"]},{"damage_healed":0.0,"max_hp_gain":0.0,"max_hp_loss":0.0,"gold_gain":0.0,"event_name":"Upgrade Shrine","player_choice":"Upgraded","floor":6.0,"gold_loss":0.0,"damage_taken":0.0,"cards_upgraded":["UpSweep"]},{"damage_healed":0.0,"max_hp_gain":0.0,"max_hp_loss":0.0,"gold_gain":0.0,"event_name":"Liars Game","player_choice":"Ignored","floor":11.0,"gold_loss":0.0,"damage_taken":0.0},{"damage_healed":0.0,"max_hp_gain":0.0,"max_hp_loss":0.0,"gold_gain":0.0,"event_name":"Match and Keep!","player_choice":"2 cards matched","floor":22.0,"gold_loss":0.0,"damage_taken":0.0,"cards_obtained":["UltimateShortwave","ManaConvection"]}],"is_beta":false,"boss_relics":[{"not_picked":["SlaversCollar","BewitchedHakkero"],"picked":"ExperimentalFamiliar"}],"items_purged_floors":[30],"is_endless":false,"potions_floor_spawned":[10,13,14,16,18,23,31],"killed_by":"Champ","ascension_level":0}}