{"host":"2lo6hma6kymb0g9i","time":1608924860,"event":{"mods":["BaseMod","Colored Map","DeckTracker","Minty Spire (QoL Compilation)"],"gold_per_floor":[109,184,20,20,70,95,115,40,40,50,50,82,82,97,97,175,175,193,205,205,155,155,155,186,104,149,179,179,190,216,229,229,305,305,315,154,154,21,37,37,67,82,106,161,0,14,40,53,53,53,53,53,53,11,43,43],"floor_reached":57,"playtime":6463,"items_purged":["Strike_G","Strike_G","Strike_G","Strike_G","Blade Dance"],"score":2827,"play_id":"a5ba641a-6d2c-4c78-aac7-78f18b6fdbaf","local_time":"20201226043420","is_ascension_mode":true,"campfire_choices":[{"data":"Terror","floor":11,"key":"SMITH"},{"data":"Phantasmal Killer","floor":15,"key":"SMITH"},{"data":"Leg Sweep","floor":23,"key":"SMITH"},{"data":"Adrenaline","floor":28,"key":"SMITH"},{"data":"Footwork","floor":32,"key":"SMITH"},{"data":"Calculated Gamble","floor":40,"key":"SMITH"},{"floor":49,"key":"RECALL"},{"data":"Footwork","floor":53,"key":"SMITH"}],"circlet_count":0,"master_deck":["AscendersBane","Defend_G","Defend_G","Defend_G","Defend_G","Defend_G","Survivor","Neutralize","Slice+1","Cloak And Dagger","Backstab+1","Footwork+1","Terror+1","Phantasmal Killer+1","Grand Finale","Leg Sweep+1","Backflip","Terror","Caltrops","Adrenaline+1","Acrobatics","Footwork+1","Deflect","Venomology","Prepared+1","Calculated Gamble+1","Backflip","Prepared+1","Dagger Throw+1","Footwork+1","Flechettes","Footwork"],"relics":["Ring of the Snake","NeowsBlessing","Membership Card","Bird Faced Urn","Meat on the Bone","Nunchaku","Runic Pyramid","Gremlin Horn","Ancient Tea Set","Orichalcum","Potion Belt","Velvet Choker","ClockworkSouvenir","Sundial","Tough Bandages","Red Mask","Whetstone"],"acts_visited":["Exordium","TheCity","TheBeyond","TheEnding"],"potions_floor_usage":[24,33,33,39,42,44,44,46,47,47,50,55,56,56],"damage_taken":[{"damage":0,"enemies":"Jaw Worm","floor":1,"turns":1},{"damage":0,"enemies":"Gremlin Nob","floor":6,"turns":1},{"damage":0,"enemies":"Small Slimes","floor":7,"turns":1},{"damage":0,"enemies":"Cultist","floor":10,"turns":4},{"damage":11,"enemies":"Lagavulin","floor":12,"turns":8},{"damage":0,"enemies":"Blue Slaver","floor":14,"turns":2},{"damage":21,"enemies":"The Guardian","floor":16,"turns":15},{"damage":6,"enemies":"Shell Parasite","floor":18,"turns":3},{"damage":6,"enemies":"2 Thieves","floor":19,"turns":5},{"damage":21,"enemies":"Slavers","floor":24,"turns":9},{"damage":1,"enemies":"Gremlin Leader","floor":27,"turns":5},{"damage":0,"enemies":"Snecko","floor":29,"turns":4},{"damage":18,"enemies":"Slavers","floor":30,"turns":3},{"damage":0,"enemies":"Centurion and Healer","floor":31,"turns":4},{"damage":10,"enemies":"Automaton","floor":33,"turns":10},{"damage":2,"enemies":"3 Shapes","floor":35,"turns":5},{"damage":0,"enemies":"3 Darklings","floor":39,"turns":3},{"damage":0,"enemies":"Giant Head","floor":41,"turns":6},{"damage":5,"enemies":"Spire Growth","floor":42,"turns":5},{"damage":40,"enemies":"2 Orb Walkers","floor":44,"turns":4},{"damage":7,"enemies":"Maw","floor":46,"turns":6},{"damage":19,"enemies":"Nemesis","floor":47,"turns":7},{"damage":0,"enemies":"4 Shapes","floor":48,"turns":3},{"damage":37,"enemies":"Time Eater","floor":50,"turns":11},{"damage":18,"enemies":"Donu and Deca","floor":51,"turns":7},{"damage":34,"enemies":"Shield and Spear","floor":55,"turns":9},{"damage":47,"enemies":"The Heart","floor":56,"turns":11}],"seed_played":"2456938133126536855","potions_obtained":[{"floor":10,"key":"CunningPotion"},{"floor":16,"key":"Block Potion"},{"floor":24,"key":"Poison Potion"},{"floor":30,"key":"Regen Potion"},{"floor":31,"key":"LiquidBronze"},{"floor":33,"key":"ColorlessPotion"},{"floor":35,"key":"Explosive Potion"},{"floor":44,"key":"Strength Potion"},{"floor":47,"key":"Explosive Potion"}],"is_trial":false,"path_per_floor":["M","?","$","?","?","E","M","$","T","M","R","E","?","M","R","B",null,"M","M","?","$","?","R","E","$","T","E","R","M","E","M","R","B",null,"M","$","?","$","M","R","E","M","T","?","?","M","E","M","R","B","B",null,"R","$","E","B",null],"character_chosen":"THE_SILENT","items_purchased":["Membership Card","Footwork","Caltrops","ClockworkSouvenir","Calculated Gamble","Flechettes"],"campfire_rested":0,"item_purchase_floors":[3,8,25,36,38,54],"current_hp_per_floor":[59,48,48,53,53,53,53,53,53,55,55,46,46,46,46,39,63,59,55,55,55,55,55,36,36,36,39,39,43,41,47,47,58,68,71,71,67,67,67,67,67,64,64,41,41,40,41,49,49,32,34,59,59,59,45,20],"gold":43,"neow_bonus":"THREE_ENEMY_KILL","is_daily":false,"chose_seed":false,"campfire_upgraded":7,"win_rate":0.0,"timestamp":1608924860,"path_taken":["M","?","$","?","?","E","?","$","T","M","R","E","?","M","R","BOSS","M","M","?","$","?","R","E","$","T","E","R","?","E","M","R","BOSS","M","$","?","$","M","R","E","M","T","?","?","M","E","M","R","BOSS","BOSS","R","$","E","BOSS"],"items_purchased_type":["Relic","Card","Card","Relic","Card","Card"],"build_version":"2020-12-22","purchased_purges":5,"victory":true,"max_hp_per_floor":[66,66,66,71,71,71,71,71,71,71,71,71,71,71,71,71,71,71,71,71,71,71,71,71,71,71,71,71,71,71,71,71,71,71,71,71,67,67,67,67,67,67,67,67,67,67,67,67,67,67,67,67,67,67,67,67],"card_choices":[{"not_picked":["Bane","Dodge and Roll"],"picked":"Slice","floor":1},{"not_picked":["Heel Hook","Deadly Poison"],"picked":"Cloak And Dagger","floor":6},{"not_picked":["Deflect","Sucker Punch"],"picked":"Backstab","floor":7},{"not_picked":["Masterful Stab","Predator"],"picked":"Terror","floor":10},{"not_picked":["Tactician","Finisher"],"picked":"Phantasmal Killer","floor":12},{"not_picked":["Poisoned Stab","Deflect"],"picked":"Blade Dance","floor":14},{"not_picked":["Phantasmal Killer","Burst"],"picked":"Grand Finale","floor":16},{"not_picked":["Dodge and Roll","Slice"],"picked":"Leg Sweep","floor":18},{"not_picked":["Terror","PiercingWail"],"picked":"Backflip","floor":19},{"not_picked":["Underhanded Strike","Slice"],"picked":"Terror","floor":24},{"not_picked":["Dodge and Roll","Choke+1"],"picked":"Adrenaline","floor":27},{"not_picked":["Acrobatics","Slice+1","Underhanded Strike"],"picked":"SKIP","floor":29},{"not_picked":["Slice+1","Underhanded Strike"],"picked":"Acrobatics","floor":29},{"not_picked":["Bane","Outmaneuver+1"],"picked":"Footwork","floor":30},{"not_picked":["Deadly Poison","Catalyst"],"picked":"Deflect","floor":31},{"not_picked":["After Image","Phantasmal Killer"],"picked":"Venomology","floor":33},{"not_picked":["Acrobatics","Cloak And Dagger"],"picked":"Prepared+1","floor":35},{"not_picked":["Infinite Blades","Escape Plan+1"],"picked":"Backflip","floor":39},{"not_picked":["Blade Dance+1","Predator+1"],"picked":"Prepared+1","floor":41},{"not_picked":["Dodge and Roll","Poisoned Stab","Backflip"],"picked":"SKIP","floor":42},{"not_picked":["Endless Agony","Sucker Punch+1"],"picked":"Dagger Throw+1","floor":44},{"not_picked":["Doppelganger","Slice"],"picked":"Footwork","floor":46},{"not_picked":["Underhanded Strike","Dodge and Roll","Backflip+1"],"picked":"SKIP","floor":47},{"not_picked":["Poisoned Stab+1","Reflex+1","Deflect"],"picked":"SKIP","floor":48},{"not_picked":["Accuracy","Corpse Explosion"],"picked":"Footwork","floor":55}],"player_experience":885927,"relics_obtained":[{"floor":6,"key":"Bird Faced Urn"},{"floor":9,"key":"Meat on the Bone"},{"floor":12,"key":"Nunchaku"},{"floor":24,"key":"Gremlin Horn"},{"floor":26,"key":"Ancient Tea Set"},{"floor":27,"key":"Orichalcum"},{"floor":30,"key":"Potion Belt"},{"floor":41,"key":"Sundial"},{"floor":44,"key":"Tough Bandages"},{"floor":55,"key":"Whetstone"}],"event_choices":[{"damage_healed":0,"gold_gain":75,"player_choice":"Gather Gold","damage_taken":11,"max_hp_gain":0,"max_hp_loss":0,"event_name":"World of Goop","floor":2,"gold_loss":0},{"damage_healed":0,"gold_gain":0,"player_choice":"Donut","damage_taken":0,"max_hp_gain":5,"max_hp_loss":0,"event_name":"Big Fish","floor":4,"gold_loss":0},{"damage_healed":0,"gold_gain":50,"player_choice":"Pray","damage_taken":0,"max_hp_gain":0,"max_hp_loss":0,"event_name":"Golden Shrine","floor":5,"gold_loss":0},{"damage_healed":0,"gold_gain":0,"player_choice":"Leave","damage_taken":0,"max_hp_gain":0,"max_hp_loss":0,"event_name":"FaceTrader","floor":13,"gold_loss":0},{"cards_removed":["Strike_G"],"damage_healed":0,"gold_gain":0,"player_choice":"Elegance","damage_taken":0,"max_hp_gain":0,"max_hp_loss":0,"event_name":"Back to Basics","floor":20,"gold_loss":0},{"damage_healed":0,"gold_gain":0,"player_choice":"Upgraded","damage_taken":0,"max_hp_gain":0,"max_hp_loss":0,"event_name":"Upgrade Shrine","floor":22,"gold_loss":0,"cards_upgraded":["Footwork"]},{"damage_healed":0,"gold_gain":0,"player_choice":"Max HP","damage_taken":0,"max_hp_gain":0,"max_hp_loss":4,"event_name":"Winding Halls","floor":37,"gold_loss":0},{"damage_healed":0,"gold_gain":0,"player_choice":"Fight","damage_taken":0,"max_hp_gain":0,"max_hp_loss":0,"event_name":"Mysterious Sphere","floor":44,"gold_loss":0},{"damage_healed":0,"gold_gain":0,"player_choice":"Paid","damage_taken":0,"relics_obtained":["Red Mask"],"max_hp_gain":0,"max_hp_loss":0,"event_name":"Tomb of Lord Red Mask","floor":45,"gold_loss":161}],"is_beta":false,"boss_relics":[{"not_picked":["Ring of the Serpent","Busted Crown"],"picked":"Runic Pyramid"},{"not_picked":["Tiny House","Astrolabe"],"picked":"Velvet Choker"}],"items_purged_floors":[8,21,25,36,38],"is_endless":false,"potions_floor_spawned":[10,16,24,30,31,33,35,44,47],"ascension_level":20}}