{"host":"87am3qjj2yuxe7b3","time":1608924670,"event":{"mods":["Act Like it!","Aspiration","BaseMod","Conspire","Friendly Minions","Minty Spire (QoL Compilation)","Pale of the Ancients","Relic Stats","Replay The Spire","RumiaBox-露米?的神秘盒子","Spicy Shops","StSLib","The Alterego","vexMod","【功能Mod】混沌之?修复?丁"],"gold_per_floor":[113,113,126,126,9,9,43,43,43,53,53,24,51,92,92,187,187,205,216,231,80,95,125,125,135,135,118,135,135,148,182,182,281,281,295,295,313,313,321,321,331,331,331],"floor_reached":42,"playtime":3129,"items_purged":[],"score":627,"play_id":"0466496a-bf2e-425a-87ff-2140c4938012","local_time":"20201226033110","is_ascension_mode":false,"campfire_choices":[{"data":"alterego_mod:Belts","floor":6,"key":"SMITH"},{"data":"alterego_mod:Punishment","floor":8,"key":"SMITH"},{"data":"alterego_mod:BigMeatyClaws","floor":11,"key":"SMITH"},{"data":"alterego_mod:BrynhildrsRune","floor":15,"key":"SMITH"},{"data":"alterego_mod:STier","floor":24,"key":"SMITH"},{"floor":29,"key":"RECALL"},{"data":"alterego_mod:Valentines","floor":40,"key":"SMITH"}],"circlet_count":0,"master_deck":["alterego_mod:Strike","alterego_mod:Strike","alterego_mod:Strike","alterego_mod:Defend","alterego_mod:Defend","alterego_mod:Defend","alterego_mod:Defend","alterego_mod:Impale+1","alterego_mod:BigMeatyClaws+1","alterego_mod:BrynhildrsRune+1","alterego_mod:Belts+1","alterego_mod:DeftHands","alterego_mod:Punishment+1","alterego_mod:SakuraFive","alterego_mod:Bunnysuit","alterego_mod:Rip","alterego_mod:Undulate","alterego_mod:IdEs","CurseOfTheBell","alterego_mod:STier+1","alterego_mod:Undulate","alterego_mod:BiFurious","alterego_mod:Birthday","alterego_mod:Support","alterego_mod:Birthday+1","alterego_mod:Cushion+1","alterego_mod:GachaTicket","alterego_mod:Valentines+1","alterego_mod:Cycle","alterego_mod:Rake","alterego_mod:Rip+1","alterego_mod:Cycle+1","alterego_mod:BustOut+1","alterego_mod:Bounce","alterego_mod:DiscoLights"],"relics":["alterego_mod:MasochisticConstitution","Baka2","Strange Spoon","aspiration:FetidBarrel","Divine Protection","Mango","Meat on the Bone","Calling Bell","Simple Rune","GodSword1","conspire:GiftBox","Juzu Bracelet","ZombieArmy","ReplayTheSpireMod:Ninjato","The Courier","PreservedInsect","conspire:SlowCooker","PreservedInsect","Prayer Wheel"],"acts_visited":["Exordium","TheCity","TheBeyond"],"potions_floor_usage":[13,16,16],"damage_taken":[{"damage":1,"enemies":"2 Louse","floor":1,"turns":4},{"damage":7,"enemies":"Small Slimes","floor":3,"turns":4},{"damage":0,"enemies":"Gremlin Nob","floor":7,"turns":1},{"damage":5,"enemies":"Cultist","floor":10,"turns":4},{"damage":0,"enemies":"3 Louse","floor":12,"turns":2},{"damage":29,"enemies":"3 Sentries","floor":13,"turns":5},{"damage":8,"enemies":"Lots of Slimes","floor":14,"turns":3},{"damage":4,"enemies":"Slime Boss","floor":16,"turns":7},{"damage":29,"enemies":"Shell Parasite","floor":18,"turns":4},{"damage":7,"enemies":"3 Byrds","floor":19,"turns":3},{"damage":25,"enemies":"Centurion and Healer","floor":20,"turns":7},{"damage":0,"enemies":"Snecko","floor":22,"turns":2},{"damage":0,"enemies":"conspire:SneckoGhost","floor":23,"turns":5},{"damage":0,"enemies":"3 Cultists","floor":25,"turns":1},{"damage":26,"enemies":"Snake Plant","floor":27,"turns":4},{"damage":6,"enemies":"conspire:HollyBat","floor":28,"turns":7},{"damage":11,"enemies":"Centurion and Healer","floor":30,"turns":3},{"damage":6,"enemies":"Replay:Snechameleon","floor":31,"turns":7},{"damage":70,"enemies":"Collector","floor":33,"turns":12},{"damage":0,"enemies":"Orb Walker","floor":35,"turns":2},{"damage":28,"enemies":"3 Shapes","floor":37,"turns":5},{"damage":17,"enemies":"2 Orb Walkers","floor":39,"turns":4},{"damage":9,"enemies":"3 Darklings","floor":41,"turns":7},{"damage":97,"enemies":"Jaw Worm Horde","floor":42,"turns":2}],"seed_played":"4325778413966705262","potions_obtained":[{"floor":1,"key":"Venom Potion"},{"floor":10,"key":"Languid Potion"},{"floor":12,"key":"Explosive Potion"},{"floor":14,"key":"Block Potion"},{"floor":16,"key":"Elixir"}],"is_trial":false,"path_per_floor":["M","?","M","?","$","R","E","R","T","M","R","M","E","M","R","B",null,"M","M","M","$","M","E","R","M","T","M","M","R","M","E","R","B",null,"M","?","M","?","?","R","M","M"],"character_chosen":"The_Alterego","items_purchased":["alterego_mod:Punishment","Strange Spoon","ZombieArmy"],"campfire_rested":0,"item_purchase_floors":[5,5,21],"current_hp_per_floor":[77,77,72,72,72,72,72,72,72,68,68,82,54,61,61,58,97,70,64,64,64,64,66,66,66,66,44,59,59,68,91,91,41,128,128,128,108,96,83,83,80,0,0],"gold":331,"neow_bonus":"TEN_PERCENT_HP_BONUS","is_daily":false,"chose_seed":false,"campfire_upgraded":6,"win_rate":0.0,"timestamp":1608924670,"path_taken":["M","?","M","?","$","R","E","R","T","M","R","M","E","M","R","BOSS","M","M","M","?","M","E","R","M","T","M","M","R","M","E","R","BOSS","M","?","M","?","?","R","M","M"],"items_purchased_type":["Card","Relic","Relic"],"build_version":"2020-12-22","purchased_purges":0,"victory":false,"max_hp_per_floor":[78,78,79,79,79,79,79,79,79,80,80,94,95,96,96,97,97,98,99,100,100,100,100,100,100,100,112,113,113,114,115,115,128,128,128,128,129,129,130,130,131,131,131],"relic_stats":{"Strange Spoon":[90],"counters":[24,105],"Prayer Wheel":1,"PreservedInsect":0,"Juzu Bracelet":1,"obtain_stats":[{"Divine Protection":9,"alterego_mod:MasochisticConstitution":0,"ReplayTheSpireMod:Ninjato":23,"aspiration:FetidBarrel":7,"Mango":12,"The Courier":26,"PreservedInsect":31,"conspire:SlowCooker":34,"Baka":1,"Juzu Bracelet":19,"Calling Bell":17,"Strange Spoon":5,"Baka2":3,"conspire:GiftBox":17,"Simple Rune":17,"Prayer Wheel":39,"Meat on the Bone":13,"GodSword1":17,"ZombieArmy":21},{"Divine Protection":3,"alterego_mod:MasochisticConstitution":0,"ReplayTheSpireMod:Ninjato":13,"aspiration:FetidBarrel":3,"Mango":5,"The Courier":14,"PreservedInsect":18,"conspire:SlowCooker":19,"Baka":1,"Juzu Bracelet":10,"Calling Bell":8,"Strange Spoon":2,"Baka2":2,"conspire:GiftBox":8,"Simple Rune":8,"Prayer Wheel":22,"Meat on the Bone":6,"GodSword1":8,"ZombieArmy":11},{"Divine Protection":9,"alterego_mod:MasochisticConstitution":0,"ReplayTheSpireMod:Ninjato":51,"aspiration:FetidBarrel":9,"Mango":15,"The Courier":52,"PreservedInsect":73,"conspire:SlowCooker":85,"Baka":4,"Juzu Bracelet":37,"Calling Bell":30,"Strange Spoon":8,"Baka2":8,"conspire:GiftBox":30,"Simple Rune":30,"Prayer Wheel":96,"Meat on the Bone":20,"GodSword1":30,"ZombieArmy":44}],"Meat on the Bone":48},"card_choices":[{"not_picked":["alterego_mod:Nekomimi","alterego_mod:DiscoLights"],"picked":"alterego_mod:Belts","floor":1},{"not_picked":["alterego_mod:Cooking","alterego_mod:Cycle"],"picked":"alterego_mod:DeftHands","floor":3},{"not_picked":["alterego_mod:Exercise","alterego_mod:BeGentle"],"picked":"alterego_mod:SakuraFive","floor":7},{"not_picked":["alterego_mod:Schoolgirl","alterego_mod:HighServant"],"picked":"alterego_mod:Bunnysuit","floor":10},{"not_picked":["alterego_mod:Belts","alterego_mod:HighServant"],"picked":"alterego_mod:Rip","floor":12},{"not_picked":["alterego_mod:Tantrum","alterego_mod:Stockings"],"picked":"alterego_mod:Santa","floor":13},{"not_picked":["alterego_mod:Santa","alterego_mod:DiscoLights"],"picked":"alterego_mod:Undulate","floor":14},{"not_picked":["alterego_mod:Weigh","alterego_mod:BrynhildrRomantia"],"picked":"alterego_mod:IdEs","floor":16},{"not_picked":["alterego_mod:SideboobHour","alterego_mod:VirginLaserPalladion"],"picked":"alterego_mod:STier","floor":17},{"not_picked":["alterego_mod:RidiculouslyBig+1","alterego_mod:Clones"],"picked":"alterego_mod:Undulate","floor":18},{"not_picked":["alterego_mod:Swimsuit+1","alterego_mod:Bounce","alterego_mod:GoddessCore+1"],"picked":"SKIP","floor":19},{"not_picked":["alterego_mod:GoddessCore+1","alterego_mod:DeftHands"],"picked":"alterego_mod:BiFurious","floor":20},{"not_picked":["alterego_mod:Cushion","alterego_mod:BustOut"],"picked":"alterego_mod:Birthday","floor":22},{"not_picked":["alterego_mod:Complex","alterego_mod:VirginLaserPalladion"],"picked":"alterego_mod:Support","floor":23},{"not_picked":["alterego_mod:Maid","alterego_mod:1TonWallop"],"picked":"alterego_mod:Birthday+1","floor":25},{"not_picked":["alterego_mod:Bounce+1","alterego_mod:Birthday"],"picked":"alterego_mod:Cushion+1","floor":27},{"not_picked":["alterego_mod:Maid","alterego_mod:1TonWallop"],"picked":"alterego_mod:GachaTicket","floor":28},{"not_picked":["alterego_mod:Birthday","alterego_mod:BoobPocket+1"],"picked":"alterego_mod:Valentines","floor":30},{"not_picked":["alterego_mod:BustOut","alterego_mod:Skirt","alterego_mod:Stockings+1"],"picked":"SKIP","floor":31},{"not_picked":["alterego_mod:Palingenesis","alterego_mod:Antipathy"],"picked":"alterego_mod:Rake","floor":33},{"not_picked":["alterego_mod:Bounce","alterego_mod:BiFurious+1"],"picked":"alterego_mod:Rip+1","floor":35},{"not_picked":["alterego_mod:SakuraPetals+1","alterego_mod:Maid+1"],"picked":"alterego_mod:Cycle+1","floor":37},{"not_picked":["alterego_mod:GoddessCore","alterego_mod:SakuraFive+1"],"picked":"alterego_mod:BustOut+1","floor":39},{"not_picked":["alterego_mod:Pet+1","alterego_mod:SakuraFive"],"picked":"alterego_mod:Bounce","floor":41},{"not_picked":["alterego_mod:BiFurious","alterego_mod:DeftHands+1"],"picked":"alterego_mod:DiscoLights","floor":41}],"player_experience":225536,"relics_obtained":[{"floor":1,"key":"Baka"},{"floor":3,"key":"Baka2"},{"floor":7,"key":"aspiration:FetidBarrel"},{"floor":9,"key":"Divine Protection"},{"floor":12,"key":"Mango"},{"floor":13,"key":"Meat on the Bone"},{"floor":17,"key":"Simple Rune"},{"floor":17,"key":"GodSword1"},{"floor":17,"key":"conspire:GiftBox"},{"floor":19,"key":"Juzu Bracelet"},{"floor":23,"key":"ReplayTheSpireMod:Ninjato"},{"floor":26,"key":"The Courier"},{"floor":31,"key":"PreservedInsect"},{"floor":37,"key":"PreservedInsect"},{"floor":39,"key":"Prayer Wheel"}],"event_choices":[{"damage_healed":0,"gold_gain":0,"player_choice":"Grow","damage_taken":0,"max_hp_gain":0,"max_hp_loss":0,"event_name":"Living Wall","floor":2,"gold_loss":0,"cards_upgraded":["alterego_mod:Impale"]},{"cards_removed":["alterego_mod:Strike"],"damage_healed":0,"gold_gain":0,"player_choice":"Purged","damage_taken":0,"max_hp_gain":0,"max_hp_loss":0,"event_name":"Purifier","floor":4,"gold_loss":0},{"damage_healed":0,"gold_gain":0,"player_choice":"Damaged","damage_taken":12,"max_hp_gain":0,"max_hp_loss":0,"event_name":"Wheel of Change","floor":38,"gold_loss":0},{"damage_healed":0,"gold_gain":0,"player_choice":"Fight","damage_taken":0,"max_hp_gain":0,"max_hp_loss":0,"event_name":"Mysterious Sphere","floor":39,"gold_loss":0}],"is_beta":false,"boss_relics":[{"not_picked":["Coffee Dripper","Ring of Chaos"],"picked":"Calling Bell"},{"not_picked":["Busted Crown","aspiration:SilentSkillbook"],"picked":"conspire:SlowCooker"}],"items_purged_floors":[],"is_endless":false,"potions_floor_spawned":[1,10,12,14,16,20,22,23,30,31,33,35],"killed_by":"Jaw Worm Horde","ascension_level":0}}