{"host":"x565ttcahk6mfbvs","time":1608855618,"event":{"mods":["AchievementEnabler","BaseMod","BetterRewards","Downfall","Minty Spire (QoL Compilation)","Permanent Neow","Remove Card Discount Mod","StSLib"],"gold_per_floor":[127,147,4707,4726,4259,4259,4287,4316,4316,4338,4338,4350,4350,4378,4378,4485,4485,4509,4536,4536,4556,4130,4169,4204,4228,4278,4278,4303,4303,3957,3986,3986,4097,4097,4113,4113,4170,4062,4062,4062,4062,4088,4088,4102,4130,4130,3968,3761,3761,3761],"floor_reached":51,"playtime":1744,"items_purged":["Bash","Dual Wield"],"score":1272,"play_id":"dcc47e85-8a10-497e-971f-562bf07e40f9","local_time":"20201224182018","is_ascension_mode":false,"campfire_choices":[{"data":"expansioncontent:CaCaw","floor":6,"key":"SMITH"},{"floor":13,"key":"RECALL"},{"data":"Spot Weakness","floor":15,"key":"SMITH"},{"data":"Perfected Strike","floor":32,"key":"SMITH"},{"data":"Pommel Strike","floor":40,"key":"SMITH"},{"data":"Juggernaut","floor":46,"key":"SMITH"},{"floor":49,"key":"REST"}],"circlet_count":0,"master_deck":["Strike_R+1","Strike_R+1","Strike_R+1","Strike_R+1","Strike_R+1","Defend_R+1","Defend_R+1","Defend_R+1","Defend_R+1","Evolve+1","Disarm+1","Inflame+1","Shrug It Off+1","Twin Strike+1","Pommel Strike+1","Inflame+1","Twin Strike+1","expansioncontent:CaCaw+1","Pommel Strike+1","Spot Weakness+1","Pommel Strike+1","Barricade+1","Inflame+1","Body Slam+1","Pommel Strike+1","expansioncontent:QuickStudy+1","Body Slam+1","Twin Strike+1","Twin Strike+1","Pummel+1","Perfected Strike+1","Twin Strike+1","Feed+1","Heavy Blade+1","Feed+1","Twin Strike+1","Juggernaut+1"],"relics":["Black Blood","Potion Belt","TungstenRod","Kunai","Paper Frog","Toy Ornithopter","Ice Cream","CeramicFish","Thread and Needle","OrangePellets","Happy Flower","Mummified Hand","Omamori","Lizard Tail","HornCleat","Bag of Preparation","Unceasing Top","FossilizedHelix","SacredBark","Membership Card","Blood Vial","Darkstone Periapt","Bottled Flame","Red Mask","Juzu Bracelet","Toolbox","Red Skull","Du-Vu Doll","Oddly Smooth Stone","Incense Burner","DollysMirror","Mark of the Bloom","Pocketwatch","Art of War","Whetstone","StrikeDummy","TheAbacus","Runic Pyramid"],"acts_visited":["Exordium","TheCity","TheBeyond"],"potions_floor_usage":[7,7,8,8,8,31,33,42,42,50,50,50,50],"damage_taken":[{"damage":0,"enemies":"Cultist","floor":1,"turns":3},{"damage":1,"enemies":"Jaw Worm","floor":2,"turns":3},{"damage":0,"enemies":"Small Slimes","floor":4,"turns":2},{"damage":0,"enemies":"3 Louse","floor":7,"turns":2},{"damage":11,"enemies":"Lagavulin","floor":8,"turns":4},{"damage":0,"enemies":"Exordium Thugs","floor":10,"turns":3},{"damage":0,"enemies":"Lots of Slimes","floor":12,"turns":2},{"damage":0,"enemies":"Looter","floor":14,"turns":2},{"damage":0,"enemies":"Hexaghost","floor":16,"turns":2},{"damage":0,"enemies":"Shell Parasite","floor":18,"turns":3},{"damage":0,"enemies":"2 Thieves","floor":19,"turns":2},{"damage":0,"enemies":"Shelled Parasite and Fungi","floor":21,"turns":2},{"damage":0,"enemies":"Gremlin Leader","floor":23,"turns":3},{"damage":0,"enemies":"Masked Bandits","floor":24,"turns":2},{"damage":0,"enemies":"Snecko","floor":25,"turns":2},{"damage":0,"enemies":"3 Cultists","floor":28,"turns":2},{"damage":0,"enemies":"Centurion and Healer","floor":31,"turns":2},{"damage":0,"enemies":"Collector","floor":33,"turns":3},{"damage":0,"enemies":"3 Darklings","floor":35,"turns":2},{"damage":0,"enemies":"2 Orb Walkers","floor":37,"turns":2},{"damage":0,"enemies":"Giant Head","floor":42,"turns":5},{"damage":0,"enemies":"3 Shapes","floor":44,"turns":3},{"damage":6,"enemies":"Writhing Mass","floor":45,"turns":4},{"damage":9,"enemies":"Donu and Deca","floor":50,"turns":2}],"seed_played":"5467693584988933616","potions_obtained":[{"floor":2,"key":"EntropicBrew"},{"floor":4,"key":"SteroidPotion"},{"floor":18,"key":"Ancient Potion"},{"floor":24,"key":"Guardian:BlockOnCardUsePotion"},{"floor":28,"key":"champ:CounterPotion"},{"floor":44,"key":"AttackPotion"}],"is_trial":false,"path_per_floor":["M","M","$","M","$","R","M","E","T","M","?","M","R","M","R","B",null,"M","M","?","M","$","E","?","M","T","?","M","?","$","M","R","B",null,"M","?","?","$","?","R","?","E","T","M","M","R","$","$","R","B",null],"character_chosen":"IRONCLAD","items_purchased":["Potion Belt","Evolve","Disarm","Kunai","Paper Frog","Toy Ornithopter","Inflame","Shrug It Off","Twin Strike","Pommel Strike","Ice Cream","CeramicFish","Thread and Needle","OrangePellets","Inflame","Happy Flower","Mummified Hand","Omamori","Lizard Tail","HornCleat","Bag of Preparation","expansioncontent:CaCaw","Membership Card","expansioncontent:QuickStudy","Blood Vial","Darkstone Periapt","Toolbox","Red Skull","Du-Vu Doll","Perfected Strike","Energy Potion","DollysMirror","Twin Strike","BlessingOfTheForge","Whetstone","LiquidBronze","Fire Potion","SteroidPotion","StrikeDummy","TheAbacus"],"campfire_rested":1,"item_purchase_floors":[0,0,0,0,0,0,0,0,0,0,0,0,0,0,0,0,0,3,3,5,5,5,22,22,22,22,30,30,30,30,30,38,38,38,47,47,47,47,48,48],"current_hp_per_floor":[80,80,80,80,80,80,80,75,75,80,71,77,77,80,80,80,80,80,80,80,80,80,80,80,80,80,80,80,80,80,80,80,80,80,80,80,83,83,83,83,83,83,83,83,77,77,77,77,77,68],"gold":3761,"neow_bonus":"","is_daily":false,"chose_seed":false,"campfire_upgraded":5,"win_rate":0.0,"timestamp":1608855618,"path_taken":["M","M","$","M","?","R","M","E","T","M","?","M","R","M","R","BOSS","M","M","?","M","$","E","?","M","T","?","M","?","$","M","R","BOSS","M","?","?","$","?","R","?","E","T","M","M","R","?","$","R","BOSS"],"items_purchased_type":["Relic","Card","Card","Relic","Relic","Relic","Card","Card","Card","Card","Relic","Relic","Relic","Relic","Card","Relic","Relic","Relic","Relic","Relic","Relic","Card","Relic","Card","Relic","Relic","Relic","Relic","Relic","Card","Potion","Relic","Card","Potion","Relic","Potion","Potion","Potion","Relic","Relic"],"build_version":"2020-12-22","purchased_purges":2,"victory":true,"max_hp_per_floor":[80,80,80,80,80,80,80,80,80,80,80,80,80,80,80,80,80,80,80,80,80,80,80,80,80,80,80,80,80,80,80,80,80,80,80,80,83,83,83,83,83,83,83,87,87,87,87,87,87,87],"card_choices":[{"not_picked":["Evolve","Whirlwind"],"picked":"Rage","floor":1},{"not_picked":["Wild Strike","Whirlwind"],"picked":"Twin Strike","floor":2},{"not_picked":["Heavy Blade","Wild Strike","Clothesline"],"picked":"SKIP","floor":4},{"not_picked":["Combust","Sword Boomerang"],"picked":"Pommel Strike","floor":7},{"not_picked":["Power Through","Carnage","Cleave"],"picked":"SKIP","floor":8},{"not_picked":["Cleave","Entrench"],"picked":"Spot Weakness","floor":10},{"not_picked":["Uppercut","Blood for Blood","Shrug It Off"],"picked":"SKIP","floor":12},{"not_picked":["Havoc","Wild Strike"],"picked":"Pommel Strike","floor":14},{"not_picked":["Exhume","Immolate"],"picked":"Barricade","floor":16},{"not_picked":["Blood for Blood+1","Sentinel+1"],"picked":"Inflame","floor":18},{"not_picked":["Armaments","True Grit+1"],"picked":"Body Slam","floor":19},{"not_picked":["Ghostly Armor","Sword Boomerang"],"picked":"Pommel Strike","floor":21},{"not_picked":["True Grit","Barricade"],"picked":"Body Slam","floor":23},{"not_picked":["Shrug It Off","True Grit"],"picked":"Twin Strike+1","floor":24},{"not_picked":["Barricade","Shrug It Off"],"picked":"Twin Strike+1","floor":25},{"not_picked":["Bloodletting","Burning Pact+1"],"picked":"Pummel","floor":28},{"not_picked":["Sword Boomerang+1","Sentinel"],"picked":"Twin Strike+1","floor":31},{"not_picked":["Offering","Limit Break"],"picked":"Feed","floor":33},{"not_picked":["Flex","Clash","Rupture"],"picked":"SKIP","floor":35},{"not_picked":["Rage","Cleave"],"picked":"Heavy Blade","floor":37},{"not_picked":["Impervious","Armaments","Shrug It Off"],"picked":"SKIP","floor":42},{"not_picked":["Sword Boomerang","Wild Strike+1","Clothesline"],"picked":"SKIP","floor":44},{"not_picked":["Sword Boomerang+1","Evolve"],"picked":"Juggernaut","floor":45}],"player_experience":285574,"relics_obtained":[{"floor":8,"key":"Unceasing Top"},{"floor":23,"key":"Bottled Flame"},{"floor":24,"key":"Red Mask"},{"floor":26,"key":"Juzu Bracelet"},{"floor":36,"key":"Oddly Smooth Stone"},{"floor":37,"key":"Incense Burner"},{"floor":42,"key":"Pocketwatch"},{"floor":43,"key":"Art of War"}],"event_choices":[{"damage_healed":0,"gold_gain":0,"player_choice":"Success","damage_taken":12,"relics_obtained":["FossilizedHelix"],"max_hp_gain":0,"max_hp_loss":0,"event_name":"Scrap Ooze","floor":11,"gold_loss":0},{"damage_healed":0,"gold_gain":0,"player_choice":"Ignored","damage_taken":0,"max_hp_gain":0,"max_hp_loss":0,"event_name":"Ghosts","floor":20,"gold_loss":0},{"damage_healed":0,"gold_gain":0,"player_choice":"Fought Bandits","damage_taken":0,"max_hp_gain":0,"max_hp_loss":0,"event_name":"Masked Bandits","floor":24,"gold_loss":0},{"damage_healed":0,"gold_gain":0,"player_choice":"Ignored","damage_taken":0,"max_hp_gain":0,"max_hp_loss":0,"event_name":"Vampires","floor":27,"gold_loss":0},{"damage_healed":0,"gold_gain":0,"player_choice":"Upgraded","damage_taken":0,"max_hp_gain":0,"max_hp_loss":0,"event_name":"Upgrade Shrine","floor":29,"gold_loss":0,"cards_upgraded":["Body Slam"]},{"damage_healed":0,"gold_gain":0,"player_choice":"Relic","damage_taken":0,"max_hp_gain":0,"max_hp_loss":0,"event_name":"Wheel of Change","floor":36,"gold_loss":0},{"damage_healed":0,"gold_gain":0,"player_choice":"Fight","damage_taken":0,"max_hp_gain":0,"max_hp_loss":0,"event_name":"Mysterious Sphere","floor":37,"gold_loss":0},{"cards_removed":["Rage"],"damage_healed":0,"gold_gain":0,"player_choice":"Removed Skill","damage_taken":0,"max_hp_gain":0,"max_hp_loss":0,"event_name":"Falling","floor":39,"gold_loss":0},{"damage_healed":0,"gold_gain":0,"player_choice":"Upgrade","damage_taken":0,"relics_obtained":["Mark of the Bloom"],"max_hp_gain":0,"max_hp_loss":0,"event_name":"MindBloom","floor":41,"gold_loss":0,"cards_upgraded":["Strike_R","Strike_R","Strike_R","Strike_R","Strike_R","Defend_R","Defend_R","Defend_R","Defend_R","Evolve","Disarm","Inflame","Shrug It Off","Twin Strike","Pommel Strike","Inflame","Twin Strike","Pommel Strike","Barricade","Inflame","Body Slam","Pommel Strike","expansioncontent:QuickStudy","Pummel","Feed","Heavy Blade","Feed","Twin Strike"]}],"is_beta":false,"boss_relics":[{"not_picked":["Busted Crown","Runic Pyramid"],"picked":"SacredBark"},{"not_picked":["Velvet Choker","Philosopher\u0027s Stone"],"picked":"Black Blood"}],"items_purged_floors":[0,0],"is_endless":false,"potions_floor_spawned":[2,4,18,21,24,28,31,44],"ascension_level":0}}