{"host":"8fjsnt81u6xsmhji","time":1608878256,"event":{"mods":["BaseMod","Colored Powertips","Downfall","Glutton Mod","Hermit","Minty Spire (QoL Compilation)","Quick Restart","Somnambulant","StSLib","The Blackbeard","The Bladedancer","The Bug Knight","The Construct","The Forsaken","The Hierophant","The Mystic","The Servant 0.9.4"],"gold_per_floor":[118,129,142,159,175,200,200,200,200,200,229,229,244,258,258,357,357,370,381,400,418,149,149,184,184,210,210,210],"floor_reached":27,"playtime":1597,"items_purged":["blademaster:Strike"],"score":249,"play_id":"1ddf1ea0-ba7d-403d-bfb8-0e7837652a2b","local_time":"20201225003736","is_ascension_mode":true,"campfire_choices":[{"floor":8.0,"key":"REST"},{"floor":10.0,"key":"REST"},{"floor":12.0,"key":"REST"},{"floor":15.0,"key":"REST"},{"floor":23,"key":"REST"}],"circlet_count":0,"master_deck":["blademaster:Strike","blademaster:Strike","blademaster:Strike","blademaster:Defend","blademaster:Defend","blademaster:Defend","blademaster:RagingBlow","blademaster:HighVoltage","blademaster:ThreePointStrike","blademaster:Havoc","blademaster:BladeMastery","blademaster:EyeOfTheTornado","blademaster:Safeguard","blademaster:AspectOfWind","blademaster:Blockade","blademaster:Hailwind","blademaster:ParryingStrike","blademaster:RollingTyphoon","blademaster:AwakeningStrike","blademaster:Sharpen","blademaster:DragonStrike","blademaster:AncestralHealing+1","expansioncontent:Corrupt","blademaster:DaggerAndCloak"],"relics":["blademaster:DancersAmulet","MealTicket","Art of War","Odd Mushroom","SlaversCollar","Potion Belt","Ancient Tea Set"],"acts_visited":["Exordium","TheCity"],"potions_floor_usage":[21,27],"damage_taken":[{"damage":12.0,"enemies":"Jaw Worm","floor":1.0,"turns":4.0},{"damage":0.0,"enemies":"2 Louse","floor":2.0,"turns":2.0},{"damage":6.0,"enemies":"Cultist","floor":3.0,"turns":4.0},{"damage":4.0,"enemies":"Large Slime","floor":4.0,"turns":8.0},{"damage":6.0,"enemies":"2 Fungi Beasts","floor":5.0,"turns":4.0},{"damage":30.0,"enemies":"Lagavulin","floor":6.0,"turns":8.0},{"damage":24.0,"enemies":"The Mushroom Lair","floor":11.0,"turns":6.0},{"damage":10.0,"enemies":"Looter","floor":13.0,"turns":3.0},{"damage":5.0,"enemies":"Exordium Thugs","floor":14.0,"turns":5.0},{"damage":25.0,"enemies":"The Guardian","floor":16.0,"turns":10.0},{"damage":22.0,"enemies":"Spheric Guardian","floor":18.0,"turns":8.0},{"damage":3.0,"enemies":"Shell Parasite","floor":19.0,"turns":7.0},{"damage":11.0,"enemies":"Cultist and Chosen","floor":20.0,"turns":6.0},{"damage":19,"enemies":"Snake Plant","floor":21,"turns":7},{"damage":66,"enemies":"Book of Stabbing","floor":24,"turns":9},{"damage":25,"enemies":"3 Cultists","floor":27,"turns":5}],"seed_played":"-4151378981435772416","potions_obtained":[{"floor":1.0,"key":"EssenceOfSteel"},{"floor":3.0,"key":"Swift Potion"},{"floor":4.0,"key":"DuplicationPotion"},{"floor":6.0,"key":"SpeedPotion"},{"floor":11.0,"key":"Weak Potion"},{"floor":18.0,"key":"sneckomod:MuddlingPotion"},{"floor":19.0,"key":"DuplicationPotion"},{"floor":24,"key":"LiquidMemories"}],"is_trial":false,"path_per_floor":["M","M","M","M","M","E","?","R","T","R","?","R","M","M","R","B",null,"M","M","M","M","$","R","E","?","T","M"],"character_chosen":"THE_BLADEMASTER","items_purchased":["expansioncontent:Corrupt"],"campfire_rested":5,"item_purchase_floors":[22],"current_hp_per_floor":[63,63,57,53,47,17,17,39,39,61,37,59,49,44,66,41,75,53,50,39,20,35,57,25,25,25,0,0],"gold":210,"neow_bonus":"ONE_RANDOM_RARE_CARD","is_daily":false,"chose_seed":false,"campfire_upgraded":0,"win_rate":0.0,"timestamp":1608878256,"path_taken":["M","M","M","M","M","E","?","R","T","R","?","R","M","M","R","BOSS","M","M","M","M","$","R","E","?","T","?"],"items_purchased_type":["Card"],"build_version":"2020-12-22","purchased_purges":1,"victory":false,"max_hp_per_floor":[75,75,75,75,75,75,75,75,75,75,75,75,75,75,75,75,75,75,75,75,75,75,75,75,75,75,75,75],"card_choices":[{"not_picked":["blademaster:WindSlash","blademaster:DaggerAndCloak"],"picked":"blademaster:Havoc","floor":1.0},{"not_picked":["blademaster:FuryOfTheElements","blademaster:OneTrickPony"],"picked":"blademaster:BladeMastery","floor":2.0},{"not_picked":["blademaster:Reversal","blademaster:Sunder"],"picked":"blademaster:EyeOfTheTornado","floor":3.0},{"not_picked":["blademaster:Discharge","blademaster:SlyStabs"],"picked":"blademaster:Safeguard","floor":4.0},{"not_picked":["blademaster:Sunder","blademaster:Vortex"],"picked":"blademaster:AspectOfWind","floor":5.0},{"not_picked":["blademaster:Frontflip","blademaster:OneTrickPony"],"picked":"blademaster:Blockade","floor":6.0},{"not_picked":["blademaster:BloodyBlow","blademaster:AspectOfWind"],"picked":"blademaster:Hailwind","floor":11.0},{"not_picked":["blademaster:Momentum","blademaster:FuriousStrike","blademaster:Flurry"],"picked":"SKIP","floor":13.0},{"not_picked":["blademaster:AirSlash","blademaster:DancingEdge"],"picked":"blademaster:ParryingStrike","floor":14.0},{"not_picked":["blademaster:StanceMastery","blademaster:UnrelentingWind"],"picked":"blademaster:RollingTyphoon","floor":16.0},{"not_picked":["blademaster:Discharge","blademaster:BladeCross"],"picked":"blademaster:AwakeningStrike","floor":18.0},{"not_picked":["blademaster:AwakeningStrike","blademaster:AwakeningDefend"],"picked":"blademaster:Sharpen","floor":19.0},{"not_picked":["blademaster:AwakeningStrike","blademaster:Quickstep"],"picked":"blademaster:DragonStrike","floor":20.0},{"not_picked":["blademaster:Bloodbath","blademaster:DaggerAndCloak"],"picked":"blademaster:AncestralHealing+1","floor":21},{"not_picked":["blademaster:Thrust","blademaster:WindSlash+1"],"picked":"blademaster:DaggerAndCloak","floor":24}],"player_experience":727664,"relics_obtained":[{"floor":6.0,"key":"MealTicket"},{"floor":6.0,"key":"blademaster:OnAttackedChargePerk"},{"floor":9.0,"key":"Art of War"},{"floor":11.0,"key":"Odd Mushroom"},{"floor":24,"key":"Potion Belt"},{"floor":24,"key":"blademaster:BleedingLaceratePerk"},{"floor":26,"key":"Ancient Tea Set"}],"event_choices":[{"damage_healed":0.0,"max_hp_gain":0.0,"max_hp_loss":0.0,"gold_gain":0.0,"event_name":"Golden Wing","player_choice":"Ignored","floor":7.0,"gold_loss":0.0,"damage_taken":0.0},{"damage_healed":0.0,"max_hp_gain":0.0,"max_hp_loss":0.0,"gold_gain":0.0,"event_name":"Mushrooms","player_choice":"Fought Mushrooms","floor":11.0,"gold_loss":0.0,"damage_taken":0.0},{"cards_removed":["blademaster:Defend"],"damage_healed":0,"gold_gain":0,"player_choice":"Purged","damage_taken":0,"max_hp_gain":0,"max_hp_loss":0,"event_name":"Purifier","floor":25,"gold_loss":0}],"is_beta":false,"boss_relics":[{"not_picked":["Philosopher\u0027s Stone","Busted Crown"],"picked":"SlaversCollar"}],"items_purged_floors":[22],"is_endless":false,"potions_floor_spawned":[1,3,4,6,11,18,19,24],"killed_by":"3 Cultists","ascension_level":1}}