{"host":"fjaupvxe7fzqrf4j","time":1608884041,"event":{"mods":["ATMod(°¢èªMod)","BaseMod","Minty Spire (QoL Compilation)","StSLib"],"gold_per_floor":[119,44,56,131,131,156,174,174,174,204,204,223,223,248,248,341,341,357,380,4,19,19,55,55,89,113,138,179,8,8,8,8,101,101,117,117,141,16,41,72,72,115,115,115,156,171,171,227,227,227],"floor_reached":51,"playtime":1975,"items_purged":["Strike_R","Strike_R","Strike_R"],"score":1856,"play_id":"b325e590-edce-4b78-aaed-cd62a9e22421","local_time":"20201225161401","is_ascension_mode":true,"campfire_choices":[{"data":"AT_OneInchPunch","floor":8.0,"key":"SMITH"},{"data":"Power Through","floor":15.0,"key":"SMITH"},{"data":"Barricade","floor":24.0,"key":"SMITH"},{"data":"Second Wind","floor":30.0,"key":"SMITH"},{"floor":32.0,"key":"RECALL"},{"data":"Impervious","floor":41.0,"key":"SMITH"},{"data":"Burning Pact","floor":47,"key":"SMITH"},{"data":"Shrug It Off","floor":49,"key":"SMITH"}],"circlet_count":0,"master_deck":["AscendersBane","Strike_R","Defend_R","Defend_R","Defend_R","Defend_R","Bash","AT_OneInchPunch+1","Shrug It Off+1","Power Through+1","Barricade+1","Feel No Pain+1","AT_DiedThrough+1","Second Wind+1","Impervious+1","Shrug It Off+1","Body Slam+1","Burning Pact+1"],"relics":["Burning Blood","AT_ATBox","NeowsBlessing","AT_ForceNature","Mercury Hourglass","Boot","Golden Idol","Coffee Dripper","AT_DeathDance","Ornamental Fan","Akabeko","Bronze Scales","Unceasing Top","Medical Kit","SlaversCollar","Nunchaku","Centennial Puzzle","Bottled Tornado","Dream Catcher","AT_GoldPhoenixTree"],"acts_visited":["Exordium","TheCity","TheBeyond"],"potions_floor_usage":[50],"damage_taken":[{"damage":0.0,"enemies":"Jaw Worm","floor":1.0,"turns":1.0},{"damage":0.0,"enemies":"Cultist","floor":3.0,"turns":1.0},{"damage":0.0,"enemies":"Gremlin Nob","floor":6.0,"turns":1.0},{"damage":0.0,"enemies":"Small Slimes","floor":7.0,"turns":2.0},{"damage":12.0,"enemies":"Lagavulin","floor":10.0,"turns":3.0},{"damage":0.0,"enemies":"2 Fungi Beasts","floor":12.0,"turns":2.0},{"damage":7.0,"enemies":"Exordium Thugs","floor":14.0,"turns":2.0},{"damage":28.0,"enemies":"Hexaghost","floor":16.0,"turns":9.0},{"damage":2.0,"enemies":"3 Byrds","floor":18.0,"turns":5.0},{"damage":4.0,"enemies":"Chosen","floor":19.0,"turns":6.0},{"damage":5.0,"enemies":"Centurion and Healer","floor":21.0,"turns":5.0},{"damage":18.0,"enemies":"Book of Stabbing","floor":23.0,"turns":5.0},{"damage":28.0,"enemies":"Gremlin Leader","floor":25.0,"turns":10.0},{"damage":0.0,"enemies":"Snecko","floor":27.0,"turns":3.0},{"damage":15.0,"enemies":"Book of Stabbing","floor":28.0,"turns":4.0},{"damage":0.0,"enemies":"Automaton","floor":33.0,"turns":13.0},{"damage":0.0,"enemies":"3 Darklings","floor":35.0,"turns":7.0},{"damage":3.0,"enemies":"3 Shapes","floor":37.0,"turns":5.0},{"damage":30.0,"enemies":"Writhing Mass","floor":39.0,"turns":7.0},{"damage":0.0,"enemies":"Giant Head","floor":40.0,"turns":9.0},{"damage":0.0,"enemies":"Reptomancer","floor":42.0,"turns":7.0},{"damage":0,"enemies":"Giant Head","floor":45,"turns":6},{"damage":0,"enemies":"Maw","floor":46,"turns":4},{"damage":17,"enemies":"2 Orb Walkers","floor":48,"turns":5},{"damage":0,"enemies":"Donu and Deca","floor":50,"turns":7}],"seed_played":"-7576976783459512121","potions_obtained":[{"floor":3.0,"key":"Ancient Potion"},{"floor":10.0,"key":"LiquidMemories"},{"floor":16.0,"key":"EntropicBrew"},{"floor":28.0,"key":"Block Potion"},{"floor":35.0,"key":"Swift Potion"},{"floor":45,"key":"ColorlessPotion"},{"floor":46,"key":"Strength Potion"}],"is_trial":false,"path_per_floor":["M","$","M","?","?","E","M","R","T","E","?","M","?","M","R","B",null,"M","M","$","M","?","E","R","E","T","M","E","$","R","?","R","B",null,"M","?","M","$","M","E","R","E","T","?","E","M","R","?","R","B",null],"character_chosen":"IRONCLAD","items_purchased":["AT_DeathDance","Medical Kit"],"campfire_rested":0,"item_purchase_floors":[20,29],"current_hp_per_floor":[74,74,75,64,64,70,75,75,75,69,43,49,42,41,41,19,61,65,67,67,68,68,56,56,34,34,40,31,31,31,31,31,37,66,72,70,73,73,49,55,55,61,61,61,67,73,73,62,62,68],"gold":227,"neow_bonus":"THREE_ENEMY_KILL","is_daily":false,"chose_seed":false,"campfire_upgraded":7,"win_rate":0.0,"timestamp":1608884041,"path_taken":["M","$","M","?","?","E","?","R","T","E","?","M","?","M","R","BOSS","M","M","$","M","?","E","R","E","T","M","E","$","R","?","R","BOSS","M","?","?","$","M","E","R","E","T","?","E","M","R","?","R","BOSS"],"items_purchased_type":["Relic","Relic"],"build_version":"2020-12-22","purchased_purges":3,"victory":true,"max_hp_per_floor":[75,75,75,75,75,75,75,75,75,75,75,75,75,75,75,75,75,75,75,75,75,75,75,75,75,75,75,75,75,75,75,75,75,75,75,75,75,75,75,75,75,75,75,75,75,75,75,75,75,75],"card_choices":[{"not_picked":["Body Slam","Headbutt","AT_IchimonjiDouble"],"picked":"SKIP","floor":1.0},{"not_picked":["Sword Boomerang","Sever Soul","Headbutt"],"picked":"SKIP","floor":3.0},{"not_picked":["Shrug It Off","Perfected Strike","AT_DrawKnifeCut"],"picked":"SKIP","floor":6.0},{"not_picked":["Perfected Strike","AT_DrawKnifeCut"],"picked":"Shrug It Off","floor":6.0},{"not_picked":["Thunderclap","Brutality","Dual Wield"],"picked":"SKIP","floor":7.0},{"not_picked":["AT_BodySlamDance","Perfected Strike","Havoc"],"picked":"SKIP","floor":10.0},{"not_picked":["Clothesline","Body Slam","Sentinel"],"picked":"SKIP","floor":12.0},{"not_picked":["Rage","Sword Boomerang"],"picked":"Power Through","floor":14.0},{"not_picked":["Exhume","Corruption"],"picked":"Barricade","floor":16.0},{"not_picked":["Twin Strike+1","Whirlwind+1"],"picked":"Feel No Pain+1","floor":18.0},{"not_picked":["Metallicize","Dual Wield","AT_DrawKnifeCut"],"picked":"SKIP","floor":19.0},{"not_picked":["Fire Breathing","True Grit","Sword Boomerang+1"],"picked":"SKIP","floor":21.0},{"not_picked":["Headbutt","Pummel+1"],"picked":"AT_DiedThrough","floor":23.0},{"not_picked":["Thunderclap","Shrug It Off"],"picked":"AT_ShrugMaster+1","floor":25.0},{"not_picked":["AT_BodySlamDance","Impervious"],"picked":"Second Wind","floor":27.0},{"not_picked":["Sword Boomerang","Twin Strike+1","Pommel Strike"],"picked":"SKIP","floor":28.0},{"not_picked":["Limit Break","Demon Form"],"picked":"Impervious","floor":33.0},{"not_picked":["Flex","Rupture","Blood for Blood+1"],"picked":"SKIP","floor":35.0},{"not_picked":["Havoc","Thunderclap+1","Cleave"],"picked":"SKIP","floor":37.0},{"not_picked":["Metallicize","Anger","AT_ManFootWork+1"],"picked":"SKIP","floor":39.0},{"not_picked":["Combust+1","Twin Strike+1"],"picked":"Shrug It Off+1","floor":40.0},{"not_picked":["Juggernaut","Flex"],"picked":"Body Slam+1","floor":42.0},{"not_picked":["Sword Boomerang","AT_BodySlamDance","Bludgeon"],"picked":"SKIP","floor":45},{"not_picked":["Blood for Blood+1","Clash"],"picked":"Burning Pact","floor":46}],"player_experience":273038,"relics_obtained":[{"floor":6.0,"key":"AT_ForceNature"},{"floor":9.0,"key":"Mercury Hourglass"},{"floor":10.0,"key":"Boot"},{"floor":23.0,"key":"Ornamental Fan"},{"floor":25.0,"key":"Akabeko"},{"floor":26.0,"key":"Bronze Scales"},{"floor":28.0,"key":"Unceasing Top"},{"floor":40.0,"key":"Nunchaku"},{"floor":42.0,"key":"Centennial Puzzle"},{"floor":43.0,"key":"Bottled Tornado"},{"floor":45,"key":"Dream Catcher"},{"floor":48,"key":"AT_GoldPhoenixTree"}],"event_choices":[{"damage_healed":0.0,"max_hp_gain":0.0,"max_hp_loss":0.0,"gold_gain":75.0,"event_name":"World of Goop","player_choice":"Gather Gold","floor":4.0,"gold_loss":0.0,"damage_taken":11.0},{"damage_healed":0.0,"max_hp_gain":0.0,"max_hp_loss":0.0,"gold_gain":0.0,"event_name":"Match and Keep!","player_choice":"0 cards matched","floor":5.0,"gold_loss":0.0,"damage_taken":0.0,"cards_obtained":[]},{"damage_healed":0.0,"max_hp_gain":0.0,"max_hp_loss":0.0,"gold_gain":0.0,"event_name":"Golden Idol","player_choice":"Take Damage","floor":11.0,"gold_loss":0.0,"damage_taken":26.0,"relics_obtained":["Golden Idol"]},{"cards_removed":["Strike_R"],"damage_healed":0.0,"max_hp_gain":0.0,"max_hp_loss":0.0,"gold_gain":0.0,"event_name":"Golden Wing","player_choice":"Card Removal","floor":13.0,"gold_loss":0.0,"damage_taken":7.0},{"damage_healed":0.0,"max_hp_gain":0.0,"max_hp_loss":0.0,"gold_gain":0.0,"event_name":"Ghosts","player_choice":"Ignored","floor":22.0,"gold_loss":0.0,"damage_taken":0.0},{"damage_healed":0.0,"max_hp_gain":0.0,"max_hp_loss":0.0,"gold_gain":0.0,"event_name":"Accursed Blacksmith","player_choice":"Forge","floor":31.0,"gold_loss":0.0,"damage_taken":0.0,"cards_upgraded":["AT_DiedThrough"]},{"damage_healed":0.0,"max_hp_gain":0.0,"max_hp_loss":0.0,"gold_gain":0.0,"event_name":"The Woman in Blue","player_choice":"Bought 0 Potions","floor":36.0,"gold_loss":0.0,"damage_taken":0.0},{"cards_removed":["AT_ShrugMaster"],"damage_healed":0,"gold_gain":0,"player_choice":"Removed Power","damage_taken":0,"max_hp_gain":0,"max_hp_loss":0,"event_name":"Falling","floor":44,"gold_loss":0},{"damage_healed":0,"gold_gain":0,"player_choice":"Fight","damage_taken":0,"max_hp_gain":0,"max_hp_loss":0,"event_name":"Mysterious Sphere","floor":48,"gold_loss":0}],"is_beta":false,"boss_relics":[{"not_picked":["SacredBark","Runic Cube"],"picked":"Coffee Dripper"},{"not_picked":["Busted Crown","Cursed Key"],"picked":"SlaversCollar"}],"items_purged_floors":[2,20,38],"is_endless":false,"potions_floor_spawned":[3,10,12,16,18,19,21,28,35,37,45,46],"ascension_level":17}}