{"host":"qjr2x8lg4bxz99yh","time":1608925576,"event":{"mods":["Act Like it!","BaseMod","Colored Powertips","Downfall","Friendly Minions","Hallownest","Hermit","Minty Spire (QoL Compilation)","Replay The Spire","StSLib","The Bug Knight","The Cursed","The Disciple","The Hierophant","The Jungle","The Necromancer","The Runesmith","everything is the same but u backflip on backflip"],"gold_per_floor":[112,128,203,203,16,16,16],"floor_reached":6,"playtime":432,"items_purged":[],"score":34,"play_id":"b1171457-88d8-4bf9-9cec-f72d829ae2b2","local_time":"20201225134616","is_ascension_mode":false,"campfire_choices":[],"circlet_count":0,"master_deck":["HollowMod:NailStrikeStart","HollowMod:NailStrikeStart","HollowMod:NailStrikeStart","HollowMod:NailStrikeStart","HollowMod:QuickDashStart","HollowMod:QuickDashStart","HollowMod:QuickDashStart","HollowMod:QuickDashStart","HollowMod:FocusHealStart","HollowMod:PogoStrike","hierophant:Defend_Hierophant","hermit:Covet","HollowMod:SoulStrike","HollowMod:QuirrelsAssistance","Decay","Transmutation"],"relics":["HollowMod:VesselMask","Bird Faced Urn","PrismaticShard"],"acts_visited":["Exordium"],"potions_floor_usage":[6],"damage_taken":[{"damage":1,"enemies":"Jaw Worm","floor":1,"turns":4},{"damage":3,"enemies":"2 Louse","floor":2,"turns":3},{"damage":91,"enemies":"Gremlin Nob","floor":6,"turns":6}],"seed_played":"3594763515871138028","potions_obtained":[{"floor":1,"key":"champ:CounterPotion"}],"is_trial":false,"path_per_floor":["M","M","?","?","$","E"],"character_chosen":"THE_BUGKNIGHT","items_purchased":["Transmutation"],"campfire_rested":0,"item_purchase_floors":[5],"current_hp_per_floor":[74,75,64,64,64,0,0],"gold":16,"neow_bonus":"ONE_RARE_RELIC","is_daily":false,"chose_seed":false,"campfire_upgraded":0,"win_rate":0.0,"timestamp":1608925576,"path_taken":["M","M","?","?","$","E"],"items_purchased_type":["Card"],"build_version":"2020-12-22","purchased_purges":0,"victory":false,"max_hp_per_floor":[75,75,75,75,75,75,75],"card_choices":[{"not_picked":["HollowMod:GrimmsGift","HollowMod:CornifersMapStart"],"picked":"HollowMod:SoulStrike","floor":1},{"not_picked":["HollowMod:MawleksShell","HollowMod:SoulSplash"],"picked":"HollowMod:QuirrelsAssistance","floor":2}],"player_experience":48281,"relics_obtained":[],"event_choices":[{"damage_healed":0,"gold_gain":75,"player_choice":"Gather Gold","damage_taken":11,"max_hp_gain":0,"max_hp_loss":0,"event_name":"World of Goop","floor":3,"gold_loss":0}],"is_beta":false,"boss_relics":[],"items_purged_floors":[],"is_endless":false,"potions_floor_spawned":[1],"killed_by":"Gremlin Nob","ascension_level":0}}