{"host":"w3q5ijqu8eoknil3","time":1608939432,"event":{"mods":["BaseMod","Block Reminder","Colored Powertips","Minty Spire (QoL Compilation)","Quick Restart","Relic Stats","ojb\u0027s Better Paths Mod","ojb\u0027s Info Mod","slay the spire mod where everything is the same but ironclad has a cowboy hat"],"gold_per_floor":[112,112,131,145,159,194,194,207,207,236,248,307,72,102,102,181,181,194,194,213,213,213,213,213],"floor_reached":23,"playtime":744,"items_purged":[],"score":422,"play_id":"5c291e55-503f-449e-8232-3b5b50b7f278","local_time":"20201225233712","is_ascension_mode":true,"campfire_choices":[{"data":"Demon Form","floor":15,"key":"SMITH"}],"circlet_count":0,"master_deck":["AscendersBane","Strike_R+1","Strike_R+1","Strike_R+1","Strike_R+1","Defend_R+1","Defend_R+1","Defend_R+1","Defend_R+1","Bash","Carnage","Fire Breathing","Ghostly Armor","Shockwave","Clothesline","Demon Form+1","Cleave","Wild Strike","Double Tap","Havoc","Reaper","Armaments","Flex","Sword Boomerang"],"relics":["Burning Blood","NeowsBlessing","Juzu Bracelet","Matryoshka","Pear","Kunai","Mercury Hourglass","Lee\u0027s Waffle","Charon\u0027s Ashes","Velvet Choker"],"acts_visited":["Exordium","TheCity"],"potions_floor_usage":[5,6,10,16,23],"damage_taken":[{"damage":0,"enemies":"2 Louse","floor":1,"turns":1},{"damage":0,"enemies":"Cultist","floor":3,"turns":1},{"damage":0,"enemies":"Small Slimes","floor":4,"turns":2},{"damage":11,"enemies":"2 Fungi Beasts","floor":5,"turns":4},{"damage":16,"enemies":"Lagavulin","floor":6,"turns":7},{"damage":5,"enemies":"3 Louse","floor":8,"turns":4},{"damage":44,"enemies":"3 Sentries","floor":10,"turns":6},{"damage":9,"enemies":"Large Slime","floor":11,"turns":5},{"damage":32,"enemies":"Gremlin Nob","floor":14,"turns":4},{"damage":65,"enemies":"The Guardian","floor":16,"turns":13},{"damage":39,"enemies":"Spheric Guardian","floor":18,"turns":6},{"damage":0,"enemies":"Chosen","floor":20,"turns":4},{"damage":61,"enemies":"Gremlin Leader","floor":23,"turns":5}],"seed_played":"6695519602924825138","potions_obtained":[{"floor":1,"key":"ColorlessPotion"},{"floor":5,"key":"HeartOfIron"},{"floor":8,"key":"BloodPotion"},{"floor":14,"key":"DuplicationPotion"},{"floor":20,"key":"FearPotion"}],"is_trial":false,"path_per_floor":["M","?","M","M","M","E","T","M","T","E","M","?","$","E","R","B",null,"M","?","M","?","?","E"],"character_chosen":"IRONCLAD","items_purchased":["Lee\u0027s Waffle","Double Tap"],"campfire_rested":0,"item_purchase_floors":[13,13],"current_hp_per_floor":[74,74,75,75,70,60,60,61,71,50,47,47,92,66,66,7,71,38,38,49,49,49,0,0],"gold":213,"neow_bonus":"THREE_ENEMY_KILL","is_daily":false,"chose_seed":false,"campfire_upgraded":1,"win_rate":0.0,"timestamp":1608939432,"path_taken":["M","?","?","?","M","E","?","M","T","E","M","?","$","E","R","BOSS","M","?","M","?","?","E"],"items_purchased_type":["Relic","Card"],"build_version":"2020-12-22","purchased_purges":0,"victory":false,"max_hp_per_floor":[75,75,75,75,75,75,75,75,85,85,85,85,92,92,92,92,92,92,92,92,92,92,92,92],"relic_stats":{"Lee\u0027s Waffle":45,"counters":[13,62],"Charon\u0027s Ashes":[49],"Juzu Bracelet":0,"Kunai":[6],"obtain_stats":[{"Lee\u0027s Waffle":13,"Matryoshka":7,"Pear":9,"NeowsBlessing":0,"Velvet Choker":17,"Charon\u0027s Ashes":14,"Juzu Bracelet":6,"Kunai":9,"Burning Blood":0,"Mercury Hourglass":10},{"Lee\u0027s Waffle":8,"Matryoshka":5,"Pear":6,"NeowsBlessing":0,"Velvet Choker":10,"Charon\u0027s Ashes":9,"Juzu Bracelet":5,"Kunai":6,"Burning Blood":0,"Mercury Hourglass":7},{"Lee\u0027s Waffle":30,"Matryoshka":15,"Pear":19,"NeowsBlessing":0,"Velvet Choker":47,"Charon\u0027s Ashes":34,"Juzu Bracelet":15,"Kunai":19,"Burning Blood":0,"Mercury Hourglass":25}],"Burning Blood":61,"Mercury Hourglass":[102]},"card_choices":[{"not_picked":["Heavy Blade","Cleave"],"picked":"Carnage","floor":1},{"not_picked":["Shrug It Off","Iron Wave"],"picked":"Fire Breathing","floor":3},{"not_picked":["Clash","Clothesline"],"picked":"Ghostly Armor","floor":4},{"not_picked":["Perfected Strike","Battle Trance"],"picked":"Shockwave","floor":5},{"not_picked":["Thunderclap","Infernal Blade"],"picked":"Clothesline","floor":6},{"not_picked":["Shrug It Off","Armaments"],"picked":"Demon Form","floor":8},{"not_picked":["Twin Strike","Intimidate"],"picked":"Cleave","floor":10},{"not_picked":["Evolve","Pommel Strike"],"picked":"Wild Strike","floor":11},{"not_picked":["Pommel Strike","Cleave"],"picked":"Havoc","floor":14},{"not_picked":["Feed","Corruption"],"picked":"Reaper","floor":16},{"not_picked":["Perfected Strike","Dropkick"],"picked":"Armaments","floor":18},{"not_picked":["Clash","Flex"],"picked":"Sword Boomerang","floor":20}],"player_experience":948123,"relics_obtained":[{"floor":6,"key":"Juzu Bracelet"},{"floor":7,"key":"Matryoshka"},{"floor":9,"key":"Pear"},{"floor":9,"key":"Kunai"},{"floor":10,"key":"Mercury Hourglass"},{"floor":14,"key":"Charon\u0027s Ashes"}],"event_choices":[{"cards_removed":["Strike_R"],"damage_healed":0,"gold_gain":0,"player_choice":"Purged","damage_taken":0,"max_hp_gain":0,"max_hp_loss":0,"event_name":"Purifier","floor":2,"gold_loss":0},{"damage_healed":0,"gold_gain":59,"player_choice":"Gained Gold","damage_taken":0,"max_hp_gain":0,"max_hp_loss":0,"event_name":"Golden Wing","floor":12,"gold_loss":0},{"damage_healed":0,"gold_gain":0,"player_choice":"Read","damage_taken":0,"max_hp_gain":0,"max_hp_loss":0,"event_name":"The Library","floor":19,"gold_loss":0,"cards_obtained":["Flex"]},{"damage_healed":0,"gold_gain":0,"player_choice":"Simplicity","damage_taken":0,"max_hp_gain":0,"max_hp_loss":0,"event_name":"Back to Basics","floor":21,"gold_loss":0,"cards_upgraded":["Strike_R","Strike_R","Strike_R","Strike_R","Defend_R","Defend_R","Defend_R","Defend_R"]},{"damage_healed":0,"gold_gain":0,"player_choice":"Ignored","damage_taken":0,"max_hp_gain":0,"max_hp_loss":0,"event_name":"Beggar","floor":22,"gold_loss":0}],"is_beta":false,"boss_relics":[{"not_picked":["Sozu","Astrolabe"],"picked":"Velvet Choker"}],"items_purged_floors":[],"is_endless":false,"potions_floor_spawned":[1,5,8,14,20],"killed_by":"Gremlin Leader","ascension_level":20}}