{"host":"wonp23fsqqcu31ie","time":1608884170,"event":{"mods":["2.2 Compatiblity","AchievementEnabler","Aspiration","BaseMod","Bestiary","Better Altar","Better Match","Better Sensory Stone","Better Skull","Better Third Choice","BetterRewards","Block Reminder","Colored Map","Colored Powertips","Conspire","DeckTracker","Displayed Cursed Tome","Downfall","Hermit","Highlight Path","Hubris","Minty Spire (QoL Compilation)","Permanent Neow","Quick Restart","Rare Cards Sparkle","Relic Stats","Replay The Spire","Shade Mod","Shop Mod","StSLib","SuperFastMode","The Animator","The Cursed","The Dragon Tamer","The Gatherer","The Necromancer","The Runesmith","The Servant 0.9.4"],"gold_per_floor":[99,119,134,62,76,1,27,27,59,59,72,88,99,7,20,117,117,42,52,65,65,65,78,78,63,78,24,24,51,66,83,102,102,102,102],"floor_reached":33,"playtime":2303,"items_purged":[],"score":300,"play_id":"209ee484-bd22-4c99-9d46-ca00863be1bc","local_time":"20201225191610","is_ascension_mode":true,"campfire_choices":[{"floor":1,"key":"RECALL"},{"data":"Guardian:TwinSlam","floor":6,"key":"SMITH"},{"data":"Guardian:MultiBeam","floor":10,"key":"SMITH"}],"circlet_count":0,"master_deck":["Guardian:Strike_Guardian+1","Guardian:Strike_Guardian","Guardian:Strike_Guardian","Guardian:Strike_Guardian","Guardian:Defend_Guardian","Guardian:Defend_Guardian","Guardian:Defend_Guardian","Guardian:Defend_Guardian","Guardian:CurlUp","Guardian:TwinSlam+1","Guardian:MultiBeam+1","Guardian:ArmoredProtocol+1","Guardian:Orbwalk","Guardian:RefractedBeam","Guardian:PiercingHide","Guardian:BaubleBeam","Guardian:TemporalStrike","Guardian:SphericShield","Guardian:BronzeOrb","Guardian:Reroute","Guardian:CrystalBeam+1","Guardian:ChargeCore","Guardian:FuturePlans+1","Guardian:FastForward","Guardian:Emergency","Guardian:Gem_Orange","ReplayTheSpireMod:Private Reserves","Guardian:Gem_Lightblue","Guardian:ChargeUp+1","Guardian:PrismaticBarrier+1"],"relics":["Guardian:ModeShifter","aspiration:ChemicalBlood","downfall:HeartBlessingRed","aspiration:Lifesprig","Calipers","aspiration:RunicSpoon","downfall:HeartBlessingGreen","Toy Ornithopter","hubris:Icosahedron","Boot","MerchantsRug","hubris:TenFootPole"],"acts_visited":["Exordium","TheCity"],"potions_floor_usage":[3,13,14,23,26,26,27,27,30,32,33,33,33],"damage_taken":[{"damage":8,"enemies":"Small Slimes","floor":2,"turns":5},{"damage":10,"enemies":"2 Louse","floor":3,"turns":2},{"damage":0,"enemies":"downfall:FleeingMerchant","floor":4,"turns":4},{"damage":4,"enemies":"Jaw Worm","floor":5,"turns":5},{"damage":12,"enemies":"Replay:BlueRogue","floor":9,"turns":5},{"damage":1,"enemies":"2 Fungi Beasts","floor":11,"turns":2},{"damage":2,"enemies":"Exordium Wildlife","floor":12,"turns":3},{"damage":0,"enemies":"Large Slime","floor":13,"turns":4},{"damage":7,"enemies":"downfall:FleeingMerchant","floor":14,"turns":4},{"damage":0,"enemies":"Gremlin Gang","floor":15,"turns":3},{"damage":11,"enemies":"downfall:Ironclad","floor":16,"turns":8},{"damage":0,"enemies":"3 Byrds","floor":19,"turns":3},{"damage":1,"enemies":"Spheric Guardian","floor":20,"turns":3},{"damage":18,"enemies":"Cultist and Chosen","floor":23,"turns":6},{"damage":0,"enemies":"downfall:FleeingMerchant","floor":25,"turns":4},{"damage":18,"enemies":"Snecko","floor":26,"turns":4},{"damage":21,"enemies":"downfall:FleeingMerchant","floor":27,"turns":4},{"damage":10,"enemies":"conspire:SneckoGhost","floor":29,"turns":5},{"damage":20,"enemies":"conspire:HollyBat","floor":30,"turns":7},{"damage":9,"enemies":"Cultist and Chosen","floor":31,"turns":7},{"damage":17,"enemies":"Centurion and Healer","floor":32,"turns":4},{"damage":28,"enemies":"downfall:Watcher","floor":33,"turns":10}],"seed_played":"-5507893309351680053","potions_obtained":[{"floor":2,"key":"AttackPotion"},{"floor":3,"key":"SteroidPotion"},{"floor":9,"key":"Explosive Potion"},{"floor":18,"key":"Weak Potion"},{"floor":18,"key":"Toxic Potion"},{"floor":23,"key":"Fire Potion"},{"floor":23,"key":"Strength Potion"},{"floor":26,"key":"Strength Potion"},{"floor":27,"key":"Regen Potion"},{"floor":30,"key":"Strength Potion"},{"floor":32,"key":"Ancient Potion"}],"is_trial":false,"path_per_floor":["R","M","M","$","M","R","T","?","E","R","M","M","M","$","M","B",null,"R_BF","M","M","?","?","M","T","$","M","$","?","E","M","M","M","B"],"character_chosen":"GUARDIAN","items_purchased":["Guardian:ArmoredProtocol+1","Guardian:BronzeOrb","Guardian:Gem_Orange","MerchantsRug","ReplayTheSpireMod:Private Reserves"],"campfire_rested":0,"item_purchase_floors":[4,14,27,27,27],"current_hp_per_floor":[80,72,62,62,58,58,58,58,46,46,45,43,43,36,36,25,80,80,80,79,79,79,66,66,66,58,52,52,42,27,18,6,0,0,0],"gold":102,"neow_bonus":"RANDOM_COMMON_RELIC","is_daily":false,"chose_seed":false,"campfire_upgraded":2,"win_rate":0.0,"timestamp":1608884170,"path_taken":["R","M","M","$","M","R","T","?","E","R","M","M","M","$","M","BOSS","R_BF","M","M","?","?","M","T","?","M","$","?","E","?","M","M","BOSS"],"items_purchased_type":["Card","Card","Card","Relic","Card"],"build_version":"2020-12-22","purchased_purges":0,"victory":false,"max_hp_per_floor":[80,80,80,80,80,80,80,80,80,80,80,80,80,80,80,80,80,80,80,80,80,80,80,80,80,80,80,80,80,80,80,80,80,80,80],"relic_stats":{"counters":[22,102],"aspiration:RunicSpoon":[78],"Boot":[24],"obtain_stats":[{"MerchantsRug":27,"aspiration:Lifesprig":7,"Calipers":9,"hubris:Icosahedron":22,"downfall:HeartBlessingRed":6,"aspiration:RunicSpoon":17,"Guardian:ModeShifter":0,"downfall:HeartBlessingGreen":18,"hubris:TenFootPole":29,"Boot":24,"Toy Ornithopter":21,"aspiration:ChemicalBlood":0},{"MerchantsRug":17,"aspiration:Lifesprig":4,"Calipers":5,"hubris:Icosahedron":13,"downfall:HeartBlessingRed":4,"aspiration:RunicSpoon":11,"Guardian:ModeShifter":0,"downfall:HeartBlessingGreen":11,"hubris:TenFootPole":18,"Boot":14,"Toy Ornithopter":13,"aspiration:ChemicalBlood":0},{"MerchantsRug":69,"aspiration:Lifesprig":16,"Calipers":21,"hubris:Icosahedron":51,"downfall:HeartBlessingRed":16,"aspiration:RunicSpoon":45,"Guardian:ModeShifter":0,"downfall:HeartBlessingGreen":45,"hubris:TenFootPole":74,"Boot":57,"Toy Ornithopter":51,"aspiration:ChemicalBlood":0}],"Toy Ornithopter":50},"card_choices":[{"not_picked":["Guardian:ArmoredProtocol","Guardian:WalkerClaw"],"picked":"Guardian:MultiBeam","floor":2},{"not_picked":["Guardian:Reroute","Guardian:DecasProtection"],"picked":"Guardian:Gem_Lightblue","floor":3},{"not_picked":["Guardian:Suspension","Guardian:TemporalStrike"],"picked":"Guardian:Gem_Cyan","floor":4},{"not_picked":["Guardian:ArmoredProtocol","Guardian:Gem_Cyan"],"picked":"Guardian:Orbwalk","floor":5},{"not_picked":["Guardian:Incinerate","Guardian:Preprogram"],"picked":"Guardian:RefractedBeam","floor":9},{"not_picked":["Guardian:WalkerClaw","Guardian:Gem_Green"],"picked":"Guardian:PiercingHide","floor":11},{"not_picked":["Guardian:VentSteam","Guardian:RollAttack"],"picked":"Guardian:BaubleBeam","floor":12},{"not_picked":["Guardian:Recover","Guardian:Gem_Green"],"picked":"Guardian:TemporalStrike","floor":13},{"not_picked":["Guardian:PrimingBeam","Guardian:ConstructionForm"],"picked":"Guardian:SphericShield","floor":14},{"not_picked":["Guardian:Recover","Guardian:PiercingHide"],"picked":"Guardian:Gem_Cyan","floor":15},{"not_picked":["Guardian:FierceBash","Guardian:ExploitGems"],"picked":"Guardian:Gem_Orange","floor":16},{"not_picked":["Guardian:PiercingHide","Guardian:TemporalStrike"],"picked":"Guardian:Reroute","floor":19},{"not_picked":["Guardian:Suspension","Guardian:Planning"],"picked":"Guardian:CrystalBeam+1","floor":20},{"not_picked":["Guardian:ChargeUp+1","Guardian:DecasProtection+1"],"picked":"Guardian:ChargeCore","floor":23},{"not_picked":["Guardian:Incinerate","Guardian:Gem_Cyan"],"picked":"Guardian:FuturePlans+1","floor":25},{"not_picked":["Guardian:DecasProtection+1","Guardian:Gem_Lightblue"],"picked":"Guardian:FastForward","floor":26},{"not_picked":["Guardian:Gem_Cyan","Guardian:Recover"],"picked":"Guardian:Emergency","floor":27},{"not_picked":["Guardian:Recover","Guardian:EvasiveProtocol"],"picked":"Guardian:Gem_Lightblue","floor":29},{"not_picked":["Guardian:ShieldSpikes+1","Guardian:Clone"],"picked":"Guardian:ChargeUp+1","floor":30},{"not_picked":["Guardian:ConstructionForm","Guardian:MultiBeam","Guardian:TemporalShield"],"picked":"SKIP","floor":31},{"not_picked":["Guardian:Incinerate","Guardian:Gem_Cyan"],"picked":"Guardian:PrismaticBarrier+1","floor":32}],"player_experience":395093,"relics_obtained":[{"floor":7,"key":"aspiration:Lifesprig"},{"floor":9,"key":"Calipers"},{"floor":24,"key":"Boot"},{"floor":29,"key":"hubris:TenFootPole"}],"event_choices":[],"is_beta":false,"boss_relics":[{"not_picked":["conspire:RunicOctahedron","hubris:TerracottaHorce"],"picked":"aspiration:RunicSpoon"}],"items_purged_floors":[],"is_endless":false,"potions_floor_spawned":[2,3,9,12,20,23,30,31,32],"killed_by":"downfall:Watcher","ascension_level":2}}