{"host":"g75gtovmj0ine2rf","time":1608893258,"event":{"mods":["2.2 Compatiblity","AchievementEnabler","Act Like it!","Aspiration","Astrologer","Bard","BaseMod","Better Match","BetterRewards","CapriCore","Challenge The Spire","ChefMod","Colored Map","Conspire","Energized Spire","Friendly Minions","Gensokyo","Halation","Hallownest","Hermit","HexUI Lib","Highlight Path","Hubris","Infinite Spire","Jedi Mod","Lobotomy","Minty Spire (QoL Compilation)","Puzzle Mod","Quick Restart","Rare Cards Sparkle","Relic Stats","Replay The Spire","Shade Mod","Shop Mod","Spicy Shops","StSLib","SuperFastMode","The Construct","The Cursed","The Factory","The Jungle","The Runesmith","TheBandit","TheFirefly","TheSwordswoman","TheVacant","Transform Curses","Wandering Minibosses","thorton","vexMod"],"gold_per_floor":[113,133,3,18,18,18,53,80,80,80,80,114,114,193,193,269,269,282,0,39,39,39,65,76,76,76,827,777,112,112,144,144,167,167,167],"floor_reached":33,"playtime":1842,"items_purged":[],"score":607,"play_id":"63313f07-3e90-4c78-85bd-f4e7094e97fa","local_time":"20201225214738","is_ascension_mode":true,"campfire_choices":[{"data":"wariomod:DropBash","floor":6,"key":"SMITH"},{"data":"wariomod:Defend","floor":10,"key":"SMITH"},{"data":"wariomod:WhirlwindBurst","floor":25,"key":"SMITH"},{"data":"wariomod:SpacialMastery","floor":32,"key":"SMITH"}],"circlet_count":0,"master_deck":["AscendersBane","wariomod:Strike","wariomod:Strike+1","wariomod:Strike+1","wariomod:Defend","wariomod:Defend","wariomod:Defend+1","wariomod:Defend","wariomod:Step","wariomod:VeryLongJump+1","wariomod:DropBash+1","wariomod:Bomblaster","Gensokyo:SummonJeweledCobra","infinitespire:TheBestDefense+1","wariomod:SpacialMastery+1","wariomod:WhirlwindBurst+1","Sickly","wariomod:RacingSpeed+1","wariomod:ImFeelingLucky","Delirium","conspire:SpireCoStock+1","Gensokyo:Shovel","Gensokyo:SummonJeweledCobra","Gensokyo:BlemishedSteel","Gensokyo:ExoticEgg","wariomod:SilenceBombs"],"relics":["wariomod:TheHat","hubris:Icosahedron","Replay:Bottled Flurry","jedi:purplefairy","jedi:HeartOfTheCards","jedi:angrymask","Eternal Feather","Gensokyo:Companionship","Cursed Key","hubris:Towel","Toxic Egg 2","Garlic","wanderingMiniBosses:MasterThiefsPresence","ClockworkSouvenir","jedi:fakemustache","DollysMirror","vexMod:InvisibilityCloak"],"acts_visited":["Exordium","Gensokyo:Gensokyo"],"potions_floor_usage":[27,33,33],"damage_taken":[{"damage":0,"enemies":"Gensokyo:Python","floor":1,"turns":2},{"damage":0,"enemies":"Gensokyo:3_Fairies","floor":2,"turns":3},{"damage":8,"enemies":"Gensokyo:2_Kodama","floor":4,"turns":4},{"damage":14,"enemies":"Gensokyo:Mamizou","floor":7,"turns":8},{"damage":22,"enemies":"Gensokyo:Aya","floor":8,"turns":7},{"damage":2,"enemies":"Gensokyo:Aya","floor":12,"turns":4},{"damage":0,"enemies":"Gensokyo:Yukari","floor":16,"turns":7},{"damage":0,"enemies":"Gensokyo:Chomper","floor":18,"turns":3},{"damage":30,"enemies":"Gensokyo:Koishi","floor":23,"turns":6},{"damage":0,"enemies":"Gensokyo:2_Gloops","floor":24,"turns":3},{"damage":15,"enemies":"Gensokyo:Wraith","floor":27,"turns":7},{"damage":12,"enemies":"Gensokyo:Tenshi","floor":31,"turns":6},{"damage":48,"enemies":"Gensokyo:Kaguya","floor":33,"turns":6}],"seed_played":"4723732993188209508","potions_obtained":[{"floor":1,"key":"DuplicationPotion"},{"floor":18,"key":"Energy Potion"},{"floor":31,"key":"AttackPotion"}],"is_trial":false,"path_per_floor":["M","M","COS","M","?","R","E","?","T","R","?","E","?","T","R_BF","B",null,"M","?","?","?","$","E","M","R","T","M","?","COS","?","E","R","B"],"character_chosen":"THE_BANDIT","items_purchased":[],"campfire_rested":0,"item_purchase_floors":[],"current_hp_per_floor":[65,65,65,57,57,57,43,21,21,65,65,63,47,47,65,65,65,65,65,65,65,65,35,35,49,49,34,34,44,44,32,48,0,0,0],"gold":167,"neow_bonus":"TRANSFORM_TWO_CARDS","is_daily":false,"chose_seed":false,"campfire_upgraded":4,"win_rate":0.0,"timestamp":1608893258,"path_taken":["M","M","COS","M","?","R","E","?","T","R","?","E","?","?","R_BF","BOSS","M","?","?","?","?","E","M","R","T","?","?","COS","?","E","R","BOSS"],"items_purchased_type":[],"build_version":"2020-12-22","purchased_purges":0,"victory":false,"max_hp_per_floor":[65,65,65,65,65,65,65,65,65,65,65,65,65,65,65,65,65,65,65,65,65,65,65,65,65,65,65,65,65,65,65,65,65,65,65],"relic_stats":{"counters":[13,66],"Eternal Feather":33,"Cursed Key":1,"obtain_stats":[{"jedi:angrymask":12,"wariomod:TheHat":0,"jedi:purplefairy":8,"Eternal Feather":14,"wanderingMiniBosses:MasterThiefsPresence":27,"hubris:Towel":21,"jedi:HeartOfTheCards":9,"Cursed Key":17,"ClockworkSouvenir":29,"jedi:fakemustache":29,"Frozen Eye":23,"vexMod:InvisibilityCloak":31,"hubris:Icosahedron":5,"Gensokyo:Companionship":16,"DollysMirror":29,"Replay:Bottled Flurry":7,"Garlic":26,"Toxic Egg 2":23},{"jedi:angrymask":6,"wariomod:TheHat":0,"jedi:purplefairy":5,"Eternal Feather":6,"wanderingMiniBosses:MasterThiefsPresence":11,"hubris:Towel":8,"jedi:HeartOfTheCards":5,"Cursed Key":7,"ClockworkSouvenir":11,"jedi:fakemustache":11,"Frozen Eye":8,"vexMod:InvisibilityCloak":12,"hubris:Icosahedron":3,"Gensokyo:Companionship":7,"DollysMirror":11,"Replay:Bottled Flurry":4,"Garlic":10,"Toxic Egg 2":9},{"jedi:angrymask":28,"wariomod:TheHat":0,"jedi:purplefairy":24,"Eternal Feather":28,"wanderingMiniBosses:MasterThiefsPresence":54,"hubris:Towel":38,"jedi:HeartOfTheCards":24,"Cursed Key":35,"ClockworkSouvenir":54,"jedi:fakemustache":54,"Frozen Eye":38,"vexMod:InvisibilityCloak":60,"hubris:Icosahedron":9,"Gensokyo:Companionship":29,"DollysMirror":54,"Replay:Bottled Flurry":17,"Garlic":47,"Toxic Egg 2":44}]},"card_choices":[{"not_picked":["wariomod:SimpleShield","wariomod:Bombshield"],"picked":"wariomod:Bomblaster","floor":1},{"not_picked":["wariomod:Leapslam","wariomod:SmackSlam","wariomod:SmallSprint"],"picked":"SKIP","floor":2},{"not_picked":["wariomod:BlastDash","wariomod:Bombshield","wariomod:ThatsNotAll"],"picked":"SKIP","floor":4},{"not_picked":["wariomod:BlastDash","wariomod:SpikeSlash","wariomod:Hopshield"],"picked":"SKIP","floor":7},{"not_picked":["wariomod:HastyRush","wariomod:DanceDash","wariomod:ForbiddenMagic"],"picked":"SKIP","floor":8},{"not_picked":["wariomod:BumRush","wariomod:VeryLongJump","wariomod:TempestBlasts"],"picked":"SKIP","floor":12},{"not_picked":["infinitespire:FinalStrike","infinitespire:Execution"],"picked":"infinitespire:TheBestDefense","floor":13},{"not_picked":["wariomod:PoisonBombs","wariomod:EnergizedBombs"],"picked":"wariomod:SpacialMastery","floor":16},{"not_picked":["wariomod:ThatsNotAll","wariomod:Game"],"picked":"wariomod:WhirlwindBurst","floor":18},{"not_picked":["wariomod:OctoJump+1","wariomod:SimpleShield+1"],"picked":"wariomod:RacingSpeed+1","floor":23},{"not_picked":["wariomod:SpikeSlash+1","wariomod:SmallSprint"],"picked":"wariomod:ImFeelingLucky","floor":24},{"not_picked":["wariomod:AwfulLook+1","wariomod:ChargeForth+1","wariomod:HastyRush+1"],"picked":"SKIP","floor":27},{"not_picked":["wariomod:Bombshield+1","wariomod:ChargeForth+1"],"picked":"wariomod:SilenceBombs","floor":31}],"player_experience":1336599,"relics_obtained":[{"floor":7,"key":"Replay:Bottled Flurry"},{"floor":8,"key":"jedi:purplefairy"},{"floor":9,"key":"jedi:HeartOfTheCards"},{"floor":12,"key":"jedi:angrymask"},{"floor":14,"key":"Eternal Feather"},{"floor":23,"key":"Toxic Egg 2"},{"floor":26,"key":"Garlic"},{"floor":27,"key":"wanderingMiniBosses:MasterThiefsPresence"},{"floor":31,"key":"vexMod:InvisibilityCloak"}],"event_choices":[{"damage_healed":0,"gold_gain":0,"player_choice":"Invest 1","damage_taken":0,"max_hp_gain":0,"max_hp_loss":0,"event_name":"conspire:Investor","floor":28,"gold_loss":0}],"is_beta":false,"boss_relics":[{"not_picked":["SacredBark","aspiration:SecretTechniqueScroll"],"picked":"Cursed Key"}],"items_purged_floors":[],"is_endless":false,"potions_floor_spawned":[1,18,24,31],"killed_by":"Gensokyo:Kaguya","ascension_level":17}}