{"host":"icfpfg8l7slpscsh","time":1608865598,"event":{"mods":["AchievementEnabler","BaseMod","Colored Map","Colored Powertips","Highlight Path","Minty Spire (QoL Compilation)","Permanent Neow","Quick Restart","StSLib"],"gold_per_floor":[114,129,129,144,159,189,204,234,234,264,279,309,384,384,384,484,484,499,499,499,43,43,43,73,73,123,162,162,201,225,264,264,373,373,388,313,348,348,357,396,411,450,475,475,514,278,317,317,317,317],"floor_reached":51,"playtime":3048,"items_purged":[],"score":1465,"play_id":"9a6c1b26-a758-41b1-9005-5d9b3d5d8172","local_time":"20201224220638","daily_mods":["Draft","Hoarder","Elite Swarm"],"is_ascension_mode":false,"campfire_choices":[{"floor":15,"key":"REST"},{"floor":23,"key":"REST"},{"floor":25,"key":"REST"},{"floor":32,"key":"REST"},{"floor":44,"key":"REST"},{"data":"Demon Form","floor":49,"key":"SMITH"}],"circlet_count":0,"master_deck":["Iron Wave","Iron Wave","Iron Wave","Pommel Strike","Pommel Strike","Pommel Strike","Flame Barrier","Flame Barrier","Flame Barrier","Iron Wave","Iron Wave+1","Iron Wave","Bloodletting","Bloodletting","Bloodletting","Cleave","Cleave","Cleave","Cleave","Cleave","Cleave","Shrug It Off","Shrug It Off","Shrug It Off","Seeing Red","Seeing Red","Seeing Red","Armaments","Armaments","Armaments","Thunderclap","Thunderclap","Thunderclap","Wild Strike","Wild Strike","Wild Strike","Iron Wave","Iron Wave+1","Iron Wave","Disarm","Disarm","Disarm","Armaments","Armaments","Armaments","Shrug It Off","Shrug It Off","Shrug It Off","Shrug It Off","Shrug It Off","Shrug It Off","Clothesline","Clothesline","Clothesline","Impervious","Impervious","Impervious","Wild Strike","Wild Strike","Wild Strike","Feed","Feed","Feed","Impervious","Impervious","Impervious","Whirlwind","Whirlwind","Whirlwind","Immolate","Immolate","Immolate","Impervious","Impervious","Impervious","Disarm","Disarm","Disarm","Ghostly Armor","Ghostly Armor","Ghostly Armor","J.A.X.","J.A.X.","J.A.X.","Feed","Feed","Feed","Thinking Ahead","Thinking Ahead","Thinking Ahead","Corruption","Corruption","Corruption","Immolate","Immolate","Immolate","Brutality","Brutality","Brutality","Clothesline+1","Clothesline+1","Clothesline+1","Impervious","Impervious","Impervious","Limit Break","Limit Break","Limit Break","Discovery","Discovery","Discovery","Demon Form","Demon Form","Demon Form+1","Limit Break","Limit Break","Limit Break","Offering","Offering","Offering","Panacea","Panacea","Panacea","Exhume","Exhume","Exhume"],"relics":["Burning Blood","Vajra","Potion Belt","Pear","InkBottle","Red Skull","Black Star","Membership Card","Juzu Bracelet","Ancient Tea Set","Nilry\u0027s Codex","Centennial Puzzle","HornCleat","CeramicFish","Magic Flower","CaptainsWheel","Blue Candle","Bronze Scales","Orichalcum","Du-Vu Doll","Busted Crown","ClockworkSouvenir","Torii","Lizard Tail","Anchor","Charon\u0027s Ashes","Mango","Whetstone","Strawberry","White Beast Statue","Bag of Preparation","Toy Ornithopter","Mummified Hand","Kunai"],"acts_visited":["Exordium","TheCity","TheBeyond"],"potions_floor_usage":[6,12,16,24,24,27,37,42,47,50,50,50,50],"damage_taken":[{"damage":3,"enemies":"Small Slimes","floor":1,"turns":2},{"damage":3,"enemies":"Cultist","floor":2,"turns":2},{"damage":0,"enemies":"2 Louse","floor":4,"turns":3},{"damage":3,"enemies":"Large Slime","floor":5,"turns":7},{"damage":9,"enemies":"3 Sentries","floor":6,"turns":5},{"damage":4,"enemies":"Exordium Wildlife","floor":7,"turns":5},{"damage":12,"enemies":"Gremlin Nob","floor":8,"turns":4},{"damage":16,"enemies":"Lagavulin","floor":10,"turns":7},{"damage":3,"enemies":"Blue Slaver","floor":11,"turns":3},{"damage":14,"enemies":"Gremlin Nob","floor":12,"turns":3},{"damage":3,"enemies":"Slime Boss","floor":16,"turns":7},{"damage":9,"enemies":"Shell Parasite","floor":18,"turns":6},{"damage":93,"enemies":"Gremlin Leader","floor":24,"turns":10},{"damage":6,"enemies":"Book of Stabbing","floor":27,"turns":7},{"damage":6,"enemies":"Slavers","floor":29,"turns":1},{"damage":3,"enemies":"Spheric Guardian","floor":30,"turns":3},{"damage":3,"enemies":"Book of Stabbing","floor":31,"turns":6},{"damage":32,"enemies":"Champ","floor":33,"turns":17},{"damage":5,"enemies":"3 Darklings","floor":35,"turns":4},{"damage":10,"enemies":"2 Orb Walkers","floor":37,"turns":5},{"damage":17,"enemies":"Reptomancer","floor":40,"turns":7},{"damage":6,"enemies":"Orb Walker","floor":41,"turns":4},{"damage":8,"enemies":"Nemesis","floor":42,"turns":7},{"damage":7,"enemies":"Reptomancer","floor":45,"turns":5},{"damage":12,"enemies":"Giant Head","floor":47,"turns":5},{"damage":22,"enemies":"Donu and Deca","floor":50,"turns":6}],"seed_played":"-567031674859551473","potions_obtained":[{"floor":4,"key":"SteroidPotion"},{"floor":5,"key":"ColorlessPotion"},{"floor":6,"key":"Energy Potion"},{"floor":10,"key":"FearPotion"},{"floor":11,"key":"Regen Potion"},{"floor":16,"key":"Block Potion"},{"floor":29,"key":"SteroidPotion"},{"floor":30,"key":"FairyPotion"},{"floor":31,"key":"Block Potion"},{"floor":37,"key":"Fruit Juice"},{"floor":42,"key":"EssenceOfSteel"},{"floor":45,"key":"Swift Potion"},{"floor":47,"key":"SteroidPotion"}],"is_trial":false,"path_per_floor":["M","M","?","M","M","E","M","E","T","E","M","E","?","?","R","B",null,"M","?","?","$","?","R","E","R","T","E","?","E","M","E","R","B",null,"M","$","?","?","?","E","M","E","T","R","E","$","E","?","R","B",null],"character_chosen":"IRONCLAD","items_purchased":["Membership Card","Feed","Thinking Ahead","Juzu Bracelet","Ancient Tea Set","ClockworkSouvenir","Panacea","Bag of Preparation","Toy Ornithopter","Strength Potion","Strength Potion"],"campfire_rested":5,"item_purchase_floors":[21,21,21,21,21,36,46,46,46,46,46],"current_hp_per_floor":[80,80,72,78,80,77,79,73,83,73,76,71,60,65,94,97,98,98,98,98,98,82,101,29,59,59,59,59,67,73,84,107,84,107,107,107,115,104,94,91,94,114,114,135,145,145,145,145,145,137],"gold":317,"neow_bonus":"","is_daily":true,"chose_seed":false,"campfire_upgraded":1,"win_rate":0.0,"timestamp":1608865598,"path_taken":["M","M","?","M","?","E","M","E","T","E","M","E","?","?","R","BOSS","M","?","?","?","?","R","E","R","T","E","?","E","M","E","R","BOSS","M","$","?","?","?","E","M","E","T","R","E","$","E","?","R","BOSS"],"items_purchased_type":["Relic","Card","Card","Relic","Relic","Relic","Card","Relic","Relic","Potion","Potion"],"build_version":"2020-12-22","purchased_purges":0,"victory":true,"max_hp_per_floor":[80,80,80,80,80,80,80,80,90,90,90,93,93,98,98,98,98,101,101,101,101,101,101,101,101,101,101,101,104,104,107,107,107,107,107,107,115,115,115,118,118,135,135,135,145,145,145,145,145,148],"card_choices":[{"not_picked":["Havoc","Warcry"],"picked":"Iron Wave","floor":0},{"not_picked":["Reckless Charge","Seeing Red"],"picked":"Pommel Strike","floor":0},{"not_picked":["Searing Blow","Thunderclap"],"picked":"Flame Barrier","floor":0},{"not_picked":["Sentinel","Heavy Blade"],"picked":"Iron Wave","floor":0},{"not_picked":["Clothesline","Heavy Blade"],"picked":"Bloodletting","floor":0},{"not_picked":["Dual Wield","Heavy Blade"],"picked":"Cleave","floor":0},{"not_picked":["Heavy Blade","Clash"],"picked":"Cleave","floor":0},{"not_picked":["Power Through","Flex"],"picked":"Shrug It Off","floor":0},{"not_picked":["Heavy Blade","Combust"],"picked":"Seeing Red","floor":0},{"not_picked":["Clash","Sword Boomerang"],"picked":"Armaments","floor":0},{"not_picked":["Seeing Red","Perfected Strike"],"picked":"Thunderclap","floor":0},{"not_picked":["Dual Wield","Dropkick"],"picked":"Wild Strike","floor":0},{"not_picked":["Cleave","Havoc"],"picked":"Iron Wave","floor":0},{"not_picked":["Havoc","Body Slam"],"picked":"Disarm","floor":0},{"not_picked":["Clash","Rupture"],"picked":"Armaments","floor":0},{"not_picked":["Thunderclap","Combust","Sentinel"],"picked":"SKIP","floor":1},{"not_picked":["Entrench","Heavy Blade"],"picked":"Shrug It Off","floor":2},{"not_picked":["Seeing Red","Heavy Blade"],"picked":"Shrug It Off","floor":4},{"not_picked":["Searing Blow","Heavy Blade"],"picked":"Clothesline","floor":5},{"not_picked":["Exhume","Limit Break"],"picked":"Impervious","floor":6},{"not_picked":["Clash","Thunderclap"],"picked":"Wild Strike","floor":7},{"not_picked":["Limit Break","Reaper"],"picked":"Feed","floor":8},{"not_picked":["Limit Break","Brutality"],"picked":"Impervious","floor":10},{"not_picked":["Clothesline","Dark Embrace"],"picked":"Whirlwind","floor":11},{"not_picked":["Juggernaut","Impervious"],"picked":"Immolate","floor":12},{"not_picked":["Double Tap","Reaper"],"picked":"Impervious","floor":16},{"not_picked":["Dual Wield+1","Sword Boomerang"],"picked":"Disarm","floor":18},{"not_picked":["Impervious","Reaper"],"picked":"Corruption","floor":24},{"not_picked":["Bludgeon","Exhume"],"picked":"Immolate","floor":27},{"not_picked":["Fiend Fire","Bludgeon"],"picked":"Brutality","floor":29},{"not_picked":["Wild Strike","Havoc"],"picked":"Clothesline+1","floor":30},{"not_picked":["Barricade","Immolate"],"picked":"Impervious","floor":31},{"not_picked":["Immolate","Double Tap"],"picked":"Limit Break","floor":33},{"not_picked":["Anger+1"],"picked":"SKIP","floor":35},{"not_picked":[],"picked":"Discovery","floor":39},{"not_picked":[],"picked":"Demon Form","floor":40},{"not_picked":["Clothesline"],"picked":"SKIP","floor":41},{"not_picked":[],"picked":"Limit Break","floor":42},{"not_picked":[],"picked":"Offering","floor":45},{"not_picked":[],"picked":"Exhume","floor":47}],"player_experience":1416628,"relics_obtained":[{"floor":6,"key":"Vajra"},{"floor":8,"key":"Potion Belt"},{"floor":9,"key":"Pear"},{"floor":10,"key":"InkBottle"},{"floor":12,"key":"Red Skull"},{"floor":22,"key":"Nilry\u0027s Codex"},{"floor":24,"key":"Centennial Puzzle"},{"floor":24,"key":"HornCleat"},{"floor":26,"key":"CeramicFish"},{"floor":27,"key":"Magic Flower"},{"floor":27,"key":"CaptainsWheel"},{"floor":29,"key":"Blue Candle"},{"floor":29,"key":"Bronze Scales"},{"floor":31,"key":"Orichalcum"},{"floor":31,"key":"Du-Vu Doll"},{"floor":37,"key":"Torii"},{"floor":40,"key":"Lizard Tail"},{"floor":40,"key":"Anchor"},{"floor":42,"key":"Charon\u0027s Ashes"},{"floor":42,"key":"Mango"},{"floor":43,"key":"Whetstone"},{"floor":45,"key":"Strawberry"},{"floor":45,"key":"White Beast Statue"},{"floor":47,"key":"Mummified Hand"},{"floor":47,"key":"Kunai"}],"event_choices":[{"damage_healed":0,"gold_gain":0,"player_choice":"Damaged","damage_taken":8,"max_hp_gain":0,"max_hp_loss":0,"event_name":"Wheel of Change","floor":3,"gold_loss":0},{"damage_healed":0,"gold_gain":75,"player_choice":"Gather Gold","damage_taken":11,"max_hp_gain":0,"max_hp_loss":0,"event_name":"World of Goop","floor":13,"gold_loss":0},{"damage_healed":0,"gold_gain":0,"player_choice":"Donut","damage_taken":0,"max_hp_gain":5,"max_hp_loss":0,"event_name":"Big Fish","floor":14,"gold_loss":0},{"damage_healed":0,"gold_gain":0,"player_choice":"Read","damage_taken":0,"max_hp_gain":0,"max_hp_loss":0,"event_name":"The Library","floor":19,"gold_loss":0,"cards_obtained":["Ghostly Armor"]},{"damage_healed":0,"gold_gain":0,"player_choice":"Obtain J.A.X.","damage_taken":0,"max_hp_gain":0,"max_hp_loss":0,"event_name":"Drug Dealer","floor":20,"gold_loss":0,"cards_obtained":["J.A.X."]},{"damage_healed":0,"gold_gain":0,"player_choice":"Obtained Book","damage_taken":16,"max_hp_gain":0,"max_hp_loss":0,"event_name":"Cursed Tome","floor":22,"gold_loss":0},{"damage_healed":0,"gold_gain":0,"player_choice":"Ignored","damage_taken":0,"max_hp_gain":0,"max_hp_loss":0,"event_name":"Ghosts","floor":28,"gold_loss":0},{"damage_healed":0,"gold_gain":0,"player_choice":"Fight","damage_taken":0,"max_hp_gain":0,"max_hp_loss":0,"event_name":"Mysterious Sphere","floor":37,"gold_loss":0},{"damage_healed":0,"gold_gain":0,"player_choice":"Damaged","damage_taken":11,"max_hp_gain":0,"max_hp_loss":0,"event_name":"Wheel of Change","floor":38,"gold_loss":0},{"damage_healed":0,"gold_gain":0,"player_choice":"Memory 3","damage_taken":10,"max_hp_gain":0,"max_hp_loss":0,"event_name":"SensoryStone","floor":39,"gold_loss":0},{"damage_healed":0,"gold_gain":0,"player_choice":"Ignored","damage_taken":0,"max_hp_gain":0,"max_hp_loss":0,"event_name":"SecretPortal","floor":48,"gold_loss":0}],"is_beta":false,"boss_relics":[{"not_picked":["SacredBark","Astrolabe"],"picked":"Black Star"},{"not_picked":["Cursed Key","Coffee Dripper"],"picked":"Busted Crown"}],"items_purged_floors":[],"is_endless":false,"potions_floor_spawned":[4,5,6,10,11,16,29,30,31,37,42,45,47],"ascension_level":0}}