{"host":"uwh382mre4waz4ff","time":1608861837,"event":{"mods":["AchievementEnabler","BaseMod","Better Note","Better Third Choice","BetterRewards","HololiveMod","Minty Spire (QoL Compilation)","StSLib"],"gold_per_floor":[78,93,110,127,77,77,77,92,139,314,326,343,343,355,355,453,453,466,466,486,501,501,535,535,535,535,63,89,102,120,138,138,240,240,252,263,283,309,309,342,342,392,474,474,515,527,467,580,580,616,616,616,27,63,71],"floor_reached":56,"playtime":2597,"items_purged":["Regret"],"score":1725,"play_id":"a9c07905-8cd9-43fd-a790-99a32eb6bcab","local_time":"20201225100357","is_ascension_mode":false,"campfire_choices":[{"data":"Hololive_CallShiroganeNoel","floor":6,"key":"SMITH"},{"data":"Hololive_CallUsadaPekora","floor":13,"key":"SMITH"},{"data":"Hololive_CallHoshimachiSuisei","floor":15,"key":"SMITH"},{"data":"Hololive_CallOkamiMio","floor":25,"key":"SMITH"},{"data":"Hololive_CallHoushouMarine","floor":32,"key":"SMITH"},{"floor":41,"key":"RECALL"},{"data":"Hololive_CallAmaneKanata","floor":44,"key":"SMITH"},{"data":"Hololive_StrengthChampion+1","floor":49,"key":"SMITH"},{"data":"Hololive_StrengthChampion+1","floor":52,"key":"SMITH"}],"circlet_count":0,"master_deck":["Hololive_CallHoushouMarine+1","Hololive_CallShiroganeNoel+1","Hololive_CallUruhaRushia+1","Hololive_CallShiranuiFlare+1","Hololive_CallUsadaPekora+1","Hololive_StrengthChampion+2","Hololive_Defend+1","Hololive_Defend+1","Hololive_CallMomosuzuNene+26","Hololive_CallOkamiMio+1","Hololive_CallTsunomakiWatame+1","Hololive_CocoNews+1","Hololive_CallDoris+1","Hololive_StrengthChampion+2","Hololive_CocoNews+1","Hololive_CallHoshimachiSuisei+1","Hololive_MaximGun+1","Hololive_CallMurasakiShion+1","Hololive_CallFriendA+1","Hololive_CallManoAloe+1","Hololive_CocoNews+1","Hololive_CallAkaiHaato+1","Hololive_Yoholoon+1","Hololive_CocoNews+1","Hololive_DDD+1","Hololive_CallAZKi+1","Hololive_CallSakuraMiko+1","Hololive_StrengthChampion+1","Hololive_CallSpadeEcho+1","Hololive_CallAmaneKanata+1","Hololive_CallOzoraSubaru+1","Hololive_CallArtia+1","Hololive_CallYukihanaLamy+1","Finesse","Hololive_Yoholoon","Hololive_BringToTrial","Hololive_StrengthChampion","Hololive_DevilCharm","Hololive_CallMomosuzuNene+1"],"relics":["Hololive_TheStar","Philosopher\u0027s Stone","HornCleat","Lantern","ClockworkSouvenir","Gremlin Horn","Vajra","Runic Dome","Mark of the Bloom","Pantograph","Kunai","Question Card","Membership Card","Bottled Tornado","Lizard Tail","Mercury Hourglass"],"acts_visited":["Exordium","TheCity","TheBeyond","TheEnding"],"potions_floor_usage":[23,23],"damage_taken":[{"damage":0,"enemies":"Cultist","floor":1,"turns":2},{"damage":0,"enemies":"Small Slimes","floor":2,"turns":2},{"damage":0,"enemies":"Jaw Worm","floor":3,"turns":2},{"damage":0,"enemies":"Looter","floor":4,"turns":2},{"damage":0,"enemies":"Large Slime","floor":8,"turns":3},{"damage":0,"enemies":"Red Slaver","floor":11,"turns":1},{"damage":0,"enemies":"2 Fungi Beasts","floor":12,"turns":2},{"damage":0,"enemies":"Looter","floor":14,"turns":2},{"damage":0,"enemies":"Slime Boss","floor":16,"turns":4},{"damage":0,"enemies":"Chosen","floor":18,"turns":2},{"damage":0,"enemies":"3 Byrds","floor":20,"turns":2},{"damage":0,"enemies":"Shelled Parasite and Fungi","floor":21,"turns":2},{"damage":0,"enemies":"Slavers","floor":23,"turns":6},{"damage":0,"enemies":"Book of Stabbing","floor":28,"turns":2},{"damage":0,"enemies":"Snecko","floor":29,"turns":2},{"damage":0,"enemies":"3 Cultists","floor":30,"turns":3},{"damage":0,"enemies":"Centurion and Healer","floor":31,"turns":3},{"damage":0,"enemies":"Automaton","floor":33,"turns":5},{"damage":0,"enemies":"3 Shapes","floor":35,"turns":2},{"damage":0,"enemies":"3 Darklings","floor":36,"turns":3},{"damage":0,"enemies":"Writhing Mass","floor":37,"turns":2},{"damage":0,"enemies":"Maw","floor":38,"turns":3},{"damage":0,"enemies":"Reptomancer","floor":40,"turns":3},{"damage":0,"enemies":"Nemesis","floor":42,"turns":5},{"damage":0,"enemies":"Reptomancer","floor":45,"turns":4},{"damage":0,"enemies":"Jaw Worm Horde","floor":46,"turns":1},{"damage":0,"enemies":"Transient","floor":48,"turns":5},{"damage":0,"enemies":"Donu and Deca","floor":50,"turns":2},{"damage":0,"enemies":"Shield and Spear","floor":54,"turns":2},{"damage":0,"enemies":"The Heart","floor":55,"turns":5}],"seed_played":"-8084415316329009376","potions_obtained":[{"floor":2,"key":"PowerPotion"},{"floor":3,"key":"Block Potion"},{"floor":14,"key":"Fire Potion"},{"floor":21,"key":"EntropicBrew"},{"floor":28,"key":"Swift Potion"},{"floor":30,"key":"SkillPotion"},{"floor":38,"key":"PowerPotion"},{"floor":46,"key":"DistilledChaos"}],"is_trial":false,"path_per_floor":["M","M","M","M","?","R","?","M","T","?","M","M","R","M","R","B",null,"M","?","M","M","?","E","?","R","T","$","E","M","M","M","R","B",null,"M","M","M","M","?","E","R","E","T","R","E","M","?","M","R","B",null,"R","$","E","B",null],"character_chosen":"Hololive_HololiveCharacter","items_purchased":["Hololive_CallAkaiHaato","ClockworkSouvenir","Gremlin Horn","Membership Card","Bottled Tornado","Lizard Tail","Hololive_Yoholoon","Hololive_BringToTrial","Hololive_StrengthChampion","Hololive_DevilCharm"],"campfire_rested":0,"item_purchase_floors":[27,27,27,53,53,53,53,53,53,53],"current_hp_per_floor":[35,35,35,35,35,35,35,35,35,35,35,35,35,35,35,35,35,35,35,35,35,35,35,35,35,35,35,35,35,35,35,35,35,35,35,35,35,35,35,35,35,35,35,35,35,35,35,35,35,35,35,35,35,35,35],"gold":71,"neow_bonus":"TRANSFORM_CARD","is_daily":false,"chose_seed":false,"campfire_upgraded":8,"win_rate":0.0,"timestamp":1608861837,"path_taken":["M","?","M","M","?","R","?","M","T","?","?","M","R","M","R","BOSS","M","?","M","?","?","E","?","R","T","?","E","?","M","M","R","BOSS","M","M","M","M","?","E","R","E","T","R","E","M","?","?","R","BOSS","R","$","E","BOSS"],"items_purchased_type":["Card","Relic","Relic","Relic","Relic","Relic","Card","Card","Card","Card"],"build_version":"2020-12-22","purchased_purges":1,"victory":true,"max_hp_per_floor":[35,35,35,35,35,35,35,35,35,35,35,35,35,35,35,35,35,35,35,35,35,35,35,35,35,35,35,35,35,35,35,35,35,35,35,35,35,35,35,35,35,35,35,35,35,35,35,35,35,35,35,35,35,35,35],"card_choices":[{"not_picked":["Hololive_FlyingPonyTail","Hololive_OvertimeWork","Hololive_Psychosis","Hololive_HuntDinosaur"],"picked":"SKIP","floor":1},{"not_picked":["Hololive_LuckPotion","Hololive_Breathe","Hololive_CallKiryuuCoco"],"picked":"Hololive_CallOkamiMio","floor":2},{"not_picked":["Hololive_RevenueBasedLive","Hololive_SummonFox","Hololive_CallShiroganeNoel"],"picked":"Hololive_CallTsunomakiWatame","floor":3},{"not_picked":["Hololive_OvertimeWork","Hololive_Rebirth","Hololive_Trident"],"picked":"Hololive_CocoNews","floor":4},{"not_picked":["Hololive_RevenueBasedLive","Hololive_FlyingPonyTail","Hololive_CocoNews"],"picked":"Hololive_CallDoris","floor":8},{"not_picked":["Hololive_RevenueBasedLive","Hololive_LuckPotion","Hololive_OvertimeWork"],"picked":"Hololive_StrengthChampion","floor":11},{"not_picked":["Hololive_Drill","Hololive_RevenueBasedLive","Hololive_Trident"],"picked":"Hololive_CocoNews","floor":12},{"not_picked":["Hololive_StrengthChampion","Hololive_Trident","Hololive_AWSL"],"picked":"Hololive_CallHoshimachiSuisei","floor":14},{"not_picked":["Hololive_BeCareful","Hololive_Rebirth","Hololive_FlareMind"],"picked":"Hololive_MaximGun","floor":16},{"not_picked":["Hololive_CallHimemoriLuna","Hololive_FlyingPonyTail","Hololive_SummonFox"],"picked":"Hololive_CallMurasakiShion","floor":18},{"not_picked":["Hololive_Breathe","Hololive_CallCivia","Hololive_CocoNews+1"],"picked":"Hololive_CallFriendA","floor":20},{"not_picked":["Hololive_CallTsunomakiWatame","Hololive_RevenueBasedLive+1","Hololive_LuckPotion"],"picked":"Hololive_CallManoAloe","floor":21},{"not_picked":["Hololive_StrengthChampion","Hololive_Trident","Hololive_Rebound+1"],"picked":"Hololive_CocoNews","floor":23},{"not_picked":["Hololive_Drill","Hololive_ASMR","Hololive_Psychosis"],"picked":"Hololive_Yoholoon","floor":28},{"not_picked":["Hololive_FlyingPonyTail","Hololive_ManjiGathering","Hololive_Teleport+1","Hololive_Sequa"],"picked":"SKIP","floor":29},{"not_picked":["Hololive_Rebound+1","Hololive_HuntDinosaur","Hololive_Breathe","Hololive_Sequa"],"picked":"SKIP","floor":30},{"not_picked":["Hololive_CallHoushouMarine","Hololive_Rebound","Hololive_LuckPotion"],"picked":"Hololive_CocoNews","floor":31},{"not_picked":["Hololive_StarCraft","Hololive_DurableLive","Hololive_DiamondStrike"],"picked":"Hololive_DDD","floor":33},{"not_picked":["Hololive_CallOzoraSubaru","Hololive_Breathe+1","Hololive_FlyingPonyTail+1"],"picked":"Hololive_CallAZKi","floor":35},{"not_picked":["Hololive_Rebound","Hololive_Trident","Hololive_HuntDinosaur"],"picked":"Hololive_CallSakuraMiko+1","floor":36},{"not_picked":["Hololive_Sequa+1","Hololive_Psychosis+1","Hololive_HuntDinosaur"],"picked":"Hololive_StrengthChampion","floor":37},{"not_picked":["Hololive_CallAZKi","Hololive_Breathe","Hololive_Nanodesu"],"picked":"Hololive_CallSpadeEcho","floor":38},{"not_picked":["Hololive_Sequa+1","Hololive_CallOmaruPolka","Hololive_Rebound"],"picked":"Hololive_CallAmaneKanata","floor":40},{"not_picked":["Hololive_Breathe","Hololive_Trident","Hololive_CallYogiri+1"],"picked":"Hololive_CallOzoraSubaru+1","floor":42},{"not_picked":["Hololive_Rebound","Hololive_CallOmaruPolka","Hololive_CallShiroganeNoel"],"picked":"Hololive_CallArtia+1","floor":45},{"not_picked":["Hololive_CallSpadeEcho+1","Hololive_ASMR","Hololive_LuckPotion+1","Hololive_CallTsunomakiWatame"],"picked":"Hololive_CallYukihanaLamy+1","floor":46},{"not_picked":["Hololive_FlyingPonyTail+1","Hololive_Sequa","Hololive_RevenueBasedLive","Hololive_StrengthChampion","Hololive_OvertimeWork+1"],"picked":"SKIP","floor":48},{"not_picked":["Hololive_LuckPotion","Hololive_DiamondStrike","Hololive_Rebound","Hololive_HighAtkLowDef"],"picked":"Hololive_CallMomosuzuNene+1","floor":54}],"player_experience":196707,"relics_obtained":[{"floor":23,"key":"HornCleat"},{"floor":26,"key":"Lantern"},{"floor":28,"key":"Vajra"},{"floor":40,"key":"Pantograph"},{"floor":42,"key":"Kunai"},{"floor":45,"key":"Question Card"},{"floor":54,"key":"Mercury Hourglass"}],"event_choices":[{"cards_removed":["Hololive_Strike"],"damage_healed":0,"gold_gain":0,"player_choice":"Card Removal","damage_taken":0,"max_hp_gain":0,"max_hp_loss":0,"event_name":"The Cleric","floor":5,"gold_loss":50},{"damage_healed":35,"gold_gain":0,"player_choice":"Embrace Burn","damage_taken":0,"max_hp_gain":0,"max_hp_loss":35,"event_name":"betterThird:BetterShining","floor":7,"gold_loss":0},{"damage_healed":0,"gold_gain":175,"player_choice":"AGREE","damage_taken":139,"max_hp_gain":0,"max_hp_loss":0,"event_name":"betterThird:BetterSerpent","floor":10,"gold_loss":0},{"damage_healed":0,"gold_gain":0,"player_choice":"Upgraded","damage_taken":0,"max_hp_gain":0,"max_hp_loss":0,"event_name":"Upgrade Shrine","floor":19,"gold_loss":0,"cards_upgraded":["Hololive_MaximGun"]},{"damage_healed":0,"gold_gain":0,"player_choice":"Got Potions","damage_taken":0,"max_hp_gain":0,"max_hp_loss":0,"event_name":"Lab","floor":22,"gold_loss":0},{"cards_removed":["Doubt"],"damage_healed":0,"gold_gain":0,"player_choice":"Give","damage_taken":0,"max_hp_gain":0,"max_hp_loss":0,"event_name":"betterNote:BetterNote","floor":24,"gold_loss":0,"cards_obtained":["Strike_B"]},{"damage_healed":0,"gold_gain":0,"player_choice":"Upgrade","damage_taken":0,"relics_obtained":["Mark of the Bloom"],"max_hp_gain":0,"max_hp_loss":0,"event_name":"MindBloom","floor":39,"gold_loss":0,"cards_upgraded":["Hololive_CallUruhaRushia","Hololive_CallShiranuiFlare","Hololive_StrengthChampion","Hololive_Defend","Hololive_Defend","Hololive_CallMomosuzuNene","Hololive_CallTsunomakiWatame","Hololive_CocoNews","Hololive_CallDoris","Hololive_StrengthChampion","Hololive_CocoNews","Hololive_CallMurasakiShion","Hololive_CallFriendA","Hololive_CallManoAloe","Hololive_CocoNews","Hololive_CallAkaiHaato","Hololive_Yoholoon","Hololive_CocoNews","Hololive_DDD","Hololive_CallAZKi","Hololive_StrengthChampion","Hololive_CallSpadeEcho"]},{"damage_healed":0,"gold_gain":0,"cards_transformed":["Burn","Doubt"],"player_choice":"Transformed Cards","damage_taken":0,"max_hp_gain":0,"max_hp_loss":0,"event_name":"Designer","floor":47,"gold_loss":60,"cards_obtained":["Finesse","Regret"]}],"is_beta":false,"boss_relics":[{"not_picked":["SacredBark","Velvet Choker"],"picked":"Philosopher\u0027s Stone"},{"not_picked":["Runic Pyramid","Calling Bell"],"picked":"Runic Dome"}],"items_purged_floors":[53],"is_endless":false,"potions_floor_spawned":[2,3,14,16,21,28,30,38,46,48,54],"ascension_level":0}}