{"host":"xgnmnr8f8w1a0eo3","time":1608878670,"event":{"mods":["BaseMod","Downfall","Highlight Path","Minty Spire (QoL Compilation)","Permanent Neow","Relic Stats","StSLib","everything is the same but u backflip on backflip"],"gold_per_floor":[0,14,14,0,12,38,38,38,38,56,56,69,102,102,112,112,112,112],"floor_reached":16,"playtime":741,"items_purged":[],"score":138,"play_id":"9128d7e1-bbbe-41f8-b4d2-44b7dfcf5f7a","local_time":"20201225014430","is_ascension_mode":true,"campfire_choices":[{"data":"Panache","floor":1.0,"key":"SMITH"},{"data":"champ:HeartStrike","floor":8.0,"key":"SMITH"},{"data":"champ:Taunt","floor":11.0,"key":"SMITH"}],"circlet_count":0,"master_deck":["champ:Strike","champ:Defend","champ:Defend","champ:Defend","champ:Defend","champ:Execute","champ:Taunt+1","Panache+1","champ:RisingSlash","champ:RapidStrikes","champ:RisingSlash","champ:StanceDance","champ:HeartStrike+1","champ:ShieldSigil","champ:BerserkersShout"],"relics":["champ:ChampionCrown","Pen Nib","InkBottle","Orichalcum"],"acts_visited":["Exordium"],"potions_floor_usage":[16],"damage_taken":[{"damage":8.0,"enemies":"Jaw Worm","floor":2.0,"turns":4.0},{"damage":5.0,"enemies":"downfall:FleeingMerchant","floor":4.0,"turns":4.0},{"damage":8.0,"enemies":"Cultist","floor":5.0,"turns":3.0},{"damage":25.0,"enemies":"Gremlin Nob","floor":6.0,"turns":4.0},{"damage":6.0,"enemies":"2 Louse","floor":10.0,"turns":1.0},{"damage":20.0,"enemies":"Exordium Thugs","floor":12.0,"turns":4.0},{"damage":43.0,"enemies":"Lagavulin","floor":13.0,"turns":5.0},{"damage":26,"enemies":"Exordium Wildlife","floor":15,"turns":3},{"damage":49,"enemies":"downfall:Silent","floor":16,"turns":2}],"seed_played":"3800726486672983773","potions_obtained":[{"floor":2.0,"key":"Guardian:BlockOnCardUsePotion"},{"floor":13.0,"key":"Swift Potion"},{"floor":15,"key":"Regen Potion"}],"is_trial":false,"path_per_floor":["R","M","?","$","M","E","T","R","?","M","R","M","E","?","M","B"],"character_chosen":"THE_CHAMP","items_purchased":[],"campfire_rested":0,"item_purchase_floors":[],"current_hp_per_floor":[90,87,87,87,79,59,59,59,59,59,59,53,28,28,20,0,0,0],"gold":112,"neow_bonus":"RANDOM_COLORLESS_2","is_daily":false,"chose_seed":false,"campfire_upgraded":3,"win_rate":0.0,"timestamp":1608878670,"path_taken":["R","M","?","?","M","E","T","R","?","?","R","M","E","?","M","BOSS"],"items_purchased_type":[],"build_version":"2020-12-22","purchased_purges":0,"victory":false,"max_hp_per_floor":[90,90,90,90,90,90,90,90,90,90,90,90,90,90,90,90,90,90],"relic_stats":{"counters":[9,30],"Pen Nib":[2],"Orichalcum":[6],"obtain_stats":[{"champ:ChampionCrown":0,"Pen Nib":6,"Orichalcum":13,"InkBottle":7},{"champ:ChampionCrown":0,"Pen Nib":4,"Orichalcum":7,"InkBottle":4},{"champ:ChampionCrown":0,"Pen Nib":15,"Orichalcum":25,"InkBottle":15}],"InkBottle":[5]},"card_choices":[{"not_picked":["Master of Strategy","Thinking Ahead"],"picked":"Panache","floor":0.0},{"not_picked":["champ:BladeFlurry","champ:Circumvent"],"picked":"champ:RisingSlash","floor":2.0},{"not_picked":["champ:BerserkersShout","champ:ViciousMockery"],"picked":"champ:RisingSlash","floor":4.0},{"not_picked":["champ:TornadoPunch","champ:FanOfKnives"],"picked":"champ:StanceDance","floor":5.0},{"not_picked":["champ:PerfectedStrike","champ:Shatter"],"picked":"champ:HeartStrike","floor":6.0},{"not_picked":["champ:StanceDance","champ:Duel"],"picked":"champ:ShieldSigil","floor":10.0},{"not_picked":["champ:EnragedBash","champ:FanOfKnives","champ:GladiatorsShout"],"picked":"SKIP","floor":12.0},{"not_picked":["champ:EnchantCrown","champ:GutPunch","champ:Circumvent"],"picked":"SKIP","floor":13.0},{"not_picked":["champ:PerfectedStrike","champ:DefensiveShout"],"picked":"champ:BerserkersShout","floor":15}],"player_experience":1166808,"relics_obtained":[{"floor":6.0,"key":"Pen Nib"},{"floor":7.0,"key":"InkBottle"},{"floor":13.0,"key":"Orichalcum"}],"event_choices":[{"damage_healed":0.0,"max_hp_gain":0.0,"max_hp_loss":0.0,"gold_gain":0.0,"cards_transformed":["champ:Strike"],"event_name":"Transmorgrifier","player_choice":"Transformed","floor":3.0,"gold_loss":0.0,"damage_taken":0.0,"cards_obtained":["champ:RapidStrikes"]},{"cards_removed":["champ:Strike"],"damage_healed":0.0,"max_hp_gain":0.0,"max_hp_loss":0.0,"gold_gain":0.0,"event_name":"Purifier","player_choice":"Purged","floor":9.0,"gold_loss":0.0,"damage_taken":0.0},{"cards_removed":["champ:Strike"],"damage_healed":0.0,"max_hp_gain":0.0,"max_hp_loss":0.0,"gold_gain":0.0,"event_name":"Bonfire Elementals","player_choice":"Offered Basic","floor":14.0,"gold_loss":0.0,"damage_taken":0.0}],"is_beta":false,"boss_relics":[],"items_purged_floors":[],"is_endless":false,"potions_floor_spawned":[2,13,15],"killed_by":"downfall:Silent","ascension_level":5}}