{"host":"wha9hktbkslqvblg","time":1608883927,"event":{"mods":["BaseMod","Colored Map","Minty Spire (QoL Compilation)","Relic Stats","SuperFastMode","everything is the same but u backflip on backflip"],"gold_per_floor":[119,119,119,44,94,94,129,129,156,191,191,216,232,257,257,350,350,363,384,384,384,384],"floor_reached":21,"playtime":389,"items_purged":["Strike_R"],"score":474,"play_id":"41b0b7fe-17da-4ff2-bb0f-0f5423de50f2","local_time":"20201225171207","is_ascension_mode":true,"campfire_choices":[{"data":"Second Wind","floor":6,"key":"SMITH"},{"data":"Shockwave","floor":8,"key":"SMITH"},{"data":"Wild Strike","floor":11,"key":"SMITH"},{"floor":15,"key":"RECALL"}],"circlet_count":0,"master_deck":["AscendersBane","Strike_R","Strike_R","Defend_R","Defend_R","Defend_R","Defend_R","Bash","Second Wind+1","Shockwave+1","Wild Strike+1","Seeing Red","Flame Barrier","Fiend Fire"],"relics":["Burning Blood","NeowsBlessing","Golden Idol","Gambling Chip","Centennial Puzzle","Kunai","Empty Cage"],"acts_visited":["Exordium","TheCity"],"potions_floor_usage":[16,18,19,20,21,21,21],"damage_taken":[{"damage":0,"enemies":"Cultist","floor":1,"turns":1},{"damage":0,"enemies":"Lagavulin","floor":7,"turns":1},{"damage":0,"enemies":"Gremlin Nob","floor":10,"turns":1},{"damage":9,"enemies":"Jaw Worm","floor":12,"turns":3},{"damage":0,"enemies":"2 Louse","floor":13,"turns":3},{"damage":5,"enemies":"Red Slaver","floor":14,"turns":4},{"damage":36,"enemies":"The Guardian","floor":16,"turns":14},{"damage":16,"enemies":"2 Thieves","floor":18,"turns":4},{"damage":68,"enemies":"Spheric Guardian","floor":19,"turns":9},{"damage":17,"enemies":"Snake Plant","floor":21,"turns":2}],"seed_played":"5855445870871903036","potions_obtained":[{"floor":7,"key":"BlessingOfTheForge"},{"floor":10,"key":"ElixirPotion"},{"floor":16,"key":"ElixirPotion"},{"floor":18,"key":"Regen Potion"},{"floor":20,"key":"BloodPotion"},{"floor":20,"key":"EntropicBrew"}],"is_trial":false,"path_per_floor":["M","?","?","$","?","R","E","R","T","E","R","M","M","M","R","B",null,"M","M","?","M"],"character_chosen":"IRONCLAD","items_purchased":[],"campfire_rested":0,"item_purchase_floors":[],"current_hp_per_floor":[74,48,48,48,48,48,54,54,54,60,60,57,63,64,64,34,65,55,7,22,5,5],"gold":384,"neow_bonus":"THREE_ENEMY_KILL","is_daily":false,"chose_seed":false,"campfire_upgraded":3,"win_rate":0.0,"timestamp":1608883927,"path_taken":["M","?","?","$","?","R","E","R","T","E","R","M","?","M","R","BOSS","M","M","?","?"],"items_purchased_type":[],"build_version":"2020-12-22","purchased_purges":1,"victory":false,"max_hp_per_floor":[75,75,75,75,75,75,75,75,75,75,75,75,75,75,75,75,75,75,75,75,75,75],"relic_stats":{"Centennial Puzzle":[18],"counters":[10,42],"Golden Idol":53,"Gambling Chip":[23],"Kunai":[1],"obtain_stats":[{"Centennial Puzzle":9,"NeowsBlessing":0,"Golden Idol":2,"Gambling Chip":7,"Kunai":10,"Empty Cage":17,"Burning Blood":0},{"Centennial Puzzle":2,"NeowsBlessing":0,"Golden Idol":1,"Gambling Chip":2,"Kunai":3,"Empty Cage":7,"Burning Blood":0},{"Centennial Puzzle":2,"NeowsBlessing":0,"Golden Idol":1,"Gambling Chip":2,"Kunai":3,"Empty Cage":27,"Burning Blood":0}],"Burning Blood":54},"card_choices":[{"not_picked":["Clash","Infernal Blade"],"picked":"Second Wind","floor":1},{"not_picked":["Havoc","Anger"],"picked":"Shockwave","floor":7},{"not_picked":["Combust","Cleave"],"picked":"Wild Strike","floor":10},{"not_picked":["Armaments","Shrug It Off"],"picked":"Seeing Red","floor":12},{"not_picked":["Clash","Feed"],"picked":"Flame Barrier","floor":13},{"not_picked":["Second Wind","Anger","True Grit"],"picked":"SKIP","floor":14},{"not_picked":["Reaper","Feed"],"picked":"Fiend Fire","floor":16},{"not_picked":["Anger","Sword Boomerang","Spot Weakness"],"picked":"SKIP","floor":18},{"not_picked":["Twin Strike","Inflame","Flex"],"picked":"SKIP","floor":19}],"player_experience":894038,"relics_obtained":[{"floor":7,"key":"Gambling Chip"},{"floor":9,"key":"Centennial Puzzle"},{"floor":10,"key":"Kunai"}],"event_choices":[{"damage_healed":0,"gold_gain":0,"player_choice":"Take Damage","damage_taken":26,"relics_obtained":["Golden Idol"],"max_hp_gain":0,"max_hp_loss":0,"event_name":"Golden Idol","floor":2,"gold_loss":0},{"damage_healed":0,"gold_gain":0,"player_choice":"Ignored","damage_taken":0,"max_hp_gain":0,"max_hp_loss":0,"event_name":"Liars Game","floor":3,"gold_loss":0},{"damage_healed":0,"gold_gain":50,"player_choice":"Pray","damage_taken":0,"max_hp_gain":0,"max_hp_loss":0,"event_name":"Golden Shrine","floor":5,"gold_loss":0},{"damage_healed":0,"gold_gain":0,"player_choice":"Got Potions","damage_taken":0,"max_hp_gain":0,"max_hp_loss":0,"event_name":"Lab","floor":20,"gold_loss":0}],"is_beta":false,"boss_relics":[{"not_picked":["Mark of Pain","Busted Crown"],"picked":"Empty Cage"}],"items_purged_floors":[4],"is_endless":false,"potions_floor_spawned":[7,10,16,18],"killed_by":"Snake Plant","ascension_level":20}}