{"host":"foq4mrde4mssg7vt","time":1608874616,"event":{"mods":["AchievementEnabler","BaseMod","Colored Map","Colored Powertips","Highlight Path","Minty Spire (QoL Compilation)","Relic Stats","everything is the same but u backflip on backflip"],"gold_per_floor":[109,109,125,125,140,183,207,223,276,276,307,380,380,421,421,514,514,532,172,97,97,120,153,153,194,194,238,263,263,263,278,278,374,374,394,415,415,165,186,224,285,285,309,309,353,353,353,367,367,367,367,367,74,115,115],"floor_reached":56,"playtime":2784,"items_purged":["Strike_P","Strike_P+1"],"score":2295,"play_id":"86ed6914-7a2c-4d54-9581-a8d4603e54bb","local_time":"20201225133656","is_ascension_mode":true,"campfire_choices":[{"data":"Tantrum","floor":10.0,"key":"SMITH"},{"data":"Blasphemy","floor":15.0,"key":"SMITH"},{"data":"TalkToTheHand","floor":24.0,"key":"SMITH"},{"data":"Protect","floor":29.0,"key":"SMITH"},{"data":"WaveOfTheHand","floor":32.0,"key":"SMITH"},{"floor":42.0,"key":"RECALL"},{"floor":46.0,"key":"REST"},{"floor":49.0,"key":"REST"},{"floor":52.0,"key":"REST"}],"circlet_count":0,"master_deck":["AscendersBane","Strike_P+1","Strike_P+1","Defend_P+1","Defend_P+1","Eruption+1","Vigilance+1","Halt+1","CutThroughFate+1","Tantrum+1","Protect+1","ClearTheMind+1","BowlingBash+1","Blasphemy+1","FollowUp+1","LessonLearned+1","TalkToTheHand+1","FlurryOfBlows+1","ReachHeaven+1","EmptyFist+1","Adaptation+1","WaveOfTheHand+1","MentalFortress+1","Meditate+1","WheelKick+1","LessonLearned+1","CutThroughFate+1","Devotion+1"],"relics":["PureWater","Ice Cream","FaceOfCleric","Golden Idol","FossilizedHelix","Happy Flower","TeardropLocket","Potion Belt","Darkstone Periapt","VioletLotus","Yang","MealTicket","StrikeDummy","Ornamental Fan","Pantograph","Shuriken","Fusion Hammer","Damaru","Turnip","Strawberry","Anchor","Strange Spoon","GoldenEye"],"acts_visited":["Exordium","TheCity","TheBeyond","TheEnding"],"potions_floor_usage":[55,55],"damage_taken":[{"damage":8.0,"enemies":"Small Slimes","floor":1.0,"turns":3.0},{"damage":0.0,"enemies":"Cultist","floor":3.0,"turns":4.0},{"damage":0.0,"enemies":"Jaw Worm","floor":5.0,"turns":3.0},{"damage":17.0,"enemies":"Lagavulin","floor":6.0,"turns":6.0},{"damage":0.0,"enemies":"3 Louse","floor":7.0,"turns":3.0},{"damage":0.0,"enemies":"2 Fungi Beasts","floor":8.0,"turns":3.0},{"damage":0.0,"enemies":"Gremlin Nob","floor":11.0,"turns":3.0},{"damage":0.0,"enemies":"Lagavulin Event","floor":12.0,"turns":3.0},{"damage":0.0,"enemies":"3 Sentries","floor":14.0,"turns":4.0},{"damage":0.0,"enemies":"Slime Boss","floor":16.0,"turns":7.0},{"damage":0.0,"enemies":"Spheric Guardian","floor":18.0,"turns":3.0},{"damage":14.0,"enemies":"Book of Stabbing","floor":23.0,"turns":5.0},{"damage":0.0,"enemies":"Gremlin Leader","floor":25.0,"turns":4.0},{"damage":7.0,"enemies":"Book of Stabbing","floor":27.0,"turns":6.0},{"damage":0.0,"enemies":"Shell Parasite","floor":28.0,"turns":3.0},{"damage":0.0,"enemies":"Snecko","floor":31.0,"turns":5.0},{"damage":0.0,"enemies":"Champ","floor":33.0,"turns":10.0},{"damage":6.0,"enemies":"3 Darklings","floor":35.0,"turns":10.0},{"damage":0.0,"enemies":"3 Shapes","floor":36.0,"turns":8.0},{"damage":0.0,"enemies":"Jaw Worm Horde","floor":39.0,"turns":5.0},{"damage":3.0,"enemies":"Reptomancer","floor":40.0,"turns":5.0},{"damage":0.0,"enemies":"2 Orb Walkers","floor":41.0,"turns":2.0},{"damage":0.0,"enemies":"Giant Head","floor":45.0,"turns":5.0},{"damage":0.0,"enemies":"Sphere and 2 Shapes","floor":48.0,"turns":10.0},{"damage":20.0,"enemies":"Awakened One","floor":50.0,"turns":9.0},{"damage":55.0,"enemies":"Shield and Spear","floor":54.0,"turns":8.0},{"damage":41,"enemies":"The Heart","floor":55,"turns":6}],"seed_played":"3188547410343221617","potions_obtained":[{"floor":1.0,"key":"PowerPotion"},{"floor":8.0,"key":"Explosive Potion"},{"floor":11.0,"key":"Energy Potion"},{"floor":12.0,"key":"Fire Potion"},{"floor":16.0,"key":"Block Potion"},{"floor":27.0,"key":"LiquidMemories"},{"floor":31.0,"key":"BlessingOfTheForge"},{"floor":33.0,"key":"Regen Potion"},{"floor":35.0,"key":"DistilledChaos"}],"is_trial":false,"path_per_floor":["M","?","M","?","M","E","M","M","T","R","E","?","?","E","R","B",null,"M","$","?","?","T","E","R","E","T","E","M","R","?","M","R","B",null,"M","M","?","$","M","E","?","R","T","?","E","R","?","M","R","B",null,"R","$","E","B",null],"character_chosen":"WATCHER","items_purchased":["Yang","TalkToTheHand","Meditate","WheelKick","Anchor","Strange Spoon"],"campfire_rested":3,"item_purchase_floors":[19,19,38,38,53,53],"current_hp_per_floor":[53,53,54,54,55,39,40,41,41,41,42,43,43,44,44,45,60,61,61,61,61,61,48,48,49,49,43,44,44,44,45,45,71,72,67,68,68,70,71,69,70,70,70,70,78,81,81,82,82,63,78,83,83,44,29],"gold":115,"neow_bonus":"ONE_RARE_RELIC","is_daily":false,"chose_seed":false,"campfire_upgraded":5,"win_rate":0.0,"timestamp":1608874616,"path_taken":["M","?","?","?","M","E","M","M","T","R","E","?","?","E","R","BOSS","M","$","?","?","?","E","R","E","T","E","M","R","?","M","R","BOSS","M","M","?","$","M","E","?","R","T","?","E","R","?","M","R","BOSS","R","$","E","BOSS"],"items_purchased_type":["Relic","Card","Card","Card","Relic","Relic"],"build_version":"2020-12-22","purchased_purges":2,"victory":true,"max_hp_per_floor":[62,62,63,57,58,59,60,61,61,61,62,63,63,64,64,65,65,66,66,66,66,66,67,67,68,68,69,70,70,70,71,71,72,72,73,74,70,70,71,72,73,73,73,73,81,81,81,82,82,83,83,83,83,84,85],"relic_stats":{"Darkstone Periapt":0,"Happy Flower":[40],"counters":[27,143],"Golden Idol":206,"Yang":[284],"GoldenEye":[8],"Strange Spoon":[6],"FaceOfCleric":26,"Ornamental Fan":[244],"Shuriken":[56],"Pantograph":50,"MealTicket":2,"VioletLotus":[42],"Turnip":[7],"obtain_stats":[{"Ice Cream":0,"Potion Belt":12,"Darkstone Periapt":14,"Happy Flower":9,"Golden Idol":4,"Damaru":40,"Yang":19,"TeardropLocket":11,"GoldenEye":54,"Strange Spoon":53,"Anchor":53,"FaceOfCleric":2,"Ornamental Fan":25,"Shuriken":27,"Pantograph":26,"Strawberry":45,"MealTicket":22,"VioletLotus":17,"Fusion Hammer":34,"Turnip":41,"PureWater":0,"StrikeDummy":23,"FossilizedHelix":6},{"Ice Cream":0,"Potion Belt":7,"Darkstone Periapt":9,"Happy Flower":6,"Golden Idol":2,"Damaru":21,"Yang":11,"TeardropLocket":7,"GoldenEye":26,"Strange Spoon":25,"Anchor":25,"FaceOfCleric":1,"Ornamental Fan":13,"Shuriken":14,"Pantograph":13,"Strawberry":23,"MealTicket":11,"VioletLotus":10,"Fusion Hammer":17,"Turnip":22,"PureWater":0,"StrikeDummy":12,"FossilizedHelix":4},{"Ice Cream":0,"Potion Belt":25,"Darkstone Periapt":32,"Happy Flower":22,"Golden Idol":7,"Damaru":103,"Yang":42,"TeardropLocket":25,"GoldenEye":137,"Strange Spoon":129,"Anchor":129,"FaceOfCleric":3,"Ornamental Fan":51,"Shuriken":57,"Pantograph":51,"Strawberry":110,"MealTicket":42,"VioletLotus":39,"Fusion Hammer":75,"Turnip":105,"PureWater":0,"StrikeDummy":47,"FossilizedHelix":16}]},"card_choices":[{"not_picked":["Perseverance","ThirdEye"],"picked":"Halt","floor":1.0},{"not_picked":["PathToVictory","WreathOfFlame"],"picked":"CutThroughFate","floor":3.0},{"not_picked":["Evaluate","CutThroughFate"],"picked":"Tantrum","floor":5.0},{"not_picked":["Nirvana","Sanctity"],"picked":"Protect","floor":6.0},{"not_picked":["WreathOfFlame","Study"],"picked":"ClearTheMind","floor":7.0},{"not_picked":["Halt","FlurryOfBlows"],"picked":"BowlingBash","floor":8.0},{"not_picked":["DevaForm","ClearTheMind"],"picked":"Blasphemy","floor":11.0},{"not_picked":["ThirdEye","ClearTheMind"],"picked":"FollowUp","floor":12.0},{"not_picked":["Swivel","Omniscience","JustLucky"],"picked":"SKIP","floor":14.0},{"not_picked":["Devotion","Ragnarok"],"picked":"LessonLearned","floor":16.0},{"not_picked":["WreathOfFlame","Nirvana","Indignation"],"picked":"SKIP","floor":18.0},{"not_picked":["Protect","Fasting2"],"picked":"FlurryOfBlows","floor":23.0},{"not_picked":["ThirdEye","WreathOfFlame","JustLucky"],"picked":"SKIP","floor":25.0},{"not_picked":["Study","CarveReality"],"picked":"ReachHeaven","floor":27.0},{"not_picked":["Consecrate","CrushJoints"],"picked":"EmptyFist","floor":28.0},{"not_picked":["Adaptation","ThirdEye"],"picked":"WaveOfTheHand","floor":31.0},{"not_picked":["BowlingBash","CarveReality"],"picked":"MentalFortress","floor":35.0},{"not_picked":["BowlingBash+1","ThirdEye","SashWhip"],"picked":"SKIP","floor":36.0},{"not_picked":["EmptyBody+1","Protect","ClearTheMind"],"picked":"SKIP","floor":39.0},{"not_picked":["SandsOfTime+1","LikeWater"],"picked":"LessonLearned","floor":40.0},{"not_picked":["Prostrate","Study"],"picked":"CutThroughFate+1","floor":41.0},{"not_picked":["ReachHeaven","Study","JustLucky"],"picked":"SKIP","floor":45.0},{"not_picked":["ThirdEye","Prostrate","JustLucky"],"picked":"SKIP","floor":48.0},{"not_picked":["Indignation","Evaluate"],"picked":"Devotion","floor":54.0}],"player_experience":255013,"relics_obtained":[{"floor":6.0,"key":"FossilizedHelix"},{"floor":9.0,"key":"Happy Flower"},{"floor":11.0,"key":"TeardropLocket"},{"floor":14.0,"key":"Darkstone Periapt"},{"floor":22.0,"key":"MealTicket"},{"floor":23.0,"key":"StrikeDummy"},{"floor":25.0,"key":"Ornamental Fan"},{"floor":26.0,"key":"Pantograph"},{"floor":27.0,"key":"Shuriken"},{"floor":40.0,"key":"Damaru"},{"floor":41.0,"key":"Turnip"},{"floor":45.0,"key":"Strawberry"},{"floor":54.0,"key":"GoldenEye"}],"event_choices":[{"damage_healed":0.0,"max_hp_gain":0.0,"max_hp_loss":0.0,"gold_gain":0.0,"event_name":"FaceTrader","player_choice":"Trade","floor":2.0,"gold_loss":0.0,"damage_taken":0.0,"relics_obtained":["FaceOfCleric"]},{"damage_healed":0.0,"max_hp_gain":0.0,"max_hp_loss":6.0,"gold_gain":0.0,"event_name":"Golden Idol","player_choice":"Lose Max HP","floor":4.0,"gold_loss":0.0,"damage_taken":0.0,"relics_obtained":["Golden Idol"]},{"damage_healed":0.0,"max_hp_gain":0.0,"max_hp_loss":0.0,"gold_gain":30.0,"event_name":"Dead Adventurer","player_choice":"Searched \u00273\u0027 times","floor":12.0,"gold_loss":0.0,"damage_taken":0.0,"relics_obtained":["Potion Belt"]},{"damage_healed":0.0,"max_hp_gain":0.0,"max_hp_loss":0.0,"gold_gain":0.0,"event_name":"Shining Light","player_choice":"Ignored","floor":13.0,"gold_loss":0.0,"damage_taken":0.0},{"cards_removed":["Defend_P"],"damage_healed":0.0,"max_hp_gain":0.0,"max_hp_loss":0.0,"gold_gain":0.0,"event_name":"Beggar","player_choice":"Gave Gold","floor":20.0,"gold_loss":75.0,"damage_taken":0.0},{"damage_healed":0.0,"max_hp_gain":0.0,"max_hp_loss":0.0,"gold_gain":0.0,"event_name":"Back to Basics","player_choice":"Simplicity","floor":21.0,"gold_loss":0.0,"damage_taken":0.0,"cards_upgraded":["Strike_P","Strike_P","Strike_P","Defend_P","Defend_P","Defend_P"]},{"damage_healed":0.0,"max_hp_gain":0.0,"max_hp_loss":0.0,"gold_gain":0.0,"event_name":"The Library","player_choice":"Read","floor":30.0,"gold_loss":0.0,"damage_taken":0.0,"cards_obtained":["Adaptation"]},{"damage_healed":0.0,"max_hp_gain":0.0,"max_hp_loss":4.0,"gold_gain":0.0,"event_name":"Winding Halls","player_choice":"Max HP","floor":37.0,"gold_loss":0.0,"damage_taken":0.0},{"damage_healed":0.0,"max_hp_gain":0.0,"max_hp_loss":0.0,"gold_gain":0.0,"event_name":"Mysterious Sphere","player_choice":"Fight","floor":41.0,"gold_loss":0.0,"damage_taken":0.0},{"damage_healed":0.0,"max_hp_gain":0.0,"max_hp_loss":0.0,"gold_gain":0.0,"event_name":"Tomb of Lord Red Mask","player_choice":"Ignored","floor":44.0,"gold_loss":0.0,"damage_taken":0.0},{"cards_removed":["Defend_P"],"damage_healed":0.0,"max_hp_gain":0.0,"max_hp_loss":0.0,"gold_gain":0.0,"event_name":"Falling","player_choice":"Removed Skill","floor":47.0,"gold_loss":0.0,"damage_taken":0.0}],"is_beta":false,"boss_relics":[{"not_picked":["Busted Crown","Cursed Key"],"picked":"VioletLotus"},{"not_picked":["Sozu","Runic Dome"],"picked":"Fusion Hammer"}],"items_purged_floors":[19,38],"is_endless":false,"potions_floor_spawned":[1,8,11,12,16,27,31,33,35,39,40],"ascension_level":15}}