{"host":"April","time":1608877745,"event":{"mods":["BaseMod","Minty Spire (QoL Compilation)"],"gold_per_floor":[111,123,16,16,36,63,63,83,83,113,113,143,154,180,180,279,279,291,303,303,303,320,320,40,75,75,75,109,109,136,153,153,256,256,272,232,248,248,248,248,248,248],"floor_reached":41,"playtime":2657,"items_purged":[],"score":736,"play_id":"3c7df5fc-c655-47f8-bfe2-5095e2956520","local_time":"20201224222905","is_ascension_mode":true,"campfire_choices":[{"data":"Zap","floor":7.0,"key":"SMITH"},{"floor":11.0,"key":"REST"},{"data":"Defend_B","floor":15.0,"key":"SMITH"},{"data":"Echo Form","floor":23.0,"key":"SMITH"},{"data":"Genetic Algorithm","floor":27.0,"key":"SMITH"},{"floor":29.0,"key":"REST"},{"floor":32.0,"key":"REST"},{"data":"Creative AI","floor":40.0,"key":"SMITH"}],"circlet_count":0,"master_deck":["Strike_B","Strike_B","Strike_B","Strike_B+1","Defend_B","Defend_B+1","Defend_B+1","Defend_B","Zap+1","Dualcast","Ball Lightning","Rip and Tear","Steam","Melter","Thunder Strike","Redo+1","Sweeping Beam+1","Echo Form+1","Chill","BootSequence","Creative AI+1","Genetic Algorithm+1","Leap","Tempest+1","Multi-Cast","Leap+1","Chaos","Barrage+1","Buffer+1","CurseOfTheBell","Self Repair+1","Defragment+1","Apotheosis+1","Enlightenment+1","PanicButton+1"],"relics":["Runic Pyramid","HornCleat","Du-Vu Doll","Torii","Mercury Hourglass","Blood Vial","Velvet Choker","Frozen Egg 2","Lantern","Pear","Bottled Lightning","Blue Candle","Calling Bell","War Paint","Toxic Egg 2","Dead Branch"],"acts_visited":["Exordium","TheCity","TheBeyond"],"potions_floor_usage":[],"damage_taken":[{"damage":7.0,"enemies":"Small Slimes","floor":1.0,"turns":5.0},{"damage":1.0,"enemies":"Cultist","floor":2.0,"turns":4.0},{"damage":1.0,"enemies":"Jaw Worm","floor":5.0,"turns":4.0},{"damage":15.0,"enemies":"Lagavulin","floor":6.0,"turns":6.0},{"damage":0.0,"enemies":"Lots of Slimes","floor":8.0,"turns":2.0},{"damage":16.0,"enemies":"3 Sentries","floor":10.0,"turns":6.0},{"damage":0.0,"enemies":"Gremlin Nob","floor":12.0,"turns":3.0},{"damage":0.0,"enemies":"Large Slime","floor":13.0,"turns":3.0},{"damage":0.0,"enemies":"3 Sentries","floor":14.0,"turns":4.0},{"damage":3.0,"enemies":"Hexaghost","floor":16.0,"turns":10.0},{"damage":6.0,"enemies":"2 Thieves","floor":18.0,"turns":4.0},{"damage":1.0,"enemies":"Shell Parasite","floor":19.0,"turns":6.0},{"damage":1.0,"enemies":"3 Cultists","floor":22.0,"turns":6.0},{"damage":17.0,"enemies":"Gremlin Leader","floor":25.0,"turns":7.0},{"damage":40.0,"enemies":"Book of Stabbing","floor":28.0,"turns":7.0},{"damage":15.0,"enemies":"Gremlin Leader","floor":30.0,"turns":9.0},{"damage":2.0,"enemies":"Snake Plant","floor":31.0,"turns":5.0},{"damage":31.0,"enemies":"Automaton","floor":33.0,"turns":12.0},{"damage":9.0,"enemies":"3 Darklings","floor":35.0,"turns":5.0},{"damage":1.0,"enemies":"Orb Walker","floor":37.0,"turns":4.0},{"damage":0,"enemies":"Nemesis","floor":41,"turns":1}],"seed_played":"-8710607498952906387","potions_obtained":[{"floor":5.0,"key":"Explosive Potion"},{"floor":8.0,"key":"LiquidMemories"},{"floor":12.0,"key":"AttackPotion"},{"floor":16.0,"key":"EssenceOfDarkness"},{"floor":22.0,"key":"Energy Potion"},{"floor":28.0,"key":"PowerPotion"},{"floor":31.0,"key":"EssenceOfSteel"},{"floor":33.0,"key":"LiquidBronze"}],"is_trial":false,"path_per_floor":["M","M","$","?","M","E","R","M","T","E","R","E","M","E","R","B",null,"M","M","?","?","M","R","$","E","T","R","E","R","E","M","R","B",null,"M","?","M","?","?","R","E"],"character_chosen":"DEFECT","items_purchased":["Rip and Tear","Steam","Frozen Egg 2","Hologram"],"campfire_rested":3,"item_purchase_floors":[3,3,24,24],"current_hp_per_floor":[68,67,67,67,66,51,51,51,51,35,57,57,57,57,57,56,75,69,70,70,70,71,71,71,56,66,66,28,53,40,40,65,36,85,76,76,77,77,67,67,69,69],"gold":248,"neow_bonus":"BOSS_RELIC","is_daily":false,"chose_seed":false,"campfire_upgraded":5,"win_rate":0.0,"timestamp":1608877745,"path_taken":["M","M","$","?","M","E","R","M","T","E","R","E","M","E","R","BOSS","M","M","?","?","?","R","$","E","T","R","E","R","E","M","R","BOSS","M","?","?","?","?","R","E"],"items_purchased_type":["Card","Card","Relic","Card"],"build_version":"2020-12-18","purchased_purges":0,"victory":false,"max_hp_per_floor":[75,75,75,75,75,75,75,75,75,75,75,75,75,75,75,75,75,75,75,75,75,75,75,75,75,85,85,85,85,85,85,85,85,85,85,85,85,85,85,85,85,85],"card_choices":[{"not_picked":["Leap","Steam Power"],"picked":"Consume","floor":1.0},{"not_picked":["Turbo","Rebound"],"picked":"Ball Lightning","floor":2.0},{"not_picked":["Steam","Sweeping Beam"],"picked":"Melter","floor":5.0},{"not_picked":["Ball Lightning","Beam Cell"],"picked":"Thunder Strike","floor":6.0},{"not_picked":["Turbo","Steam"],"picked":"Redo","floor":8.0},{"not_picked":["Go for the Eyes","Reprogram"],"picked":"Sweeping Beam","floor":10.0},{"not_picked":["Compile Driver","Loop"],"picked":"Echo Form","floor":12.0},{"not_picked":["Compile Driver","Conserve Battery"],"picked":"Chill","floor":13.0},{"not_picked":["Rip and Tear","Streamline"],"picked":"BootSequence","floor":14.0},{"not_picked":["Amplify","Hyperbeam"],"picked":"Creative AI","floor":16.0},{"not_picked":["Redo","Go for the Eyes","Steam Power"],"picked":"SKIP","floor":18.0},{"not_picked":["Streamline","Conserve Battery"],"picked":"Genetic Algorithm","floor":19.0},{"not_picked":["Gash","Genetic Algorithm"],"picked":"Tempest+1","floor":22.0},{"not_picked":["Barrage","Redo"],"picked":"Multi-Cast","floor":25.0},{"not_picked":["Sweeping Beam","Genetic Algorithm"],"picked":"Leap+1","floor":28.0},{"not_picked":["Redo+1","Scrape"],"picked":"Chaos","floor":30.0},{"not_picked":["Turbo","Redo+1"],"picked":"Barrage+1","floor":31.0},{"not_picked":["Multi-Cast","Biased Cognition+1"],"picked":"Buffer+1","floor":33.0},{"not_picked":["Skim+1","FTL"],"picked":"Self Repair+1","floor":35.0},{"not_picked":["Ball Lightning+1","White Noise+1"],"picked":"Defragment+1","floor":37.0},{"not_picked":["Discovery+1","The Bomb+1"],"picked":"Apotheosis+1","floor":39.0},{"not_picked":["Trip+1","Dark Shackles+1"],"picked":"Enlightenment+1","floor":39.0},{"not_picked":["Impatience+1","HandOfGreed"],"picked":"PanicButton+1","floor":39.0}],"player_experience":2529754,"relics_obtained":[{"floor":6.0,"key":"HornCleat"},{"floor":9.0,"key":"Du-Vu Doll"},{"floor":10.0,"key":"Torii"},{"floor":12.0,"key":"Mercury Hourglass"},{"floor":14.0,"key":"Blood Vial"},{"floor":25.0,"key":"Lantern"},{"floor":26.0,"key":"Pear"},{"floor":28.0,"key":"Bottled Lightning"},{"floor":30.0,"key":"Blue Candle"},{"floor":34.0,"key":"War Paint"},{"floor":34.0,"key":"Toxic Egg 2"},{"floor":34.0,"key":"Dead Branch"}],"event_choices":[{"damage_healed":0.0,"max_hp_gain":0.0,"max_hp_loss":0.0,"gold_gain":0.0,"event_name":"Golden Wing","player_choice":"Ignored","floor":4.0,"gold_loss":0.0,"damage_taken":0.0},{"damage_healed":0.0,"max_hp_gain":0.0,"max_hp_loss":0.0,"gold_gain":0.0,"event_name":"Beggar","player_choice":"Ignored","floor":20.0,"gold_loss":0.0,"damage_taken":0.0},{"cards_removed":["Consume"],"damage_healed":0.0,"max_hp_gain":0.0,"max_hp_loss":0.0,"gold_gain":0.0,"event_name":"NoteForYourself","player_choice":"Took Card","floor":21.0,"gold_loss":0.0,"damage_taken":0.0,"cards_obtained":["Leap"]},{"damage_healed":0.0,"max_hp_gain":0.0,"max_hp_loss":0.0,"gold_gain":0.0,"event_name":"Designer","player_choice":"Upgraded Two","floor":36.0,"gold_loss":40.0,"damage_taken":0.0,"cards_upgraded":["Sweeping Beam","Strike_B"]},{"cards_removed":["Hologram"],"damage_healed":0.0,"max_hp_gain":0.0,"max_hp_loss":0.0,"gold_gain":0.0,"event_name":"Falling","player_choice":"Removed Skill","floor":38.0,"gold_loss":0.0,"damage_taken":0.0},{"damage_healed":0.0,"max_hp_gain":0.0,"max_hp_loss":0.0,"gold_gain":0.0,"event_name":"SensoryStone","player_choice":"Memory 3","floor":39.0,"gold_loss":0.0,"damage_taken":10.0}],"is_beta":true,"boss_relics":[{"not_picked":["Sozu","Busted Crown"],"picked":"Velvet Choker"},{"not_picked":["Runic Dome","Tiny House"],"picked":"Calling Bell"}],"items_purged_floors":[],"is_endless":false,"potions_floor_spawned":[5,8,12,16,22,28,31,33,35],"killed_by":"Nemesis","ascension_level":1}}