{"host":"8qpl9oe08dw5eaib","time":1608875110,"event":{"mods":["Act Like it!","BaseMod","Colored Map","Minty Spire (QoL Compilation)","StSLib","The Animator"],"gold_per_floor":[125,136,136,31,81,81,93,125,125,125,156,188,252,379,379,379,379],"floor_reached":16,"playtime":1132,"items_purged":[],"score":199,"play_id":"cbf63773-cde8-4f54-a411-771ee665160d","local_time":"20201225004510","is_ascension_mode":true,"campfire_choices":[{"data":"animator:TsurugaMeisai","floor":6,"key":"SMITH"},{"data":"animator:Mitsuba","floor":10,"key":"SMITH"},{"floor":15,"key":"REST"}],"circlet_count":0,"master_deck":["animator:Strike_AccelWorld","animator:Defend_AccelWorld+1","animator:Strike","animator:Strike","animator:Defend","animator:Defend","animator:Defend+1","animator:Kuroyukihime","animator:LimeBell","animator:Mitsuba+1","animator:TsurugaMeisai+1","animator:DolaCouronne","animator:DolaStephanie","animator:Sebas","animator:GazelDwargon","animator:PandorasActor"],"relics":["animator:TheMissingPiece","animator:PurgingStone","animator:HolyGrailRelic","SsserpentHead","War Paint","Paper Frog","Mango","PreservedInsect","Toxic Egg 2"],"acts_visited":["Exordium"],"potions_floor_usage":[12,16,16],"damage_taken":[{"damage":5,"enemies":"Cultist","floor":1,"turns":4},{"damage":0,"enemies":"Small Slimes","floor":2,"turns":3},{"damage":0,"enemies":"Jaw Worm","floor":7,"turns":5},{"damage":37,"enemies":"Lagavulin","floor":8,"turns":19},{"damage":29,"enemies":"Exordium Thugs","floor":11,"turns":8},{"damage":0,"enemies":"Gremlin Nob","floor":12,"turns":4},{"damage":0,"enemies":"2 Fungi Beasts","floor":13,"turns":2},{"damage":62,"enemies":"Hexaghost","floor":16,"turns":18}],"seed_played":"-2955154023262654507","potions_obtained":[{"floor":8,"key":"Fire Potion"},{"floor":11,"key":"SkillPotion"},{"floor":12,"key":"Swift Potion"}],"is_trial":false,"path_per_floor":["M","M","?","$","?","R","M","E","T","R","M","E","M","T","R","B"],"character_chosen":"THE_ANIMATOR","items_purchased":["War Paint"],"campfire_rested":1,"item_purchase_floors":[4],"current_hp_per_floor":[71,73,73,73,73,73,75,40,54,54,27,29,32,32,62,0,0],"gold":379,"neow_bonus":"BOSS_RELIC","is_daily":false,"chose_seed":false,"campfire_upgraded":2,"win_rate":0.0,"timestamp":1608875110,"path_taken":["M","?","?","?","?","R","M","E","T","R","M","E","?","?","R","BOSS"],"items_purchased_type":["Relic"],"build_version":"2020-12-22","purchased_purges":0,"victory":false,"max_hp_per_floor":[76,78,78,78,78,78,80,82,96,96,98,100,103,103,103,100,100],"card_choices":[{"not_picked":["animator:Shion","animator:Tatsumaki"],"picked":"animator:Mitsuba","floor":1},{"not_picked":["animator:Hakurou","animator:Scar"],"picked":"animator:TsurugaMeisai","floor":2},{"not_picked":["animator:YaoHaDucy","animator:Shion"],"picked":"animator:DolaCouronne","floor":7},{"not_picked":["animator:DolaRiku","animator:DolaCouronne"],"picked":"animator:DolaStephanie","floor":8},{"not_picked":["animator:IzunaHatsuse","animator:Yuuichirou"],"picked":"animator:Sebas","floor":11},{"not_picked":["animator:Guren","animator:Nanami"],"picked":"animator:GazelDwargon","floor":12},{"not_picked":["animator:ElricEdward","animator:Kuribayashi"],"picked":"animator:PandorasActor","floor":13}],"player_experience":338297,"relics_obtained":[{"floor":8,"key":"Paper Frog"},{"floor":9,"key":"Mango"},{"floor":12,"key":"PreservedInsect"},{"floor":14,"key":"Toxic Egg 2"}],"event_choices":[{"damage_healed":0,"gold_gain":0,"player_choice":"Trade","damage_taken":0,"relics_obtained":["SsserpentHead"],"max_hp_gain":0,"max_hp_loss":0,"event_name":"FaceTrader","floor":3,"gold_loss":0},{"cards_removed":["animator:Strike"],"damage_healed":0,"gold_gain":0,"player_choice":"Forget","damage_taken":0,"max_hp_gain":0,"max_hp_loss":0,"event_name":"Living Wall","floor":5,"gold_loss":0}],"is_beta":false,"boss_relics":[],"items_purged_floors":[],"is_endless":false,"potions_floor_spawned":[8,11,12],"killed_by":"Hexaghost","ascension_level":2}}