{"host":"51b3tsslnntndamg","time":1608890084,"event":{"mods":["BaseMod","BetterRewards","Colored Map","Colored Powertips","Downfall","Hermit","Highlight Path","Hubris","Infinite Spire","Jorbs\u0027s Wanderer Trilogy","Key Reminder","Lobotomy","Minty Spire (QoL Compilation)","Quick Restart","READ ME - Guardian Mod","Rare Cards Sparkle","Replay The Spire","Shop Mod","StSLib","SuperFastMode","The Animator","The Cursed","The Hierophant","The Jungle","The Poker Player","The Runesmith","The Servant 0.9.4"],"gold_per_floor":[99,109,109,122,133,133,133,158,143,154,154,304,304,28,53,158,158,158,158,183,85,85,78,78,100,121,121,121,139,139,139,166,270,270,270,288,308,308,308,308,308],"floor_reached":39,"playtime":2845,"items_purged":["hexamod:Defend"],"score":379,"play_id":"8d497b5f-8566-4524-aaca-e911472f7ec7","local_time":"20201225015444","is_ascension_mode":false,"campfire_choices":[{"data":"hexamod:Float","floor":1.0,"key":"SMITH"},{"data":"hubris:Fate","floor":11.0,"key":"SMITH"},{"data":"Replay:SS_forest_6","floor":13.0,"key":"SMITH"},{"data":"hexamod:SoulSteal","floor":18,"key":"SMITH"},{"data":"expansioncontent:CaCaw","floor":28,"key":"SMITH"},{"data":"hexamod:InspiringFlames","floor":30,"key":"SMITH"},{"data":"hexamod:VolcanoVisage","floor":35,"key":"SMITH"}],"circlet_count":0,"master_deck":["hexamod:Strike","hexamod:Strike","hexamod:Strike","hexamod:Strike","hexamod:Defend","hexamod:Defend","hexamod:Defend","hexamod:Sear","hexamod:Float+1","Replay:SS_forest_6+1","hexamod:InspiringFlames+1","hexamod:FirstSeal","hubris:Fate+1","hexamod:SoulSteal+1","hexamod:AdvancingGuard","Slimebound:Icky","hexamod:SecondSeal","Midas Touch","hexamod:TimeOfNeed","hexamod:FourthSeal","expansioncontent:CaCaw+1","hexamod:GhostOfSpireFuture+1","hexamod:EmpoweredFlame","hexamod:VolcanoVisage+1","hexamod:InspiringFlames+1"],"relics":["hexamod:SpiritBrand","Vajra","Eternal Feather","Sozu","Happy Flower","infinitespire:FocusingShard","Busted Crown"],"acts_visited":["Exordium","TheCity","TheBeyond"],"potions_floor_usage":[33,33],"damage_taken":[{"damage":2.0,"enemies":"Small Slimes","floor":2.0,"turns":6.0},{"damage":7.0,"enemies":"2 Louse","floor":4.0,"turns":2.0},{"damage":15.0,"enemies":"Jaw Worm","floor":5.0,"turns":7.0},{"damage":16.0,"enemies":"Gremlin Nob","floor":8.0,"turns":4.0},{"damage":0.0,"enemies":"downfall:FleeingMerchant","floor":9.0,"turns":4.0},{"damage":9.0,"enemies":"Blue Slaver","floor":10.0,"turns":5.0},{"damage":15.0,"enemies":"downfall:FleeingMerchant","floor":14.0,"turns":4.0},{"damage":10.0,"enemies":"3 Louse","floor":15.0,"turns":5.0},{"damage":20.0,"enemies":"downfall:Watcher","floor":16.0,"turns":8.0},{"damage":18,"enemies":"3 Byrds","floor":20,"turns":4},{"damage":13,"enemies":"downfall:FleeingMerchant","floor":21,"turns":4},{"damage":25,"enemies":"downfall:FleeingMerchant","floor":23,"turns":4},{"damage":14,"enemies":"Shell Parasite","floor":25,"turns":7},{"damage":37,"enemies":"3 Cultists","floor":26,"turns":7},{"damage":29,"enemies":"Snecko","floor":29,"turns":7},{"damage":37,"enemies":"Centurion and Healer","floor":32,"turns":9},{"damage":47,"enemies":"downfall:Ironclad","floor":33,"turns":11},{"damage":61,"enemies":"3 Darklings","floor":36,"turns":7},{"damage":13,"enemies":"3 Shapes","floor":37,"turns":4},{"damage":61,"enemies":"Jaw Worm Horde","floor":39,"turns":5}],"seed_played":"1935440229665424647","potions_obtained":[{"floor":15.0,"key":"Flashbang"},{"floor":16,"key":"LifebloodPotion"}],"is_trial":false,"path_per_floor":["R","M","?","M","M","?","T","E","$","M","R","?","R","$","M","B",null,"R","?","M","$","?","$","T","M","M","T","R","M","R","?","M","B",null,"R","M","M","?","M"],"character_chosen":"THE_SPIRIT","items_purchased":["Midas Touch","expansioncontent:CaCaw"],"campfire_rested":0,"item_purchase_floors":[14,21],"current_hp_per_floor":[70,68,73,66,59,40,40,39,54,60,69,69,75,67,74,67,75,75,75,74,75,75,57,57,62,44,44,56,46,58,58,40,12,75,75,33,27,30,0,0,0],"gold":308,"neow_bonus":"RANDOM_COLORLESS","is_daily":false,"chose_seed":false,"campfire_upgraded":7,"win_rate":0.0,"timestamp":1608890084,"path_taken":["R","M","?","M","M","?","T","E","$","M","R","?","R","$","M","BOSS","BOSS","R","?","M","$","?","$","T","M","M","?","R","M","R","?","M","BOSS","R","M","M","?","M"],"items_purchased_type":["Card","Card"],"build_version":"2020-12-22","purchased_purges":1,"victory":false,"max_hp_per_floor":[70,70,75,75,75,75,75,75,75,75,75,75,75,75,75,75,75,75,75,75,75,75,75,75,75,75,75,75,75,75,75,75,75,75,75,75,75,78,78,78,78],"card_choices":[{"not_picked":["expansioncontent:HyperBeam","expansioncontent:FaceSlap"],"picked":"Replay:SS_forest_6","floor":0.0},{"not_picked":["hexamod:GhostflameBarrier","hexamod:PhantomCloak","hexamod:NightmareStrike"],"picked":"SKIP","floor":2.0},{"not_picked":["hexamod:Haunt","hexamod:NightmareGuise"],"picked":"hexamod:InspiringFlames","floor":4.0},{"not_picked":["hexamod:Firestarter","hexamod:PhantomFireball"],"picked":"hexamod:FirstSeal","floor":5.0},{"not_picked":["infinitespire:SevenWalls","hubris:InfiniteBlow"],"picked":"hubris:Fate","floor":6.0},{"not_picked":["hexamod:InspiringFlames","hexamod:AdvancingGuard"],"picked":"hexamod:SoulSteal","floor":8.0},{"not_picked":["hexamod:NightmareGuise","hexamod:NightmareStrike"],"picked":"hexamod:AdvancingGuard","floor":9.0},{"not_picked":["hexamod:PhantomCloak","hexamod:NightmareGuise","hexamod:ThermalTransfer"],"picked":"SKIP","floor":10.0},{"not_picked":["hexamod:BurningTouch","hexamod:ShieldOfDarkness"],"picked":"hexamod:SecondSeal","floor":14.0},{"not_picked":["hexamod:NightmareStrike","hexamod:Again","hexamod:GhostShield"],"picked":"SKIP","floor":15.0},{"not_picked":["hexamod:UnleashSpirits","hexamod:HexaLevel"],"picked":"hexamod:TimeOfNeed","floor":16},{"not_picked":["hexamod:PhantomFireball","hexamod:Hexaguard+1"],"picked":"hexamod:FourthSeal","floor":20},{"not_picked":["hexamod:RainOfEmbers+1","hexamod:PhantomCloak","hexamod:FastForward"],"picked":"SKIP","floor":21},{"not_picked":["hexamod:GhostOfSpirePresent","hexamod:SpectralAdrenaline","hexamod:SecondSeal"],"picked":"SKIP","floor":23},{"not_picked":["hexamod:GhostLash","hexamod:GhostShield","hexamod:HeatMetal"],"picked":"SKIP","floor":25},{"not_picked":["hexamod:Firestarter","hexamod:PhantomFireball"],"picked":"hexamod:GhostOfSpireFuture+1","floor":26},{"not_picked":["hexamod:HauntingEcho","hexamod:ThermalTransfer"],"picked":"hexamod:EmpoweredFlame","floor":29},{"not_picked":["hexamod:ThermalTransfer","hexamod:SkipABeat","hexamod:FastForward"],"picked":"SKIP","floor":32},{"not_picked":["hexamod:TurnItUp","hexamod:HexaLevel"],"picked":"hexamod:VolcanoVisage","floor":33},{"not_picked":["hexamod:CatchUp"],"picked":"SKIP","floor":36},{"not_picked":[],"picked":"hexamod:InspiringFlames+1","floor":37}],"player_experience":821356,"relics_obtained":[{"floor":7.0,"key":"Vajra"},{"floor":8.0,"key":"Eternal Feather"},{"floor":24,"key":"Happy Flower"},{"floor":27,"key":"infinitespire:FocusingShard"}],"event_choices":[{"damage_healed":0.0,"max_hp_gain":5.0,"max_hp_loss":0.0,"gold_gain":0.0,"event_name":"Big Fish","player_choice":"Donut","floor":3.0,"gold_loss":0.0,"damage_taken":0.0}],"is_beta":false,"boss_relics":[{"not_picked":["downfall:Hecktoplasm","ChewingGum"],"picked":"Sozu"},{"not_picked":["hubris:RunicObelisk","Replay:Drink Me"],"picked":"Busted Crown"}],"items_purged_floors":[14],"is_endless":false,"potions_floor_spawned":[15,16,20,25,26,36,37],"killed_by":"Jaw Worm Horde","ascension_level":0}}