{"host":"i09pxcjttd31eh4q","time":1608904378,"event":{"mods":["AchievementEnabler","BaseMod","Colored Map","Keyboard Shortcuts","Minty Spire (QoL Compilation)","StSLib","SuperFastMode"],"gold_per_floor":[114,127,127,52,127,127,140,140,140,140,170,181,192,223,223,223,223],"floor_reached":16,"playtime":228,"items_purged":[],"score":220,"play_id":"1020f859-9626-485d-a1b3-2e63a5208d2e","local_time":"20201225225258","is_ascension_mode":true,"campfire_choices":[{"data":"Eruption","floor":6,"key":"SMITH"},{"data":"Vigilance","floor":10,"key":"SMITH"},{"floor":15,"key":"RECALL"}],"circlet_count":0,"master_deck":["AscendersBane","Strike_P","Strike_P","Strike_P","Defend_P","Defend_P","Defend_P","Defend_P","Eruption+1","Vigilance+1","EmptyFist+1"],"relics":["PureWater","NeowsBlessing","Mummified Hand","Letter Opener","Strawberry"],"acts_visited":["Exordium"],"potions_floor_usage":[13,16],"damage_taken":[{"damage":0,"enemies":"Cultist","floor":1,"turns":1},{"damage":0,"enemies":"2 Louse","floor":2,"turns":1},{"damage":0,"enemies":"Jaw Worm","floor":7,"turns":1},{"damage":13,"enemies":"Lagavulin","floor":11,"turns":7},{"damage":1,"enemies":"Exordium Wildlife","floor":12,"turns":3},{"damage":3,"enemies":"Gremlin Gang","floor":13,"turns":3},{"damage":15,"enemies":"3 Sentries","floor":14,"turns":6},{"damage":55,"enemies":"Hexaghost","floor":16,"turns":9}],"seed_played":"-7890340267622191685","potions_obtained":[{"floor":1,"key":"Block Potion"},{"floor":12,"key":"FearPotion"},{"floor":13,"key":"FairyPotion"}],"is_trial":false,"path_per_floor":["M","M","?","?","?","R","M","?","T","R","E","M","M","E","R","B"],"character_chosen":"WATCHER","items_purchased":[],"campfire_rested":0,"item_purchase_floors":[],"current_hp_per_floor":[61,61,66,66,55,55,55,55,55,55,42,41,38,30,30,0,0],"gold":223,"neow_bonus":"THREE_ENEMY_KILL","is_daily":false,"chose_seed":false,"campfire_upgraded":2,"win_rate":0.0,"timestamp":1608904378,"path_taken":["M","M","?","?","?","R","?","?","T","R","E","?","M","E","R","BOSS"],"items_purchased_type":[],"build_version":"2020-12-22","purchased_purges":0,"victory":false,"max_hp_per_floor":[68,68,73,73,73,73,73,73,73,73,73,73,73,80,80,80,80],"card_choices":[{"not_picked":["Weave","Consecrate"],"picked":"EmptyFist","floor":1},{"not_picked":["Halt","FlyingSleeves","FollowUp"],"picked":"SKIP","floor":2},{"not_picked":["Consecrate","Worship","Swivel"],"picked":"SKIP","floor":7},{"not_picked":["LessonLearned","WaveOfTheHand","FlurryOfBlows"],"picked":"SKIP","floor":11},{"not_picked":["FlyingSleeves","FollowUp","JustLucky"],"picked":"SKIP","floor":12},{"not_picked":["CutThroughFate","ThirdEye","FlyingSleeves"],"picked":"SKIP","floor":13},{"not_picked":["Consecrate","Swivel","JustLucky"],"picked":"SKIP","floor":14}],"player_experience":773378,"relics_obtained":[{"floor":9,"key":"Mummified Hand"},{"floor":11,"key":"Letter Opener"},{"floor":14,"key":"Strawberry"}],"event_choices":[{"damage_healed":0,"gold_gain":0,"player_choice":"Donut","damage_taken":0,"max_hp_gain":5,"max_hp_loss":0,"event_name":"Big Fish","floor":3,"gold_loss":0},{"cards_removed":["Strike_P"],"damage_healed":0,"gold_gain":0,"player_choice":"Card Removal","damage_taken":0,"max_hp_gain":0,"max_hp_loss":0,"event_name":"The Cleric","floor":4,"gold_loss":75},{"damage_healed":0,"gold_gain":75,"player_choice":"Gather Gold","damage_taken":11,"max_hp_gain":0,"max_hp_loss":0,"event_name":"World of Goop","floor":5,"gold_loss":0},{"damage_healed":0,"gold_gain":0,"player_choice":"Upgraded","damage_taken":0,"max_hp_gain":0,"max_hp_loss":0,"event_name":"Upgrade Shrine","floor":8,"gold_loss":0,"cards_upgraded":["EmptyFist"]}],"is_beta":false,"boss_relics":[],"items_purged_floors":[],"is_endless":false,"potions_floor_spawned":[1,12,13],"killed_by":"Hexaghost","ascension_level":20}}