{"host":"ljnkpwbnfujn5lym","time":1608924770,"event":{"mods":["Bard","BaseMod","Better Note","Colored Map","Colored Powertips","Exacting","Googly Eyes","Highlight Path","Infinite Spire","Minty Spire (QoL Compilation)","Permanent Neow","Quick Restart","Relic Sorter","Relic Stats","Replay The Spire","StSLib","The IronCluck","slay the spire mod where everything is the same but ironclad has a cowboy hat"],"gold_per_floor":[111,131,56,379,429,455,455,482,536,561,561,594,594,594,594,594,594],"floor_reached":16,"playtime":335,"items_purged":[],"score":388,"play_id":"271ccb04-35a7-462d-b7f3-aa2fc2d4d80f","local_time":"20201225133250","is_ascension_mode":true,"campfire_choices":[{"data":"Sweeping Beam","floor":7,"key":"SMITH"},{"floor":15,"key":"REST"}],"circlet_count":0,"master_deck":["AscendersBane","Strike_B","Strike_B","Strike_B","Defend_B","Defend_B","Defend_B","Defend_B","Zap+1","Dualcast","Coolheaded","Sweeping Beam+1","Conserve Battery","Gash","Chill","Delirium","Replay:Hysterical Blindness","Streamline+1"],"relics":["Cracked Core","NeowsBlessing","Old Coin","infinitespire:Lucky Rock","Juzu Bracelet","ReplayTheSpireMod:TigerMarble","infinitespire:Joker Card","ReplayTheSpireMod:Lightbulb"],"acts_visited":["Exordium"],"potions_floor_usage":[8,8,16],"damage_taken":[{"damage":0,"enemies":"Jaw Worm","floor":1,"turns":1},{"damage":0,"enemies":"2 Louse","floor":2,"turns":1},{"damage":0,"enemies":"3 Sentries","floor":6,"turns":2},{"damage":12,"enemies":"Lagavulin","floor":8,"turns":2},{"damage":25,"enemies":"3 Sentries","floor":10,"turns":8},{"damage":0,"enemies":"Gremlin Nob","floor":12,"turns":1},{"damage":56,"enemies":"Slime Boss","floor":16,"turns":7}],"seed_played":"-7554336366981386640","potions_obtained":[{"floor":2,"key":"FearPotion"},{"floor":6,"key":"Death Potion"},{"floor":10,"key":"Fire Potion"},{"floor":12,"key":"Swift Potion"}],"is_trial":false,"path_per_floor":["M","M","?","?","?","E","R","E","T","E","?","E","?","?","R","B"],"character_chosen":"DEFECT","items_purchased":[],"campfire_rested":1,"item_purchase_floors":[],"current_hp_per_floor":[64,64,64,64,64,64,64,52,52,27,27,27,27,27,48,0,0],"gold":594,"neow_bonus":"THREE_ENEMY_KILL","is_daily":false,"chose_seed":false,"campfire_upgraded":1,"win_rate":0.0,"timestamp":1608924770,"path_taken":["M","M","?","?","?","E","R","E","T","E","?","E","?","?","R","BOSS"],"items_purchased_type":[],"build_version":"2020-12-22","purchased_purges":0,"victory":false,"max_hp_per_floor":[71,71,71,71,71,71,71,71,71,71,71,71,71,71,71,71,71],"relic_stats":{"counters":[7,22],"Juzu Bracelet":1,"obtain_stats":[{"NeowsBlessing":0,"infinitespire:Joker Card":10,"Juzu Bracelet":8,"ReplayTheSpireMod:TigerMarble":9,"infinitespire:Lucky Rock":6,"Cracked Core":0,"ReplayTheSpireMod:Lightbulb":12,"Old Coin":4},{"NeowsBlessing":0,"infinitespire:Joker Card":5,"Juzu Bracelet":4,"ReplayTheSpireMod:TigerMarble":4,"infinitespire:Lucky Rock":3,"Cracked Core":0,"ReplayTheSpireMod:Lightbulb":6,"Old Coin":2},{"NeowsBlessing":0,"infinitespire:Joker Card":14,"Juzu Bracelet":6,"ReplayTheSpireMod:TigerMarble":6,"infinitespire:Lucky Rock":4,"Cracked Core":0,"ReplayTheSpireMod:Lightbulb":15,"Old Coin":2}]},"card_choices":[{"not_picked":["Fusion","Redo"],"picked":"Coolheaded","floor":1},{"not_picked":["Beam Cell","Tempest","Stack"],"picked":"SKIP","floor":2},{"not_picked":["Stack","Recycle"],"picked":"Sweeping Beam","floor":4},{"not_picked":["Turbo","Barrage"],"picked":"Conserve Battery","floor":6},{"not_picked":["Seek","BasicCrystalCard"],"picked":"Gash","floor":8},{"not_picked":["Darkness","Rebound"],"picked":"Chill","floor":10},{"not_picked":["infinitespire:Menacing","infinitespire:TheBestDefense"],"picked":"infinitespire:SealOfDarkness+","floor":11},{"not_picked":["Redo","Skim"],"picked":"Streamline","floor":12}],"player_experience":634153,"relics_obtained":[{"floor":4,"key":"Old Coin"},{"floor":6,"key":"infinitespire:Lucky Rock"},{"floor":8,"key":"Juzu Bracelet"},{"floor":9,"key":"ReplayTheSpireMod:TigerMarble"},{"floor":10,"key":"infinitespire:Joker Card"},{"floor":12,"key":"ReplayTheSpireMod:Lightbulb"}],"event_choices":[{"cards_removed":["Strike_B"],"damage_healed":0,"gold_gain":0,"player_choice":"Card Removal","damage_taken":0,"max_hp_gain":0,"max_hp_loss":0,"event_name":"The Cleric","floor":3,"gold_loss":75},{"damage_healed":0,"gold_gain":50,"player_choice":"Pray","damage_taken":0,"max_hp_gain":0,"max_hp_loss":0,"event_name":"Golden Shrine","floor":5,"gold_loss":0},{"damage_healed":0,"gold_gain":0,"player_choice":"Grow","damage_taken":0,"max_hp_gain":0,"max_hp_loss":0,"event_name":"Living Wall","floor":13,"gold_loss":0,"cards_upgraded":["Streamline"]}],"is_beta":false,"boss_relics":[],"items_purged_floors":[],"is_endless":false,"potions_floor_spawned":[2,6,12],"killed_by":"Slime Boss","ascension_level":19}}