{"host":"30jsp143e4v19aze","time":1608855744,"event":{"mods":["BaseMod","Colored Map","Colored Powertips","Curses Come First","DeckTracker","Highlight Path","Minty Spire (QoL Compilation)","Quick Restart","Relic Stats","StSLib","everything is the same but u backflip on backflip","slay the spire mod where everything is the same but ironclad has a cowboy hat"],"gold_per_floor":[119,119,132,16,16,44,44,77,77,109,109,134,166,183,183,255,255,275,8,8,8,8,38,49,49,124,141,175,8,19,19,19,95,95,113,113,132,0,0,0,28,40,66,96,96,122,122,135,135,135,135,135,135,49,84,84],"floor_reached":57,"playtime":3369,"items_purged":[],"score":3174,"play_id":"5d38da1d-fdcc-424f-936d-dc04903e2220","local_time":"20201225012224","is_ascension_mode":true,"campfire_choices":[{"data":"True Grit","floor":11,"key":"SMITH"},{"data":"True Grit","floor":15,"key":"SMITH"},{"floor":25,"key":"REST"},{"floor":32,"key":"REST"},{"floor":40,"key":"REST"},{"floor":45,"key":"RECALL"},{"floor":47,"key":"REST"},{"floor":49,"key":"REST"},{"floor":53,"key":"REST"}],"circlet_count":0,"master_deck":["AscendersBane","Bash","Impervious+1","Rage","Uppercut+1","Anger","True Grit+1","Shrug It Off","Iron Wave","Rupture","Shrug It Off","Regret","Impervious+1","True Grit+1","Disarm","Spot Weakness+1","Warcry+1","Impervious+1","Burning Pact+1","True Grit+1","Dark Embrace+1","Feel No Pain","Sword Boomerang","Seeing Red+1","Inflame","Impervious+1","Whirlwind","Second Wind+1","Limit Break+1","Offering+1","Madness+1","Madness+1","Battle Trance+1","Bloodletting+1","Offering+1","True Grit+1","Evolve","Warcry+1"],"relics":["Pandora\u0027s Box","Charon\u0027s Ashes","Pantograph","Boot","WingedGreaves","Dead Branch","Toxic Egg 2","Torii","Fusion Hammer","Orrery","Enchiridion","War Paint","Ornamental Fan","Red Skull","Sozu","Red Mask","Mango","Juzu Bracelet","Question Card","Bronze Scales"],"acts_visited":["Exordium","TheCity","TheBeyond","TheEnding"],"potions_floor_usage":[10,13,46,56],"damage_taken":[{"damage":0,"enemies":"2 Louse","floor":1,"turns":4},{"damage":4,"enemies":"Jaw Worm","floor":3,"turns":3},{"damage":27,"enemies":"Gremlin Nob","floor":6,"turns":4},{"damage":17,"enemies":"Lagavulin","floor":8,"turns":9},{"damage":9,"enemies":"Gremlin Nob","floor":10,"turns":4},{"damage":3,"enemies":"3 Sentries","floor":12,"turns":5},{"damage":15,"enemies":"Lagavulin","floor":13,"turns":6},{"damage":0,"enemies":"Small Slimes","floor":14,"turns":3},{"damage":25,"enemies":"Slime Boss","floor":16,"turns":7},{"damage":4,"enemies":"Chosen","floor":18,"turns":5},{"damage":0,"enemies":"Book of Stabbing","floor":23,"turns":1},{"damage":1,"enemies":"Shell Parasite","floor":24,"turns":3},{"damage":8,"enemies":"Centurion and Healer","floor":27,"turns":7},{"damage":2,"enemies":"Slavers","floor":28,"turns":3},{"damage":0,"enemies":"Sentry and Sphere","floor":30,"turns":3},{"damage":44,"enemies":"Automaton","floor":33,"turns":8},{"damage":0,"enemies":"3 Shapes","floor":35,"turns":3},{"damage":6,"enemies":"3 Darklings","floor":37,"turns":3},{"damage":0,"enemies":"Reptomancer","floor":41,"turns":5},{"damage":3,"enemies":"Sphere and 2 Shapes","floor":42,"turns":3},{"damage":3,"enemies":"Giant Head","floor":44,"turns":4},{"damage":15,"enemies":"Reptomancer","floor":46,"turns":5},{"damage":18,"enemies":"Maw","floor":48,"turns":4},{"damage":25,"enemies":"Donu and Deca","floor":50,"turns":7},{"damage":55,"enemies":"Awakened One","floor":51,"turns":6},{"damage":21,"enemies":"Shield and Spear","floor":55,"turns":6},{"damage":29,"enemies":"The Heart","floor":56,"turns":6}],"seed_played":"6868018034464467541","potions_obtained":[{"floor":6,"key":"Energy Potion"},{"floor":12,"key":"LiquidMemories"},{"floor":14,"key":"Regen Potion"},{"floor":27,"key":"Block Potion"}],"is_trial":false,"path_per_floor":["M","?","M","$","?","E","$","E","T","E","R","E","E","M","R","B",null,"M","$","?","?","?","E","M","R","T","M","E","$","M","$","R","B",null,"M","?","M","?","$","R","E","M","T","E","R","E","R","M","R","B","B",null,"R","$","E","B",null],"character_chosen":"IRONCLAD","items_purchased":["FairyPotion","Burning Pact+1","Orrery","Sword Boomerang","Limit Break+1","Evolve"],"campfire_rested":6,"item_purchase_floors":[4,19,19,19,29,54],"current_hp_per_floor":[68,68,64,64,64,37,37,20,20,11,11,8,22,22,22,22,62,58,58,37,37,37,37,36,58,58,50,48,48,48,48,70,31,64,64,50,44,44,44,66,80,77,77,74,74,59,85,67,89,64,34,75,89,89,68,65],"gold":84,"neow_bonus":"BOSS_RELIC","is_daily":false,"chose_seed":false,"campfire_upgraded":2,"win_rate":0.0,"timestamp":1608855744,"path_taken":["M","?","M","$","?","E","$","E","T","E","R","E","E","M","R","BOSS","M","$","?","?","?","E","M","R","T","?","E","?","M","?","R","BOSS","M","?","M","?","?","R","E","M","T","E","R","E","R","M","R","BOSS","BOSS","R","$","E","BOSS"],"items_purchased_type":["Potion","Card","Relic","Card","Card","Card"],"build_version":"2020-12-22","purchased_purges":0,"victory":true,"max_hp_per_floor":[75,75,75,75,75,75,75,75,75,75,75,75,75,75,75,75,75,75,75,75,75,75,75,75,75,75,75,75,75,75,75,75,75,75,75,75,75,75,75,75,89,89,89,89,89,89,89,89,89,89,89,89,89,89,89,89],"relic_stats":{"Torii":8,"counters":[27,127],"Dead Branch":[322],"Charon\u0027s Ashes":[1551],"Juzu Bracelet":0,"War Paint":["Impervious","Impervious"],"Boot":[26],"Question Card":2,"Sozu":3,"Ornamental Fan":[52],"Pantograph":76,"Bronze Scales":[51],"Pandora\u0027s Box":["Impervious","Rage","Uppercut","Anger","True Grit","Shrug It Off","Iron Wave","Searing Blow","Rupture"],"obtain_stats":[{"Torii":13,"Dead Branch":10,"Enchiridion":20,"Mango":41,"Charon\u0027s Ashes":5,"Juzu Bracelet":44,"War Paint":23,"Boot":8,"Question Card":46,"Burning Blood":0,"Sozu":34,"Ornamental Fan":26,"Pantograph":6,"Bronze Scales":55,"Orrery":19,"Pandora\u0027s Box":0,"WingedGreaves":9,"Fusion Hammer":17,"Red Mask":38,"Toxic Egg 2":12,"Red Skull":28},{"Torii":7,"Dead Branch":5,"Enchiridion":10,"Mango":19,"Charon\u0027s Ashes":2,"Juzu Bracelet":21,"War Paint":11,"Boot":4,"Question Card":22,"Burning Blood":0,"Sozu":16,"Ornamental Fan":12,"Pantograph":3,"Bronze Scales":26,"Orrery":10,"Pandora\u0027s Box":0,"WingedGreaves":4,"Fusion Hammer":9,"Red Mask":18,"Toxic Egg 2":6,"Red Skull":14},{"Torii":35,"Dead Branch":24,"Enchiridion":50,"Mango":86,"Charon\u0027s Ashes":7,"Juzu Bracelet":93,"War Paint":51,"Boot":20,"Question Card":98,"Burning Blood":0,"Sozu":75,"Ornamental Fan":54,"Pantograph":11,"Bronze Scales":121,"Orrery":50,"Pandora\u0027s Box":0,"WingedGreaves":20,"Fusion Hammer":45,"Red Mask":81,"Toxic Egg 2":29,"Red Skull":64}]},"card_choices":[{"not_picked":["Cleave","Clothesline"],"picked":"Shrug It Off","floor":1},{"not_picked":["Twin Strike","Seeing Red","Flex"],"picked":"SKIP","floor":3},{"not_picked":["Wild Strike","Clash"],"picked":"Impervious","floor":6},{"not_picked":["Ghostly Armor","Pommel Strike"],"picked":"True Grit","floor":8},{"not_picked":["Sword Boomerang","Flex"],"picked":"Disarm","floor":10},{"not_picked":["Metallicize","Evolve"],"picked":"Spot Weakness+1","floor":12},{"not_picked":["Searing Blow","Inflame","Thunderclap"],"picked":"SKIP","floor":13},{"not_picked":["Sword Boomerang","Infernal Blade+1"],"picked":"Warcry+1","floor":14},{"not_picked":["Juggernaut","Berserk"],"picked":"Impervious+1","floor":16},{"not_picked":["Cleave","Body Slam","Dropkick"],"picked":"SKIP","floor":18},{"not_picked":["Thunderclap","Spot Weakness+1"],"picked":"True Grit+1","floor":19},{"not_picked":["True Grit+1","Havoc+1"],"picked":"Dark Embrace+1","floor":19},{"not_picked":["Bludgeon","Bloodletting+1"],"picked":"Feel No Pain","floor":19},{"not_picked":["Twin Strike","Armaments+1"],"picked":"Impervious+1","floor":23},{"not_picked":["Headbutt+1","Twin Strike","Iron Wave"],"picked":"SKIP","floor":24},{"not_picked":["Havoc+1","Reckless Charge"],"picked":"Whirlwind","floor":27},{"not_picked":["Spot Weakness+1","Iron Wave"],"picked":"Second Wind+1","floor":28},{"not_picked":["Iron Wave","Pommel Strike","Reckless Charge"],"picked":"SKIP","floor":30},{"not_picked":["Bludgeon","Berserk"],"picked":"Offering+1","floor":33},{"not_picked":["Metallicize","Combust","Pommel Strike+1"],"picked":"SKIP","floor":35},{"not_picked":["Armaments+1","Intimidate+1"],"picked":"Battle Trance+1","floor":37},{"not_picked":["Iron Wave","Clothesline+1","Dual Wield+1"],"picked":"SKIP","floor":41},{"not_picked":["Clash","Anger"],"picked":"Bloodletting+1","floor":42},{"not_picked":["Seeing Red+1","Impervious+1"],"picked":"Offering+1","floor":44},{"not_picked":["Hemokinesis","Infernal Blade+1"],"picked":"True Grit+1","floor":46},{"not_picked":["Heavy Blade","Clash","Wild Strike","Cleave"],"picked":"SKIP","floor":48},{"not_picked":["Hemokinesis+1","Havoc+1","Battle Trance+1"],"picked":"Warcry+1","floor":55}],"player_experience":3173944,"relics_obtained":[{"floor":6,"key":"Pantograph"},{"floor":8,"key":"Boot"},{"floor":9,"key":"WingedGreaves"},{"floor":10,"key":"Dead Branch"},{"floor":12,"key":"Toxic Egg 2"},{"floor":13,"key":"Torii"},{"floor":20,"key":"Enchiridion"},{"floor":23,"key":"War Paint"},{"floor":26,"key":"Ornamental Fan"},{"floor":28,"key":"Red Skull"},{"floor":41,"key":"Mango"},{"floor":44,"key":"Juzu Bracelet"},{"floor":46,"key":"Question Card"},{"floor":55,"key":"Bronze Scales"}],"event_choices":[{"damage_healed":0,"gold_gain":0,"player_choice":"Grow","damage_taken":0,"max_hp_gain":0,"max_hp_loss":0,"event_name":"Living Wall","floor":2,"gold_loss":0,"cards_upgraded":["Uppercut"]},{"damage_healed":0,"gold_gain":0,"player_choice":"Box","damage_taken":0,"relics_obtained":["Charon\u0027s Ashes"],"max_hp_gain":0,"max_hp_loss":0,"event_name":"Big Fish","floor":5,"gold_loss":0,"cards_obtained":["Regret"]},{"damage_healed":0,"gold_gain":0,"player_choice":"Obtained Book","damage_taken":21,"max_hp_gain":0,"max_hp_loss":0,"event_name":"Cursed Tome","floor":20,"gold_loss":0},{"damage_healed":0,"gold_gain":0,"player_choice":"Read","damage_taken":0,"max_hp_gain":0,"max_hp_loss":0,"event_name":"The Library","floor":21,"gold_loss":0,"cards_obtained":["Seeing Red"]},{"damage_healed":0,"gold_gain":0,"cards_transformed":["Searing Blow"],"player_choice":"Transformed","damage_taken":0,"max_hp_gain":0,"max_hp_loss":0,"event_name":"Transmorgrifier","floor":22,"gold_loss":0,"cards_obtained":["Inflame"]},{"damage_healed":0,"gold_gain":0,"player_choice":"Embrace Madness","damage_taken":14,"max_hp_gain":0,"max_hp_loss":0,"event_name":"Winding Halls","floor":36,"gold_loss":0,"cards_obtained":["Madness","Madness"]},{"damage_healed":0,"gold_gain":0,"player_choice":"Paid","damage_taken":0,"relics_obtained":["Red Mask"],"max_hp_gain":0,"max_hp_loss":0,"event_name":"Tomb of Lord Red Mask","floor":38,"gold_loss":132}],"is_beta":false,"boss_relics":[{"not_picked":["Busted Crown","Runic Pyramid"],"picked":"Fusion Hammer"},{"not_picked":["SacredBark","Tiny House"],"picked":"Sozu"}],"items_purged_floors":[],"is_endless":false,"potions_floor_spawned":[6,8,12,14,27,28,30,35,41,44],"ascension_level":20}}