{"host":"c2og1cp357bgjv9b","time":1608872759,"event":{"mods":["BaseMod","Colored Map","Minty Spire (QoL Compilation)","Replay The Spire","StSLib"],"gold_per_floor":[109,109,69,69,19,45,61,76,76,88,117,117,117,131,131,252,252,265,265,265,285,66,66,66,66],"floor_reached":24,"playtime":1644,"items_purged":["Shame"],"score":229,"play_id":"98730193-213d-42f0-a081-07ca9d289863","local_time":"20201225130559","is_ascension_mode":false,"campfire_choices":[{"data":"Heavy Blade","floor":13,"key":"SMITH"},{"data":"Headbutt","floor":15,"key":"SMITH"},{"data":"Bash","floor":23,"key":"SMITH"}],"circlet_count":0,"master_deck":["Strike_R+1","Strike_R+1","Strike_R+1","Strike_R+1","Defend_R+1","Defend_R+1","Defend_R+1","Bash+1","Flex+1","True Grit+1","Heavy Blade+1","Headbutt+1","Double Tap+1","Amnesia","Amnesia"],"relics":["Burning Blood","NeowsBlessing","Letter Opener","Replay:Bottled Snecko","Orichalcum","Golden Idol","Replay:Ancient Bell","War Paint","Onion Ring","Replay:Towering Pillar of Hats","Blood Vial"],"acts_visited":["Exordium","TheCity"],"potions_floor_usage":[11,16],"damage_taken":[{"damage":0.0,"enemies":"Small Slimes","floor":1.0,"turns":1.0},{"damage":0.0,"enemies":"3 Sentries","floor":6.0,"turns":2.0},{"damage":0.0,"enemies":"2 Louse","floor":7.0,"turns":1.0},{"damage":0.0,"enemies":"Jaw Worm","floor":8.0,"turns":3.0},{"damage":3,"enemies":"Red Slaver","floor":10,"turns":3},{"damage":28,"enemies":"Gremlin Nob","floor":11,"turns":4},{"damage":4,"enemies":"Lots of Slimes","floor":14,"turns":4},{"damage":23,"enemies":"Fading Forest","floor":16,"turns":11},{"damage":8,"enemies":"Shell Parasite","floor":18,"turns":4},{"damage":1,"enemies":"Spheric Guardian","floor":21,"turns":3},{"damage":76,"enemies":"Slavers","floor":24,"turns":4}],"seed_played":"1143567405308708127","potions_obtained":[{"floor":1.0,"key":"Dexterity Potion"},{"floor":6.0,"key":"LiquidBronze"},{"floor":8.0,"key":"Strength Potion"},{"floor":14,"key":"Explosive Potion"}],"is_trial":false,"path_per_floor":["M","?","$","?","?","E","M","M","T","M","E","?","R","M","R","B",null,"M","?","?","M","$","R","E"],"character_chosen":"IRONCLAD","items_purchased":["True Grit+1","Blood Vial"],"campfire_rested":0,"item_purchase_floors":[3,22],"current_hp_per_floor":[80,73,73,73,73,79,80,80,80,80,58,58,58,60,60,53,74,72,72,72,74,74,74,0,0],"gold":66,"neow_bonus":"THREE_ENEMY_KILL","is_daily":false,"chose_seed":false,"campfire_upgraded":3,"win_rate":0.0,"timestamp":1608872759,"path_taken":["M","?","$","?","?","E","M","M","T","M","E","?","R","M","R","BOSS","M","?","?","?","$","R","E"],"items_purchased_type":["Card","Relic"],"build_version":"2020-12-22","purchased_purges":1,"victory":false,"max_hp_per_floor":[80,80,80,80,80,80,80,80,80,80,80,74,74,74,74,74,74,74,74,74,74,74,74,74,74],"card_choices":[{"not_picked":["Clothesline","Anger"],"picked":"Flex","floor":1.0},{"not_picked":["True Grit","Intimidate","Demonic Infusion"],"picked":"SKIP","floor":6.0},{"not_picked":["True Grit","Anger","Pommel Strike"],"picked":"SKIP","floor":7.0},{"not_picked":["True Grit","ReplayReversal"],"picked":"Heavy Blade","floor":8.0},{"not_picked":["Run Through","Rage","Bloodletting"],"picked":"SKIP","floor":10},{"not_picked":["Warcry","Metallicize","ReplayTheSpireMod:Corrosion Curse"],"picked":"SKIP","floor":11},{"not_picked":["Wild Strike","Thunderclap"],"picked":"Headbutt","floor":14},{"not_picked":["Demon Form","Fiend Fire"],"picked":"Double Tap","floor":16},{"not_picked":["ReplayTheSpireMod:Faulty Equipment","Delirium"],"picked":"Amnesia","floor":17},{"not_picked":["ReplayTheSpireMod:IOU","Normality"],"picked":"Amnesia","floor":17},{"not_picked":["Doubt","Writhe"],"picked":"Shame","floor":17},{"not_picked":["Headbutt","Bloodletting+1","Anger"],"picked":"SKIP","floor":18},{"not_picked":["ReplayReversal","Thunderclap","Fiend Fire"],"picked":"SKIP","floor":21}],"player_experience":129133,"relics_obtained":[{"floor":6.0,"key":"Letter Opener"},{"floor":9.0,"key":"Replay:Bottled Snecko"},{"floor":11,"key":"Orichalcum"}],"event_choices":[{"cards_removed":["Strike_R"],"damage_healed":0.0,"max_hp_gain":0.0,"max_hp_loss":0.0,"gold_gain":0.0,"event_name":"Golden Wing","player_choice":"Card Removal","floor":2.0,"gold_loss":0.0,"damage_taken":7.0},{"cards_removed":["Defend_R"],"damage_healed":0.0,"max_hp_gain":0.0,"max_hp_loss":0.0,"gold_gain":0.0,"event_name":"The Cleric","player_choice":"Card Removal","floor":5.0,"gold_loss":50.0,"damage_taken":0.0},{"damage_healed":0,"gold_gain":0,"player_choice":"Lose Max HP","damage_taken":0,"relics_obtained":["Golden Idol"],"max_hp_gain":0,"max_hp_loss":6,"event_name":"Golden Idol","floor":12,"gold_loss":0},{"damage_healed":0,"gold_gain":0,"player_choice":"Simplicity","damage_taken":0,"max_hp_gain":0,"max_hp_loss":0,"event_name":"Back to Basics","floor":19,"gold_loss":0,"cards_upgraded":["Strike_R","Strike_R","Strike_R","Strike_R","Defend_R","Defend_R"]},{"damage_healed":0,"gold_gain":0,"player_choice":"Bought 0 Potions","damage_taken":0,"max_hp_gain":0,"max_hp_loss":0,"event_name":"The Woman in Blue","floor":20,"gold_loss":0}],"is_beta":false,"boss_relics":[{"not_picked":["Coffee Dripper","Fusion Hammer"],"picked":"Replay:Ancient Bell"},{"not_picked":["Bronze Scales","Replay:Wax Seal"],"picked":"War Paint"},{"not_picked":["Divine Protection","Frozen Egg 2"],"picked":"Onion Ring"},{"not_picked":["Torii","Calipers"],"picked":"Replay:Towering Pillar of Hats"}],"items_purged_floors":[22],"is_endless":false,"potions_floor_spawned":[1,6,8,14],"killed_by":"Slavers","ascension_level":0}}