{"host":"7yxt37kap0q16lk4","time":1608919398,"event":{"mods":["2.2 Compatiblity","Act Like it!","BaseMod","Better Third Choice","Better-Laid Plans","Colored Map","Custom Start","Highlight Path","Keyboard Shortcuts","Minty Spire (QoL Compilation)","Quick Restart","Rare Cards Sparkle","Relic Stats","Shop Mod","Slay the Relics Exporter","StSLib","SuperFastMode"],"gold_per_floor":[111,123,123,149,167,167,195,195,222,0,31,42,42,73,73,147,147,165,165,80,93,368,368,397,397,397,397,426,426,103,103,103],"floor_reached":31,"playtime":687,"items_purged":["Decay"],"score":599,"play_id":"fbf0999b-627a-43fc-94a3-1e2085081f6a","local_time":"20201226030318","is_ascension_mode":true,"campfire_choices":[{"data":"Bash","floor":6,"key":"SMITH"},{"data":"Feed","floor":8,"key":"SMITH"},{"data":"Fire Breathing","floor":15,"key":"SMITH"},{"data":"Pommel Strike","floor":23,"key":"SMITH"},{"data":"Sword Boomerang","floor":27,"key":"SMITH"}],"circlet_count":0,"master_deck":["AscendersBane","Strike_R","Strike_R","Strike_R","Defend_R","Defend_R","Defend_R","Defend_R","Bash+1","Finesse","Anger","Fire Breathing+1","Pommel Strike+1","Feed+1","Shrug It Off","Rage","Shrug It Off+1","Impervious+1","Sword Boomerang+1","Evolve"],"relics":["Burning Blood","Bag of Preparation","Juzu Bracelet","Ancient Tea Set","Mummified Hand","Orichalcum","Cursed Key","MutagenicStrength","Dream Catcher","Strawberry","Pen Nib","Omamori","War Paint"],"acts_visited":["Exordium","TheCity"],"potions_floor_usage":[11,11,24,28,31],"damage_taken":[{"damage":4,"enemies":"2 Louse","floor":1,"turns":2},{"damage":0,"enemies":"Jaw Worm","floor":2,"turns":3},{"damage":0,"enemies":"Cultist","floor":5,"turns":3},{"damage":15,"enemies":"3 Sentries","floor":7,"turns":5},{"damage":32,"enemies":"Gremlin Nob","floor":11,"turns":4},{"damage":9,"enemies":"Looter","floor":12,"turns":4},{"damage":11,"enemies":"3 Sentries","floor":14,"turns":5},{"damage":32,"enemies":"Slime Boss","floor":16,"turns":6},{"damage":15,"enemies":"Spheric Guardian","floor":18,"turns":6},{"damage":11,"enemies":"2 Thieves","floor":21,"turns":5},{"damage":17,"enemies":"Slavers","floor":24,"turns":5},{"damage":56,"enemies":"Gremlin Leader","floor":28,"turns":8},{"damage":10,"enemies":"Slavers","floor":31,"turns":2}],"seed_played":"8657154376937517004","potions_obtained":[{"floor":2,"key":"PowerPotion"},{"floor":7,"key":"FearPotion"},{"floor":11,"key":"Weak Potion"},{"floor":12,"key":"Ancient Potion"},{"floor":21,"key":"BlessingOfTheForge"},{"floor":28,"key":"Explosive Potion"}],"is_trial":false,"path_per_floor":["M","M","?","T","M","R","E","R","T","$","E","M","?","E","R","B",null,"M","?","?","M","?","R","E","?","T","R","E","?","$","E"],"character_chosen":"IRONCLAD","items_purchased":["Omamori","Shrug It Off","Evolve","War Paint"],"campfire_rested":0,"item_purchase_floors":[10,10,30,30],"current_hp_per_floor":[70,75,68,68,74,74,65,65,65,65,43,44,44,43,43,17,70,65,65,65,60,60,60,60,60,60,60,10,10,10,0,0],"gold":103,"neow_bonus":"RANDOM_COLORLESS","is_daily":false,"chose_seed":false,"campfire_upgraded":5,"win_rate":0.0,"timestamp":1608919398,"path_taken":["M","M","?","?","M","R","E","R","T","?","E","M","?","E","R","BOSS","M","?","?","M","?","R","E","?","T","R","E","?","$","E"],"items_purchased_type":["Relic","Card","Card","Relic"],"build_version":"2020-12-22","purchased_purges":1,"victory":false,"max_hp_per_floor":[75,75,75,75,75,75,75,75,75,75,79,83,83,87,87,87,87,91,91,91,91,91,91,102,102,102,102,102,102,102,102,102],"relic_stats":{"Dream Catcher":0,"counters":[13,58],"Mummified Hand":[9],"Pen Nib":[0],"Bag of Preparation":[22],"Juzu Bracelet":2,"Orichalcum":[18],"War Paint":["Impervious","Shrug It Off"],"Cursed Key":1,"obtain_stats":[{"Pen Nib":28,"Bag of Preparation":4,"Juzu Bracelet":7,"Omamori":10,"Orichalcum":14,"War Paint":30,"Ancient Tea Set":9,"Cursed Key":17,"Burning Blood":0,"Dream Catcher":20,"Mummified Hand":11,"MutagenicStrength":19,"Strawberry":24},{"Pen Nib":12,"Bag of Preparation":2,"Juzu Bracelet":4,"Omamori":4,"Orichalcum":7,"War Paint":12,"Ancient Tea Set":4,"Cursed Key":8,"Burning Blood":0,"Dream Catcher":9,"Mummified Hand":5,"MutagenicStrength":9,"Strawberry":11},{"Pen Nib":56,"Bag of Preparation":5,"Juzu Bracelet":13,"Omamori":13,"Orichalcum":26,"War Paint":56,"Ancient Tea Set":13,"Cursed Key":32,"Burning Blood":0,"Dream Catcher":38,"Mummified Hand":17,"MutagenicStrength":38,"Strawberry":48}],"Burning Blood":71},"card_choices":[{"not_picked":["Mind Blast","Trip"],"picked":"Finesse","floor":0},{"not_picked":["Havoc","Dark Embrace"],"picked":"Anger","floor":1},{"not_picked":["Entrench","Sentinel"],"picked":"Fire Breathing","floor":2},{"not_picked":["Wild Strike","Thunderclap"],"picked":"Pommel Strike","floor":5},{"not_picked":["Inflame","Power Through"],"picked":"Feed","floor":7},{"not_picked":["Pommel Strike","Perfected Strike"],"picked":"Rage","floor":11},{"not_picked":["Body Slam","Rampage"],"picked":"Shrug It Off","floor":12},{"not_picked":["Flex","Heavy Blade","Thunderclap"],"picked":"SKIP","floor":14},{"not_picked":["Limit Break","Berserk"],"picked":"Impervious","floor":16},{"not_picked":["Anger","Headbutt","Rupture"],"picked":"SKIP","floor":18},{"not_picked":["Thunderclap","Heavy Blade","Wild Strike"],"picked":"SKIP","floor":21},{"not_picked":["Bloodletting","Armaments"],"picked":"Sword Boomerang","floor":24},{"not_picked":["Exhume","Heavy Blade","Combust"],"picked":"SKIP","floor":28}],"player_experience":1015737,"relics_obtained":[{"floor":4,"key":"Bag of Preparation"},{"floor":7,"key":"Juzu Bracelet"},{"floor":9,"key":"Ancient Tea Set"},{"floor":11,"key":"Mummified Hand"},{"floor":14,"key":"Orichalcum"},{"floor":24,"key":"Strawberry"},{"floor":28,"key":"Pen Nib"}],"event_choices":[{"cards_removed":["Strike_R"],"damage_healed":0,"gold_gain":0,"player_choice":"Card Removal","damage_taken":7,"max_hp_gain":0,"max_hp_loss":0,"event_name":"Golden Wing","floor":3,"gold_loss":0},{"cards_removed":["Strike_R"],"damage_healed":0,"gold_gain":0,"player_choice":"Forget","damage_taken":0,"max_hp_gain":0,"max_hp_loss":0,"event_name":"Living Wall","floor":13,"gold_loss":0},{"damage_healed":0,"gold_gain":0,"player_choice":"Inject Mutagens","damage_taken":0,"relics_obtained":["MutagenicStrength"],"max_hp_gain":0,"max_hp_loss":0,"event_name":"Drug Dealer","floor":19,"gold_loss":0},{"damage_healed":0,"gold_gain":0,"player_choice":"Obtained Relic","damage_taken":0,"relics_obtained":["Dream Catcher"],"max_hp_gain":0,"max_hp_loss":0,"event_name":"Addict","floor":20,"gold_loss":85},{"damage_healed":0,"gold_gain":275,"player_choice":"Desecrate","damage_taken":0,"max_hp_gain":0,"max_hp_loss":0,"event_name":"Golden Shrine","floor":22,"gold_loss":0,"cards_obtained":["Regret"]},{"damage_healed":0,"gold_gain":0,"player_choice":"Ignored","damage_taken":0,"max_hp_gain":0,"max_hp_loss":0,"event_name":"Ghosts","floor":25,"gold_loss":0},{"damage_healed":0,"gold_gain":0,"player_choice":"Smashed Altar","damage_taken":0,"max_hp_gain":0,"max_hp_loss":0,"event_name":"Forgotten Altar","floor":29,"gold_loss":0,"cards_obtained":["Decay"]}],"is_beta":false,"boss_relics":[{"not_picked":["Philosopher\u0027s Stone","Black Star"],"picked":"Cursed Key"}],"items_purged_floors":[30],"is_endless":false,"potions_floor_spawned":[2,7,11,12,16,21,28],"killed_by":"Slavers","ascension_level":20}}