{"host":"zm2copjc1o2b6hjv","time":1608915614,"event":{"mods":["AchievementEnabler","BaseMod","Conspire","Downfall","Friendly Minions","Infinite Spire","Minty Spire (QoL Compilation)","Replay The Spire","StSLib"],"gold_per_floor":[99,99,99,61,61,61,113,145,164,14,34,19,19,35,51,153,153,153,167,267,267,284,284,284,303,303,56,56,56,56],"floor_reached":28,"playtime":1535,"items_purged":["Writhe"],"score":239,"play_id":"3e93dfcc-9950-4903-a274-351aef89ffbf","local_time":"20201225120014","is_ascension_mode":false,"campfire_choices":[{"floor":1,"key":"RECALL"},{"data":"champ:FocusedGladiator","floor":10,"key":"SMITH"},{"data":"champ:CalledShot","floor":13,"key":"SMITH"},{"data":"champ:HoldFirm","floor":18,"key":"SMITH"}],"circlet_count":0,"master_deck":["champ:Execute","champ:FocusedGladiator+1","champ:IronFortress","champ:IronFortress","champ:Riposte","champ:CalledShot+1","champ:BringItOn","champ:HoldFirm+1","champ:GladiatorStyle","expansioncontent:PrepareCrush","champ:FalseCounter","J.A.X.","champ:FlashCut+1","champ:ShieldWall","champ:RisingSlash","champ:DefensiveStyle","champ:EndlessRage","champ:FocusedGladiator","champ:EndlessRage","champ:Improvising+1","champ:FanOfKnives","champ:FocusedDefense","champ:AdrenalArmor","champ:HoldFirm+1"],"relics":["Burning Blood","downfall:HeartsMalice","infinitespire:Cubic Diamond","infinitespire:CheckeredPen","Replay:Kaleidoscope","downfall:HeartBlessingRed","downfall:HeartBlessingBlue","Replay:Bronze Core","MutagenicStrength","Garlic","champ:DefensiveTrainingManual","Gremlin Horn","Bag of Marbles","Pandora\u0027s Box","Guide Book"],"acts_visited":["Exordium","TheCity"],"potions_floor_usage":[9,14,14,19,20,20,27],"damage_taken":[{"damage":0,"enemies":"downfall:FleeingMerchant","floor":4,"turns":1},{"damage":0,"enemies":"2 Louse","floor":5,"turns":1},{"damage":0,"enemies":"3 Sentries","floor":8,"turns":1},{"damage":4,"enemies":"Small Slimes","floor":9,"turns":6},{"damage":5,"enemies":"Cultist","floor":11,"turns":5},{"damage":0,"enemies":"downfall:FleeingMerchant","floor":12,"turns":4},{"damage":16,"enemies":"Exordium Thugs","floor":14,"turns":5},{"damage":14,"enemies":"2 Fungi Beasts","floor":15,"turns":5},{"damage":40,"enemies":"downfall:Defect","floor":16,"turns":8},{"damage":1,"enemies":"Shell Parasite","floor":19,"turns":4},{"damage":20,"enemies":"downfall:Augmenter","floor":20,"turns":5},{"damage":11,"enemies":"Centurion and Healer","floor":22,"turns":6},{"damage":22,"enemies":"Cultist and Chosen","floor":25,"turns":6},{"damage":8,"enemies":"downfall:FleeingMerchant","floor":27,"turns":5},{"damage":3,"enemies":"Chosen and Byrds","floor":28,"turns":3}],"seed_played":"-8118283616509614104","potions_obtained":[{"floor":8,"key":"Adrenaline Potion"},{"floor":9,"key":"SteroidPotion"},{"floor":11,"key":"EssenceOfSteel"},{"floor":14,"key":"Fire Potion"},{"floor":15,"key":"Death Potion"},{"floor":19,"key":"PowerPotion"},{"floor":22,"key":"hexamod:EctoCoolerPotion"},{"floor":25,"key":"SkillPotion"}],"is_trial":false,"path_per_floor":["R","?","?","$","M","?","T","E","M","R","M","$","R","M","M","B",null,"R","M","?","?","M","?","T","M","AVR","$","M"],"character_chosen":"THE_CHAMP","items_purchased":["champ:IronFortress","champ:HoldFirm","Guide Book"],"campfire_rested":0,"item_purchase_floors":[4,27,27],"current_hp_per_floor":[90,90,90,90,90,90,90,90,90,100,100,100,100,95,92,68,100,100,100,94,94,94,94,94,88,88,91,88,88,88],"gold":56,"neow_bonus":"THREE_ENEMY_KILL","is_daily":false,"chose_seed":false,"campfire_upgraded":3,"win_rate":0.0,"timestamp":1608915614,"path_taken":["R","?","?","$","M","?","T","E","?","R","M","?","R","M","M","BOSS","R","M","?","?","M","?","T","M","AVR","?","M"],"items_purchased_type":["Card","Card","Relic"],"build_version":"2020-12-22","purchased_purges":1,"victory":false,"max_hp_per_floor":[90,90,90,90,90,90,90,90,90,100,100,100,100,100,100,100,100,100,100,100,100,100,100,100,100,100,100,100,100,100],"card_choices":[{"not_picked":["champ:FanOfKnives","champ:Haymaker"],"picked":"champ:FocusedGladiator","floor":4},{"not_picked":["champ:Haymaker","champ:CrookedStrike","champ:Circumvent"],"picked":"SKIP","floor":5},{"not_picked":["champ:Balance","champ:HeartStrike"],"picked":"champ:IronFortress","floor":8},{"not_picked":["champ:Haymaker","champ:CalledShot"],"picked":"champ:Riposte","floor":9},{"not_picked":["champ:EndlessRage","champ:FaceSlap"],"picked":"champ:CalledShot","floor":11},{"not_picked":["champ:GladiatorsShout","champ:Encircle","champ:EnragedBash"],"picked":"SKIP","floor":12},{"not_picked":["champ:CrookedStrike","champ:RapidStrikes"],"picked":"champ:BringItOn","floor":14},{"not_picked":["champ:Shatter","champ:BringItOn","champ:Backstep"],"picked":"SKIP","floor":15},{"not_picked":["champ:CrownThrow","champ:StrikeOfGenius"],"picked":"champ:HoldFirm","floor":16},{"not_picked":["champ:RisingSlash","champ:BerserkersShout"],"picked":"champ:GladiatorStyle","floor":19},{"not_picked":[],"picked":"J.A.X.","floor":20},{"not_picked":["champ:AdrenalArmor","champ:GutPunch+1"],"picked":"champ:FlashCut+1","floor":20},{"not_picked":["champ:FocusedBerserking","champ:BerserkerStyle"],"picked":"champ:ShieldWall","floor":22},{"not_picked":["champ:AdrenalArmor","champ:FightOn"],"picked":"champ:RisingSlash","floor":25},{"not_picked":["champ:BringItOn+1","champ:BladeFlurry"],"picked":"champ:AdrenalArmor","floor":27}],"player_experience":180310,"relics_obtained":[{"floor":6,"key":"infinitespire:CheckeredPen"},{"floor":8,"key":"Replay:Kaleidoscope"},{"floor":20,"key":"MutagenicStrength"},{"floor":24,"key":"Gremlin Horn"}],"event_choices":[{"damage_healed":0,"gold_gain":0,"player_choice":"Agree","damage_taken":0,"max_hp_gain":0,"max_hp_loss":0,"event_name":"conspire:LoneGhost","floor":2,"gold_loss":0},{"damage_healed":0,"gold_gain":0,"player_choice":"Relic","damage_taken":0,"max_hp_gain":0,"max_hp_loss":0,"event_name":"Wheel of Change","floor":6,"gold_loss":0}],"is_beta":false,"boss_relics":[{"not_picked":["Runic Dome","Calling Bell"],"picked":"Replay:Bronze Core"}],"items_purged_floors":[26],"is_endless":false,"potions_floor_spawned":[8,9,11,14,15,19,22,25],"killed_by":"Chosen and Byrds","ascension_level":0}}