{"host":"yo5h0ij5qipej7vf","time":1608862474,"event":{"mods":["BaseMod","Minty Spire (QoL Compilation)"],"gold_per_floor":[111,211,225,242,262,262,275,275,344,344,373,58,78,89,89,184,184,201,217,230,230,245,245,265,265,310,343,258,258,276,302,302,401,401,418,418,437,437,437,437,456,366,421,433,433,433,443,462,462,462,462,462,7,42,42,42],"floor_reached":55,"playtime":5923,"items_purged":["Strike_B"],"score":665,"play_id":"8b3621e7-d66d-4ff5-86ba-0502bee7edee","local_time":"20201224211434","is_ascension_mode":false,"campfire_choices":[{"data":"Zap","floor":6,"key":"SMITH"},{"floor":10,"key":"REST"},{"data":"Electrodynamics","floor":15,"key":"SMITH"},{"floor":23,"key":"REST"},{"floor":25,"key":"REST"},{"floor":29,"key":"REST"},{"floor":32,"key":"REST"},{"floor":40,"key":"RECALL"},{"floor":46,"key":"REST"},{"floor":49,"key":"REST"},{"data":"Amplify","floor":52,"key":"SMITH"}],"circlet_count":0,"master_deck":["Defend_B","Defend_B","Defend_B+1","Zap+1","Finesse","Cold Snap","Cold Snap","Capacitor","Amplify+1","Electrodynamics+1","Heatsinks","Gash+1","Gash+1","Echo Form","Loop+1","Cold Snap+1","Self Repair","Gash+1","Go for the Eyes+1","Streamline+1","Ball Lightning+1","Loop+1","Seek+1","Defragment+1","Self Repair+1","Parasite","Storm+1","Electrodynamics+1"],"relics":["Cracked Core","Molten Egg 2","Lizard Tail","Toxic Egg 2","Empty Cage","Akabeko","Frozen Egg 2","Lantern","DataDisk","Inserter","Kunai","PreservedInsect","Lee\u0027s Waffle"],"acts_visited":["Exordium","TheCity","TheBeyond","TheEnding"],"potions_floor_usage":[14,16,27,27,33,44,45,45],"damage_taken":[{"damage":9,"enemies":"Jaw Worm","floor":1,"turns":3},{"damage":0,"enemies":"Cultist","floor":3,"turns":3},{"damage":3,"enemies":"Small Slimes","floor":4,"turns":2},{"damage":8,"enemies":"Exordium Thugs","floor":5,"turns":5},{"damage":6,"enemies":"Looter","floor":7,"turns":3},{"damage":26,"enemies":"Lagavulin","floor":11,"turns":9},{"damage":0,"enemies":"3 Louse","floor":13,"turns":1},{"damage":6,"enemies":"Red Slaver","floor":14,"turns":4},{"damage":37,"enemies":"The Guardian","floor":16,"turns":12},{"damage":10,"enemies":"Chosen","floor":18,"turns":4},{"damage":22,"enemies":"Shell Parasite","floor":19,"turns":6},{"damage":25,"enemies":"Centurion and Healer","floor":20,"turns":7},{"damage":39,"enemies":"Shelled Parasite and Fungi","floor":22,"turns":6},{"damage":27,"enemies":"Snake Plant","floor":24,"turns":3},{"damage":31,"enemies":"Book of Stabbing","floor":27,"turns":7},{"damage":17,"enemies":"Centurion and Healer","floor":30,"turns":7},{"damage":34,"enemies":"Gremlin Leader","floor":31,"turns":6},{"damage":24,"enemies":"Champ","floor":33,"turns":12},{"damage":1,"enemies":"3 Shapes","floor":35,"turns":8},{"damage":28,"enemies":"3 Darklings","floor":37,"turns":9},{"damage":24,"enemies":"Maw","floor":41,"turns":8},{"damage":30,"enemies":"Writhing Mass","floor":44,"turns":5},{"damage":0,"enemies":"Sphere and 2 Shapes","floor":45,"turns":1},{"damage":11,"enemies":"Transient","floor":47,"turns":5},{"damage":32,"enemies":"Writhing Mass","floor":48,"turns":6},{"damage":45,"enemies":"Time Eater","floor":50,"turns":14},{"damage":70,"enemies":"Shield and Spear","floor":54,"turns":5},{"damage":79,"enemies":"The Heart","floor":55,"turns":5}],"seed_played":"8509738476163046038","potions_obtained":[{"floor":3,"key":"DistilledChaos"},{"floor":5,"key":"LiquidMemories"},{"floor":7,"key":"Regen Potion"},{"floor":22,"key":"ColorlessPotion"},{"floor":24,"key":"FearPotion"},{"floor":27,"key":"SmokeBomb"},{"floor":31,"key":"Regen Potion"},{"floor":37,"key":"SpeedPotion"},{"floor":44,"key":"Energy Potion"},{"floor":54,"key":"Dexterity Potion"}],"is_trial":false,"path_per_floor":["M","?","M","M","M","R","M","?","T","R","E","$","M","M","R","B",null,"M","M","M","?","M","R","M","R","T","E","?","R","M","E","R","B",null,"M","?","M","T","?","R","M","?","T","M","M","R","M","M","R","B",null,"R","$","E","B"],"character_chosen":"DEFECT","items_purchased":["Toxic Egg 2","Heatsinks","Storm+1","Lee\u0027s Waffle","FairyPotion","Energy Potion"],"campfire_rested":7,"item_purchase_floors":[12,12,53,53,53,53],"current_hp_per_floor":[66,66,66,63,55,55,49,49,49,71,45,45,45,51,51,14,75,65,43,18,18,46,68,41,63,63,46,46,68,65,31,53,44,75,75,75,61,61,61,61,37,37,37,7,27,49,48,50,72,37,75,75,82,36,0,0],"gold":42,"neow_bonus":"RANDOM_COLORLESS","is_daily":false,"chose_seed":false,"campfire_upgraded":3,"win_rate":0.0,"timestamp":1608862474,"path_taken":["M","?","M","?","M","R","M","?","T","R","E","$","M","?","R","BOSS","M","M","M","?","M","R","M","R","T","E","?","R","M","E","R","BOSS","M","?","?","?","?","R","M","?","T","M","M","R","M","?","R","BOSS","R","$","E","BOSS"],"items_purchased_type":["Relic","Card","Card","Relic","Potion","Potion"],"build_version":"2020-12-22","purchased_purges":1,"victory":false,"max_hp_per_floor":[75,75,75,75,75,75,75,75,75,75,75,75,75,75,75,75,75,75,75,75,75,75,75,75,75,75,75,75,75,75,75,75,75,75,75,75,75,75,75,75,75,75,75,75,75,75,75,75,75,75,75,75,82,82,82,82],"card_choices":[{"not_picked":["Panacea","Discovery"],"picked":"Finesse","floor":0},{"not_picked":["Genetic Algorithm","Sweeping Beam"],"picked":"Cold Snap","floor":1},{"not_picked":["Stack","Compile Driver","Coolheaded"],"picked":"SKIP","floor":3},{"not_picked":["Skim","Barrage","Steam"],"picked":"SKIP","floor":4},{"not_picked":["Coolheaded","Compile Driver"],"picked":"Cold Snap","floor":5},{"not_picked":["Core Surge","Darkness"],"picked":"Capacitor","floor":7},{"not_picked":["Rebound+1","Aggregate"],"picked":"Electrodynamics","floor":11},{"not_picked":["Force Field+1","Aggregate+1"],"picked":"Gash+1","floor":13},{"not_picked":["Barrage+1","Genetic Algorithm+1"],"picked":"Gash+1","floor":14},{"not_picked":["Amplify+1","Seek+1"],"picked":"Echo Form","floor":16},{"not_picked":["Fusion+1","Stack+1"],"picked":"Loop","floor":18},{"not_picked":["Lockon+1","Leap+1"],"picked":"Cold Snap+1","floor":19},{"not_picked":["Compile Driver+1","Steam+1"],"picked":"Self Repair","floor":20},{"not_picked":["Force Field+1","Auto Shields+1"],"picked":"Gash+1","floor":22},{"not_picked":["Beam Cell+1","Stack+1"],"picked":"Go for the Eyes+1","floor":24},{"not_picked":["Steam+1","Sunder+1"],"picked":"Streamline+1","floor":27},{"not_picked":["Redo+1","FTL+1"],"picked":"Ball Lightning+1","floor":30},{"not_picked":["Gash+1","Go for the Eyes+1"],"picked":"Loop+1","floor":31},{"not_picked":["Fission+1","Core Surge+1"],"picked":"Seek+1","floor":33},{"not_picked":["Undo+1","Coolheaded+1","Beam Cell+1"],"picked":"SKIP","floor":35},{"not_picked":["Cold Snap+1","Sweeping Beam+1","Barrage+1"],"picked":"SKIP","floor":37},{"not_picked":["Skim+1","Hologram+1"],"picked":"Defragment+1","floor":41},{"not_picked":["Stack+1","Beam Cell+1"],"picked":"Self Repair+1","floor":44},{"not_picked":["Coolheaded+1","Streamline+1","Self Repair+1"],"picked":"SKIP","floor":47},{"not_picked":["Rip and Tear+1","Coolheaded+1","Melter+1"],"picked":"SKIP","floor":48},{"not_picked":["Redo+1","Fusion+1"],"picked":"Electrodynamics+1","floor":54}],"player_experience":685624,"relics_obtained":[{"floor":9,"key":"Molten Egg 2"},{"floor":11,"key":"Lizard Tail"},{"floor":27,"key":"Frozen Egg 2"},{"floor":31,"key":"DataDisk"},{"floor":38,"key":"Kunai"},{"floor":43,"key":"PreservedInsect"}],"event_choices":[{"damage_healed":0,"gold_gain":100,"player_choice":"Pray","damage_taken":0,"max_hp_gain":0,"max_hp_loss":0,"event_name":"Golden Shrine","floor":2,"gold_loss":0},{"damage_healed":0,"gold_gain":0,"cards_transformed":["Strike_B"],"player_choice":"Transformed","damage_taken":0,"max_hp_gain":0,"max_hp_loss":0,"event_name":"Transmorgrifier","floor":8,"gold_loss":0,"cards_obtained":["Amplify"]},{"damage_healed":0,"gold_gain":0,"player_choice":"Opened","damage_taken":0,"relics_obtained":["Akabeko"],"max_hp_gain":0,"max_hp_loss":0,"event_name":"The Mausoleum","floor":21,"gold_loss":0},{"damage_healed":0,"gold_gain":0,"player_choice":"Obtained Relic","damage_taken":0,"relics_obtained":["Lantern"],"max_hp_gain":0,"max_hp_loss":0,"event_name":"Addict","floor":28,"gold_loss":85},{"damage_healed":0,"gold_gain":0,"player_choice":"Upgraded","damage_taken":0,"max_hp_gain":0,"max_hp_loss":0,"event_name":"Upgrade Shrine","floor":36,"gold_loss":0,"cards_upgraded":["Loop"]},{"cards_removed":["Dualcast"],"damage_healed":0,"gold_gain":0,"player_choice":"Removed Skill","damage_taken":0,"max_hp_gain":0,"max_hp_loss":0,"event_name":"Falling","floor":39,"gold_loss":0},{"cards_removed":["Strike_B"],"damage_healed":0,"gold_gain":0,"player_choice":"Upgrade and Remove","damage_taken":0,"max_hp_gain":0,"max_hp_loss":0,"event_name":"Designer","floor":42,"gold_loss":90,"cards_upgraded":["Defend_B"]}],"is_beta":false,"boss_relics":[{"not_picked":["Coffee Dripper","Cursed Key"],"picked":"Empty Cage"},{"not_picked":["Velvet Choker","Nuclear Battery"],"picked":"Inserter"}],"items_purged_floors":[53],"is_endless":false,"potions_floor_spawned":[3,5,7,13,22,24,27,31,37,44,54],"killed_by":"The Heart","ascension_level":0}}