{"host":"ttx8tv95o5vka1nm","time":1608867591,"event":{"mods":["BaseMod","Downfall","Minty Spire (QoL Compilation)","Replay The Spire","StSLib"],"gold_per_floor":[113,125,125,146,169,205,205,241,241,280,280,280,51,69,69,199,199,213,198,22,35,35,66,66,66],"floor_reached":24,"playtime":2703,"items_purged":["Strike_P","Injury"],"score":354,"play_id":"2e49e108-468c-4d7d-a551-7a87605e5c74","local_time":"20201225133951","is_ascension_mode":true,"campfire_choices":[{"floor":7,"key":"REST"},{"floor":12,"key":"REST"}],"circlet_count":0,"master_deck":["Strike_P","Strike_P","Strike_P","Defend_P","Defend_P","Defend_P","Defend_P","Eruption","Vigilance","ConjureBlade","BattleHymn+1","FlurryOfBlows","SashWhip","EmptyFist","Replay:Anticipation","Perseverance","WindmillStrike","Conclude","Judgement","CommonCold","Clumsy","EmptyBody+1","Protect+1","Tantrum","Perseverance+1","expansioncontent:FaceSlap","EmptyMind","BowlingBash"],"relics":["PureWater","Golden Idol","Matryoshka","Replay:Rubber Ducky","Happy Flower","Toy Ornithopter","Ginger","Regal Pillow","Replay:Ancient Bell","Pen Nib","Pantograph","Mango","Golden Egg"],"acts_visited":["Exordium","TheCity"],"potions_floor_usage":[6,10,24,24,24],"damage_taken":[{"damage":1,"enemies":"Cultist","floor":1,"turns":3},{"damage":7,"enemies":"Small Slimes","floor":2,"turns":3},{"damage":0,"enemies":"2 Louse","floor":4,"turns":1},{"damage":25,"enemies":"Exordium Thugs","floor":5,"turns":6},{"damage":4,"enemies":"3 Sentries","floor":6,"turns":6},{"damage":18,"enemies":"Gremlin Nob","floor":8,"turns":3},{"damage":15,"enemies":"Lagavulin","floor":10,"turns":5},{"damage":10,"enemies":"Lots of Slimes","floor":14,"turns":4},{"damage":0,"enemies":"Slime Boss","floor":16,"turns":4},{"damage":12,"enemies":"Shell Parasite","floor":18,"turns":5},{"damage":18,"enemies":"2 Thieves","floor":19,"turns":4},{"damage":0,"enemies":"3 Cultists","floor":21,"turns":4},{"damage":33,"enemies":"Gremlin Leader","floor":23,"turns":5},{"damage":57,"enemies":"Centurion and Healer","floor":24,"turns":2}],"seed_played":"3905632428063401793","potions_obtained":[{"floor":2,"key":"AttackPotion"},{"floor":5,"key":"Elixir"},{"floor":8,"key":"Explosive Potion"},{"floor":16,"key":"champ:CounterPotion"},{"floor":18,"key":"Ancient Potion"}],"is_trial":false,"path_per_floor":["M","M","?","M","M","E","R","E","T","E","?","R","$","M","R","B",null,"M","M","$","M","?","E","M"],"character_chosen":"WATCHER","items_purchased":["Regal Pillow","Tantrum"],"campfire_rested":2,"item_purchase_floors":[13,20],"current_hp_per_floor":[71,64,46,46,21,17,38,20,20,10,15,38,38,28,66,66,91,79,61,61,61,61,28,0,0],"gold":66,"neow_bonus":"ONE_RANDOM_RARE_CARD","is_daily":false,"chose_seed":false,"campfire_upgraded":0,"win_rate":0.0,"timestamp":1608867591,"path_taken":["M","?","?","M","M","E","R","E","T","E","?","R","$","M","R","BOSS","M","M","$","M","?","E","M"],"items_purchased_type":["Relic","Card"],"build_version":"2020-12-22","purchased_purges":2,"victory":false,"max_hp_per_floor":[72,72,72,72,72,72,72,72,72,72,77,77,77,77,77,77,91,91,91,91,91,91,91,91,91],"card_choices":[{"not_picked":["Replay:AtTheReady","MentalFortress"],"picked":"BattleHymn","floor":1},{"not_picked":["SignatureMove","CrushJoints"],"picked":"FlurryOfBlows","floor":2},{"not_picked":["Pray","Replay:AtTheReady"],"picked":"SashWhip","floor":4},{"not_picked":["CutThroughFate","Crescendo"],"picked":"EmptyFist","floor":5},{"not_picked":["ThirdEye","CrushJoints"],"picked":"Replay:Anticipation","floor":6},{"not_picked":["Alpha","Wallop"],"picked":"Perseverance","floor":8},{"not_picked":["SashWhip","JustLucky"],"picked":"WindmillStrike","floor":10},{"not_picked":["Halt","ThirdEye"],"picked":"Conclude","floor":14},{"not_picked":["Devotion","Brilliance"],"picked":"Judgement","floor":16},{"not_picked":["sneckomod:Bewildered","ReplayTheSpireMod:Faulty Equipment"],"picked":"Injury","floor":17},{"not_picked":["Shame","ReplayTheSpireMod:Splinters"],"picked":"CommonCold","floor":17},{"not_picked":["Regret","Looming Evil"],"picked":"Clumsy","floor":17},{"not_picked":["Replay:ManipulateFuture+1","Protect+1"],"picked":"EmptyBody+1","floor":18},{"not_picked":["Replay:ManipulateFuture","Weave"],"picked":"Protect+1","floor":19},{"not_picked":["SashWhip","Halt"],"picked":"Perseverance+1","floor":21},{"not_picked":["Ragnarok","Fasting2"],"picked":"BowlingBash","floor":23}],"player_experience":400120,"relics_obtained":[{"floor":6,"key":"Matryoshka"},{"floor":8,"key":"Replay:Rubber Ducky"},{"floor":9,"key":"Happy Flower"},{"floor":9,"key":"Toy Ornithopter"},{"floor":10,"key":"Ginger"},{"floor":23,"key":"Golden Egg"}],"event_choices":[{"damage_healed":0,"gold_gain":0,"player_choice":"Take Damage","damage_taken":18,"relics_obtained":["Golden Idol"],"max_hp_gain":0,"max_hp_loss":0,"event_name":"Golden Idol","floor":3,"gold_loss":0},{"damage_healed":0,"gold_gain":0,"player_choice":"Donut","damage_taken":0,"max_hp_gain":5,"max_hp_loss":0,"event_name":"Big Fish","floor":11,"gold_loss":0},{"damage_healed":0,"gold_gain":0,"player_choice":"2 cards matched","damage_taken":0,"max_hp_gain":0,"max_hp_loss":0,"event_name":"Match and Keep!","floor":22,"gold_loss":0,"cards_obtained":["expansioncontent:FaceSlap","EmptyMind"]}],"is_beta":false,"boss_relics":[{"not_picked":["Empty Cage","SacredBark"],"picked":"Replay:Ancient Bell"},{"not_picked":["Replay:Mystery Machine","PreservedInsect"],"picked":"Pen Nib"},{"not_picked":["Mirror","Replay:Bottled Snecko"],"picked":"Pantograph"},{"not_picked":["Durian","Pocketwatch"],"picked":"Mango"}],"items_purged_floors":[13,20],"is_endless":false,"potions_floor_spawned":[2,5,8,16,18],"killed_by":"Centurion and Healer","ascension_level":3}}