{"host":"jmdwsiegw2vwqzt1","time":1608870930,"event":{"mods":["2.2 Compatiblity","AchievementEnabler","BaseMod","Better Third Choice","Better Vampires","Colored Powertips","Custom Start","Dio Mod","Downfall","Hermit","Highlight Path","Jorbs\u0027s Wanderer Trilogy","Marisa????????","Minty Spire (QoL Compilation)","Permanent Neow","Quick Restart","Rare Cards Sparkle","Relic Stats","Spicy Shops","StSLib","SuperFastMode","The Bug Knight","The Cursed","The Disciple","The Hierophant","The Necromancer","The Servant 0.9.4","slay the spire mod where everything is the same but ironclad has a cowboy hat"],"gold_per_floor":[99,113,166,227,240,254,254,280,293,218,318,336,486,100,114,114,114,114],"floor_reached":16,"playtime":1373,"items_purged":["Slimebound:Icky","champ:RapidStrikes"],"score":102,"play_id":"eb9c3d53-63fe-45da-8b09-55519186431e","local_time":"20201224233530","is_ascension_mode":false,"campfire_choices":[{"data":"champ:Taunt","floor":1,"key":"SMITH"},{"floor":10,"key":"REST"}],"circlet_count":0,"master_deck":["champ:Strike","champ:Strike","champ:Defend","champ:Defend","champ:Defend","champ:Defend","champ:Execute","champ:Taunt+1","champ:DefensiveStyle","champ:CrookedStrike","champ:Duel","champ:ArenaPreparation","champ:Balance+1","champ:DefensiveStyle","champ:FocusedDefense"],"relics":["champ:ChampionCrown","Ancient Tea Set","Question Card","HollowMod:LifeEnderRelic","Blue Candle","downfall:HeartBlessingGreen","Membership Card","Shuriken","Art of War"],"acts_visited":["Exordium"],"potions_floor_usage":[11,16,16],"damage_taken":[{"damage":6,"enemies":"Cultist","floor":2,"turns":4},{"damage":40,"enemies":"Gremlin Nob","floor":4,"turns":5},{"damage":5,"enemies":"Jaw Worm","floor":5,"turns":2},{"damage":5,"enemies":"Small Slimes","floor":6,"turns":3},{"damage":46,"enemies":"Lagavulin","floor":8,"turns":5},{"damage":26,"enemies":"3 Louse","floor":9,"turns":2},{"damage":61,"enemies":"downfall:Heads","floor":11,"turns":13},{"damage":5,"enemies":"Exordium Thugs","floor":12,"turns":4},{"damage":10,"enemies":"downfall:FleeingMerchant","floor":14,"turns":4},{"damage":10,"enemies":"Gremlin Gang","floor":15,"turns":2},{"damage":19,"enemies":"downfall:Ironclad","floor":16,"turns":3}],"seed_played":"-5380993469967538983","potions_obtained":[{"floor":2,"key":"LiquidBronze"},{"floor":4,"key":"SpeedPotion"},{"floor":9,"key":"Fire Potion"}],"is_trial":false,"path_per_floor":["R","M","T","?","M","M","T","E","M","R","?","M","?","$","M","B"],"character_chosen":"THE_CHAMP","items_purchased":["Membership Card","Shuriken","Art of War"],"campfire_rested":1,"item_purchase_floors":[14,14,14],"current_hp_per_floor":[90,89,89,59,59,59,59,38,27,54,11,11,11,11,11,0,0,0],"gold":114,"neow_bonus":"THREE_CARDS","is_daily":false,"chose_seed":false,"campfire_upgraded":1,"win_rate":0.0,"timestamp":1608870930,"path_taken":["R","M","?","?","M","M","T","E","M","R","?","M","?","$","M","BOSS"],"items_purchased_type":["Relic","Relic","Relic"],"build_version":"2020-12-22","purchased_purges":2,"victory":false,"max_hp_per_floor":[90,90,90,90,90,90,90,90,90,90,90,90,90,90,90,90,90,90],"relic_stats":{"counters":[11,47],"Shuriken":[3],"Blue Candle":[0],"Art of War":[0],"Question Card":11,"obtain_stats":[{"HollowMod:LifeEnderRelic":7,"Shuriken":14,"Blue Candle":8,"champ:ChampionCrown":0,"downfall:HeartBlessingGreen":10,"Art of War":14,"Membership Card":14,"Ancient Tea Set":3,"Question Card":4},{"HollowMod:LifeEnderRelic":4,"Shuriken":9,"Blue Candle":5,"champ:ChampionCrown":0,"downfall:HeartBlessingGreen":6,"Art of War":9,"Membership Card":9,"Ancient Tea Set":1,"Question Card":2},{"HollowMod:LifeEnderRelic":14,"Shuriken":42,"Blue Candle":19,"champ:ChampionCrown":0,"downfall:HeartBlessingGreen":21,"Art of War":42,"Membership Card":42,"Ancient Tea Set":4,"Question Card":9}]},"card_choices":[{"not_picked":["champ:Backstep","champ:FlashCut"],"picked":"champ:DefensiveStyle","floor":0},{"not_picked":["champ:FocusedBerserking","champ:AdrenalArmor"],"picked":"champ:CrookedStrike","floor":2},{"not_picked":["champ:EnragedBash","champ:GladiatorsShout","champ:Riposte"],"picked":"champ:Duel","floor":5},{"not_picked":["champ:IronFortress","champ:BerserkersShout","champ:Haymaker"],"picked":"champ:ArenaPreparation","floor":6},{"not_picked":["champ:Duel","champ:FocusedBerserking","champ:AdrenalArmor"],"picked":"champ:RapidStrikes","floor":8},{"not_picked":["champ:GladiatorsShout","champ:PreciseThrust","champ:AdrenalArmor"],"picked":"champ:Balance","floor":9},{"not_picked":["champ:RapidStrikes","champ:DancingMaster","champ:PerfectedStrike","champ:Haymaker"],"picked":"SKIP","floor":12},{"not_picked":["champ:PreciseThrust","champ:RecklessLeap","champ:FightOn"],"picked":"champ:FocusedDefense","floor":14},{"not_picked":["champ:Haymaker","champ:HeartStrike","champ:GutPunch","champ:Shatter"],"picked":"SKIP","floor":15}],"player_experience":305146,"relics_obtained":[{"floor":3,"key":"Ancient Tea Set"},{"floor":4,"key":"Question Card"},{"floor":7,"key":"HollowMod:LifeEnderRelic"},{"floor":8,"key":"Blue Candle"}],"event_choices":[],"is_beta":false,"boss_relics":[],"items_purged_floors":[14,14],"is_endless":false,"potions_floor_spawned":[2,4,9],"killed_by":"downfall:Ironclad","ascension_level":0}}