{"host":"645xqr9rkj71uhiq","time":1608904233,"event":{"mods":["AchievementEnabler","Act Like it!","BaseMod","Beaked The Cultist","Better Altar","Better Third Choice","BetterRewards","Card Forge","Colored Map","Conspire","Downfall","Hallownest","Hermit","Hubris","Infinite Spire","Lobotomy","Minty Spire (QoL Compilation)","Rare Cards Sparkle","Replay The Spire","Spicy Shops","Spikes Relics","StSLib","The Bug Knight","The Hierophant"],"gold_per_floor":[109,129,54,54,54,81,81,99,126,152,152,168,168,197,197,347,347,329,357,368,368,380,380,411,424,424,438,458,458,48,48,48,48,48],"floor_reached":33,"playtime":1244,"items_purged":["Defend_R"],"score":285,"play_id":"9eeb21ca-a870-4ab2-8c7a-7f57bd256122","local_time":"20201225085033","is_ascension_mode":false,"campfire_choices":[{"data":"Run Through","floor":13,"key":"SMITH"},{"data":"Double Tap","floor":15,"key":"SMITH"},{"data":"Barricade","floor":23,"key":"SMITH"},{"floor":29,"key":"REST"},{"data":"Disarm","floor":32,"key":"SMITH"}],"circlet_count":0,"master_deck":["Berserk+1","Strike_R","Strike_R","Strike_R","Strike_R","Strike_R","Defend_R","Defend_R","Defend_R","Bash+1","Shrug It Off","Sword Boomerang","Metallicize+1","Run Through+1","Double Tap+1","Barricade+1","Shockwave+1","Replay:Undeath\u0027s Touch+1","Disarm+1"],"relics":["Burning Blood","Hammer of Thor","Seething Fire","Anvil of the Gods","hubris:MobiusCoin","Replay:Bottled Eggs","Anchor","Replay:Accelerometer","Replay:Kaleidoscope","Mark of Pain","Red Mask","Replay:WaspNest","WingedGreaves","ReplayTheSpireMod:Spearhead","infinitespire:BottledMercury","Ginger"],"acts_visited":["Exordium","TheCity"],"potions_floor_usage":[16,18,25,33],"damage_taken":[{"damage":9,"enemies":"Jaw Worm","floor":1,"turns":4},{"damage":2,"enemies":"Small Slimes","floor":2,"turns":4},{"damage":13,"enemies":"Gremlin Nob","floor":6,"turns":4},{"damage":0,"enemies":"Cultist","floor":8,"turns":3},{"damage":18,"enemies":"Lagavulin","floor":10,"turns":6},{"damage":6,"enemies":"Exordium Thugs","floor":12,"turns":5},{"damage":6,"enemies":"Replay:BlueRogue","floor":14,"turns":5},{"damage":35,"enemies":"Hexaghost","floor":16,"turns":9},{"damage":7,"enemies":"2 Thieves","floor":18,"turns":4},{"damage":31,"enemies":"Masked Bandits","floor":19,"turns":6},{"damage":0,"enemies":"Chosen","floor":20,"turns":6},{"damage":32,"enemies":"Sentry and Sphere","floor":22,"turns":7},{"damage":15,"enemies":"Book of Stabbing","floor":24,"turns":5},{"damage":0,"enemies":"Centurion and Healer","floor":25,"turns":8},{"damage":11,"enemies":"Snecko","floor":27,"turns":5},{"damage":16,"enemies":"Snake Plant","floor":28,"turns":4},{"damage":53,"enemies":"Automaton","floor":33,"turns":6}],"seed_played":"-2925322024237788262","potions_obtained":[{"floor":2,"key":"sneckomod:MuddlingPotion"},{"floor":14,"key":"sneckomod:MuddlingPotion"},{"floor":16,"key":"Fire Potion"},{"floor":22,"key":"SneckoOil"},{"floor":25,"key":"EssenceOfSteel"}],"is_trial":false,"path_per_floor":["M","M","$","?","?","E","?","M","T","E","$","M","R","E","R","B",null,"M","?","M","?","M","R","E","M","T","M","M","R","$","?","R","B"],"character_chosen":"IRONCLAD","items_purchased":["infinitespire:BottledMercury","Disarm","Ginger"],"campfire_rested":1,"item_purchase_floors":[30,30,30],"current_hp_per_floor":[77,80,80,80,80,73,73,79,79,67,67,67,67,67,67,38,80,79,54,60,60,34,34,25,31,31,26,16,40,40,40,40,0,0],"gold":48,"neow_bonus":"UPGRADE_CARD","is_daily":false,"chose_seed":false,"campfire_upgraded":4,"win_rate":0.0,"timestamp":1608904233,"path_taken":["M","M","$","?","?","E","?","?","T","E","?","M","R","E","R","BOSS","M","?","M","?","M","R","E","?","T","M","M","R","$","?","R","BOSS"],"items_purchased_type":["Relic","Card","Relic"],"build_version":"2020-12-22","purchased_purges":1,"victory":false,"max_hp_per_floor":[80,80,80,80,80,80,80,80,80,80,80,80,80,80,80,80,80,80,80,80,80,80,80,80,80,80,80,80,80,80,80,80,80,80],"card_choices":[{"not_picked":["ReplayTheSpireMod:Strike From Hell","Warcry"],"picked":"Shrug It Off","floor":1},{"not_picked":["Flex","Headbutt"],"picked":"Sword Boomerang","floor":2},{"not_picked":["Reaper","Flex"],"picked":"Metallicize","floor":6},{"not_picked":["hubris:ReadiedAction","Invigoration","Infernal Blade"],"picked":"SKIP","floor":8},{"not_picked":["Fire Breathing","hubris:StunningStrike","hubris:ReadiedAction"],"picked":"SKIP","floor":10},{"not_picked":["Burning Pact","Clothesline"],"picked":"Run Through","floor":12},{"not_picked":["Shrug It Off","Dark Embrace"],"picked":"Double Tap","floor":14},{"not_picked":["Eclipse","Replay:Many Hands"],"picked":"Barricade","floor":16},{"not_picked":["Sword Boomerang","Combust"],"picked":"Shockwave+1","floor":18},{"not_picked":["True Grit+1","Perfected Strike","Headbutt"],"picked":"SKIP","floor":20},{"not_picked":["Clash","Second Wind","Headbutt"],"picked":"SKIP","floor":22},{"not_picked":["Pummel+1","Corruption","Rupture"],"picked":"SKIP","floor":24},{"not_picked":["Run Through","Replay:Undeath\u0027s Touch","Armaments"],"picked":"SKIP","floor":25},{"not_picked":["Carnage","Combust"],"picked":"Replay:Undeath\u0027s Touch+1","floor":27},{"not_picked":["Power Through+1","Shrug It Off","Infernal Blade"],"picked":"SKIP","floor":28}],"player_experience":1422,"relics_obtained":[{"floor":6,"key":"hubris:MobiusCoin"},{"floor":9,"key":"Anchor"},{"floor":10,"key":"Replay:Accelerometer"},{"floor":14,"key":"Replay:Kaleidoscope"},{"floor":19,"key":"Red Mask"},{"floor":24,"key":"WingedGreaves"},{"floor":26,"key":"ReplayTheSpireMod:Spearhead"}],"event_choices":[{"damage_healed":0,"gold_gain":0,"player_choice":"Disagree","damage_taken":0,"max_hp_gain":0,"max_hp_loss":0,"event_name":"conspire:LoneGhost","floor":4,"gold_loss":0},{"damage_healed":0,"gold_gain":0,"player_choice":"Gave Potion","damage_taken":0,"relics_obtained":["Replay:Bottled Eggs"],"max_hp_gain":0,"max_hp_loss":0,"event_name":"WeMeetAgain","floor":7,"gold_loss":0},{"damage_healed":0,"gold_gain":0,"player_choice":"Fought Bandits","damage_taken":0,"max_hp_gain":0,"max_hp_loss":0,"event_name":"Masked Bandits","floor":19,"gold_loss":0},{"damage_healed":0,"gold_gain":0,"player_choice":"Leave","damage_taken":0,"max_hp_gain":0,"max_hp_loss":0,"event_name":"conspire:Investor","floor":31,"gold_loss":0}],"is_beta":false,"boss_relics":[{"not_picked":["Replay:Wanted Poster","Astrolabe"],"picked":"Mark of Pain"}],"items_purged_floors":[3],"is_endless":false,"potions_floor_spawned":[2,14,16,22,25],"killed_by":"Automaton","ascension_level":0}}