{"host":"lck2g1j0kcwr02ez","time":1608871723,"event":{"mods":["Act Like it!","BaseMod","CapriCore","Hallownest","Hermit","Mari Mod (Legacy)","Mari\u0027s V1 Patch","Minty Spire (QoL Compilation)","Nova Terra(ÅµÍÞ¡¤Ì©À­)","Rare Cards Sparkle","StSLib","The Bug Knight","The Hierophant"],"gold_per_floor":[113,113,128,7004,7018,7047,7110,6331,6354,6389,6020,5479,5479,4836,4836,4935,4935,4935,4233,4143,4143,4143,4143,4143,4143,4143,4143,4058,4058,4058,3209,3209,2897,2897,2753,2753,2753,2753,2753,2753,2753,2054,2054,2054,1763,1763,1073,969,969,875,875,875,57,53,9500],"floor_reached":56,"playtime":5767,"items_purged":["hierophant:Zeal","hierophant:ArchangelShield"],"score":1318,"play_id":"d37f7096-7b80-491d-a4a9-2f556e8bc2d1","local_time":"20201225124843","daily_mods":["SealedDeck","Heirloom","Flight"],"is_ascension_mode":false,"campfire_choices":[{"data":"hierophant:Repentance","floor":13,"key":"SMITH"},{"data":"hierophant:Patience","floor":15,"key":"SMITH"},{"data":"hierophant:PassingBell","floor":23,"key":"SMITH"},{"floor":27,"key":"RECALL"},{"data":"hierophant:SealAway","floor":29,"key":"SMITH"},{"data":"hierophant:RepressedViolence","floor":32,"key":"SMITH"},{"data":"hierophant:Shelter","floor":46,"key":"SMITH"},{"data":"hierophant:Exaltation","floor":49,"key":"SMITH"},{"data":"hierophant:Community","floor":52,"key":"SMITH"}],"circlet_count":0,"master_deck":["hierophant:RepressedViolence+1","hierophant:HammerAndAnvil","hierophant:Shelter+1","hierophant:Shelter+1","hierophant:Patience+1","hierophant:Shelter","hierophant:Community+1","hierophant:Community","hierophant:PassingBell+1","hierophant:MirrorShield+1","hierophant:Repentance+1","hierophant:Community","Flash of Steel+1","hierophant:Repentance+1","hierophant:SealAway+1","hierophant:AuricForm","hierophant:SealAway","hierophant:Encroach+1","Madness","Madness","Master of Strategy","Panacea","Madness","hierophant:Exaltation+1","hierophant:SealAway+1"],"relics":["hierophant:PropheticMaskRelic","Lizard Tail","Letter Opener","Bronze Scales","Frozen Eye","Strawberry","Bag of Marbles","hierophant:DonationBoxRelic","Mercury Hourglass","Sling","Regal Pillow","Orichalcum","Pen Nib","Potion Belt","Juzu Bracelet","Medical Kit","Blue Candle","Du-Vu Doll","Ectoplasm","Ancient Tea Set","Bottled Lightning","DollysMirror","Singing Bowl","War Paint","Bag of Preparation","Dream Catcher","Darkstone Periapt","ClockworkSouvenir","Black Star","FossilizedHelix","Bottled Flame","HandDrill","StoneCalendar","Mummified Hand","CeramicFish","Torii","Orrery","Nunchaku","Prayer Wheel","Shuriken","Bird Faced Urn","HollowMod:PaleOreRelic","Bottled Tornado"],"acts_visited":["Exordium","TheCity","TheBeyond","TheEnding"],"potions_floor_usage":[21,21,25,50,50,54],"damage_taken":[{"damage":0,"enemies":"Small Slimes","floor":1,"turns":5},{"damage":0,"enemies":"Cultist","floor":3,"turns":14},{"damage":0,"enemies":"2 Louse","floor":5,"turns":2},{"damage":6,"enemies":"3 Sentries","floor":6,"turns":9},{"damage":0,"enemies":"Lagavulin Event","floor":7,"turns":12},{"damage":18,"enemies":"Gremlin Nob","floor":10,"turns":8},{"damage":2,"enemies":"Hexaghost","floor":16,"turns":11},{"damage":0,"enemies":"Shell Parasite","floor":18,"turns":1},{"damage":0,"enemies":"Chosen","floor":21,"turns":6},{"damage":0,"enemies":"Centurion and Healer","floor":25,"turns":5},{"damage":0,"enemies":"Slavers","floor":30,"turns":4},{"damage":0,"enemies":"Champ","floor":33,"turns":4},{"damage":0,"enemies":"3 Shapes","floor":35,"turns":3},{"damage":0,"enemies":"3 Darklings","floor":36,"turns":5},{"damage":30,"enemies":"2 Orb Walkers","floor":39,"turns":5},{"damage":0,"enemies":"Transient","floor":45,"turns":5},{"damage":0,"enemies":"Giant Head","floor":48,"turns":5},{"damage":22,"enemies":"Awakened One","floor":50,"turns":5},{"damage":0,"enemies":"Shield and Spear","floor":54,"turns":4},{"damage":36,"enemies":"The Heart","floor":55,"turns":5}],"seed_played":"7665491484141021530","potions_obtained":[{"floor":1,"key":"CultistPotion"},{"floor":6,"key":"DuplicationPotion"},{"floor":10,"key":"PowerPotion"},{"floor":25,"key":"Block Potion"}],"is_trial":true,"path_per_floor":["M","?","M","$","M","E","?","$","T","E","$","$","R","$","R","B",null,"M","$","?","M","?","R","?","M","T","R","?","R","E","$","R","B",null,"M","M","?","?","?","?","?","$","T","?","M","R","$","E","R","B",null,"R","$","E","B",null],"character_chosen":"HIEROPHANT","items_purchased":["Dexterity Potion","Letter Opener","Bronze Scales","Frozen Eye","hierophant:MirrorShield","hierophant:Repentance","hierophant:Community","hierophant:DonationBoxRelic","Mercury Hourglass","Sling","hierophant:Smite","Orichalcum","Pen Nib","DistilledChaos","Potion Belt","Juzu Bracelet","Medical Kit","Flash of Steel","Blue Candle","Du-Vu Doll","Swift Potion","ColorlessPotion","Ancient Tea Set","Bottled Lightning","DistilledChaos","DollysMirror","hierophant:Racketeering","Dream Catcher","Darkstone Periapt","ClockworkSouvenir","hierophant:AuricForm","LiquidMemories","LiquidBronze","Bottled Flame","HandDrill","StoneCalendar","CeramicFish","Torii","hierophant:Exaltation","Orrery","Shuriken","Bird Faced Urn","EntropicBrew","Swift Potion"],"campfire_rested":0,"item_purchase_floors":[4,4,4,4,4,4,4,8,8,8,8,11,11,11,12,12,12,12,14,14,14,14,19,19,19,19,19,31,31,31,31,31,31,42,42,42,47,47,47,47,53,53,53,53],"current_hp_per_floor":[75,75,75,75,75,76,76,76,76,58,58,58,58,58,58,56,82,82,82,82,82,82,82,82,82,82,82,82,82,84,84,84,86,86,88,90,90,90,60,60,49,49,49,39,41,41,47,49,49,27,100,100,100,102,72],"gold":9500,"neow_bonus":"","is_daily":false,"chose_seed":false,"campfire_upgraded":8,"win_rate":0.0,"timestamp":1608871723,"path_taken":["M","?","?","?","M","E","?","$","T","E","?","$","R","$","R","BOSS","M","$","?","M","?","R","?","M","T","R","?","R","E","$","R","BOSS","M","M","?","?","?","?","?","$","T","?","M","R","$","E","R","BOSS","R","$","E","BOSS"],"items_purchased_type":["Potion","Relic","Relic","Relic","Card","Card","Card","Relic","Relic","Relic","Card","Relic","Relic","Potion","Relic","Relic","Relic","Card","Relic","Relic","Potion","Potion","Relic","Relic","Potion","Relic","Card","Relic","Relic","Relic","Card","Potion","Potion","Relic","Relic","Relic","Relic","Relic","Card","Relic","Relic","Relic","Potion","Potion"],"build_version":"2020-12-22","purchased_purges":2,"victory":true,"max_hp_per_floor":[75,75,75,75,75,82,82,82,82,82,82,82,82,82,82,82,82,82,82,82,82,82,82,82,82,82,82,82,82,84,84,84,86,86,88,90,90,90,90,90,90,90,90,90,92,92,98,100,100,100,100,100,100,102,102],"card_choices":[{"not_picked":["hierophant:Bribe","hierophant:Martyrdom"],"picked":"hierophant:Community","floor":1},{"not_picked":["hierophant:MorningPrayer","hierophant:DisplayOfPower"],"picked":"hierophant:PassingBell","floor":3},{"not_picked":["hierophant:HammerAndAnvil","hierophant:RustyCrate","hierophant:Generosity"],"picked":"SKIP","floor":5},{"not_picked":["hierophant:Remorse","hierophant:Invocation","hierophant:Dazzle"],"picked":"SKIP","floor":6},{"not_picked":["hierophant:Cornucopia","hierophant:SecretStash","hierophant:Alms"],"picked":"SKIP","floor":10},{"not_picked":["hierophant:RustyCrate","hierophant:Martyrdom+1","hierophant:Glossolalia"],"picked":"SKIP","floor":18},{"not_picked":["hierophant:RustyCrate","hierophant:Martyrdom+1","hierophant:Glossolalia"],"picked":"SKIP","floor":18},{"not_picked":["hierophant:Shelter","hierophant:OrnateBuckler","hierophant:ThreeLashes"],"picked":"SKIP","floor":21},{"not_picked":["hierophant:OrnateBuckler","hierophant:Purify"],"picked":"hierophant:SealAway","floor":25},{"not_picked":["hierophant:TollTheBells","hierophant:RustyCrate","hierophant:OrnateBuckler"],"picked":"Singing Bowl","floor":30},{"not_picked":["hierophant:LocustPlague","hierophant:Levitation","hierophant:Determination"],"picked":"Singing Bowl","floor":33},{"not_picked":["hierophant:RecallFunds+1","hierophant:Purify","hierophant:RepressedViolence"],"picked":"Singing Bowl","floor":35},{"not_picked":["hierophant:Patience","hierophant:SealAway","hierophant:Smite+1"],"picked":"Singing Bowl","floor":36},{"not_picked":["hierophant:ThreeLashes","hierophant:Remorse+1"],"picked":"hierophant:Encroach+1","floor":39},{"not_picked":["Blind","Jack Of All Trades"],"picked":"Master of Strategy","floor":44},{"not_picked":["Good Instincts","Bandage Up"],"picked":"Panacea","floor":44},{"not_picked":["Purity","Forethought"],"picked":"Madness","floor":44},{"not_picked":["hierophant:Patience+1","hierophant:CoinFling+1","hierophant:Refuge"],"picked":"Singing Bowl","floor":45},{"not_picked":["hierophant:RepressedViolence","hierophant:Anathema"],"picked":"hierophant:SealAway+1","floor":47},{"not_picked":["hierophant:ConvertCurrency+1","hierophant:Purify","hierophant:FieryStrike"],"picked":"Singing Bowl","floor":47},{"not_picked":["hierophant:Glossolalia","hierophant:Shelter","hierophant:Flagellation"],"picked":"Singing Bowl","floor":47},{"not_picked":["hierophant:CursedGold+1","hierophant:OrnateBuckler+1","hierophant:Exaltation+1"],"picked":"Singing Bowl","floor":47},{"not_picked":["hierophant:FlamingChariot","hierophant:PassingBell+1"],"picked":"hierophant:ArchangelShield","floor":47},{"not_picked":["hierophant:HammerAndAnvil+1","hierophant:PassingBell","hierophant:Martyrdom+1"],"picked":"Singing Bowl","floor":48},{"not_picked":["hierophant:Doubloon+1","hierophant:DeathKnell","hierophant:FlamingChariot+1"],"picked":"Singing Bowl","floor":54}],"player_experience":286104,"relics_obtained":[{"floor":6,"key":"Strawberry"},{"floor":7,"key":"Bag of Marbles"},{"floor":10,"key":"Regal Pillow"},{"floor":26,"key":"Singing Bowl"},{"floor":30,"key":"Bag of Preparation"},{"floor":39,"key":"FossilizedHelix"},{"floor":43,"key":"Mummified Hand"},{"floor":48,"key":"Nunchaku"},{"floor":48,"key":"Prayer Wheel"},{"floor":54,"key":"HollowMod:PaleOreRelic"},{"floor":54,"key":"Bottled Tornado"}],"event_choices":[{"cards_removed":["hierophant:Sermon"],"damage_healed":0,"gold_gain":0,"player_choice":"Purged","damage_taken":0,"max_hp_gain":0,"max_hp_loss":0,"event_name":"Purifier","floor":2,"gold_loss":0},{"damage_healed":0,"gold_gain":0,"player_choice":"Searched \u00271\u0027 times","damage_taken":0,"max_hp_gain":0,"max_hp_loss":0,"event_name":"Dead Adventurer","floor":7,"gold_loss":0},{"cards_removed":["hierophant:Racketeering"],"damage_healed":0,"gold_gain":0,"player_choice":"Upgrade and Remove","damage_taken":0,"max_hp_gain":0,"max_hp_loss":0,"event_name":"Designer","floor":20,"gold_loss":90,"cards_upgraded":["Flash of Steel"]},{"damage_healed":0,"gold_gain":0,"player_choice":"Ignored","damage_taken":0,"max_hp_gain":0,"max_hp_loss":0,"event_name":"Vampires","floor":22,"gold_loss":0},{"cards_removed":["hierophant:Smite"],"damage_healed":0,"gold_gain":0,"player_choice":"Elegance","damage_taken":0,"max_hp_gain":0,"max_hp_loss":0,"event_name":"Back to Basics","floor":24,"gold_loss":0},{"damage_healed":0,"gold_gain":0,"player_choice":"Obtained Relic","damage_taken":0,"relics_obtained":["War Paint"],"max_hp_gain":0,"max_hp_loss":0,"event_name":"Addict","floor":28,"gold_loss":85},{"cards_removed":["hierophant:Encroach"],"damage_healed":0,"gold_gain":0,"player_choice":"Removed Skill","damage_taken":0,"max_hp_gain":0,"max_hp_loss":0,"event_name":"Falling","floor":37,"gold_loss":0},{"damage_healed":0,"gold_gain":0,"player_choice":"1 cards matched","damage_taken":0,"max_hp_gain":0,"max_hp_loss":0,"event_name":"Match and Keep!","floor":38,"gold_loss":0,"cards_obtained":["hierophant:SealAway"]},{"damage_healed":0,"gold_gain":0,"player_choice":"Fight","damage_taken":0,"max_hp_gain":0,"max_hp_loss":0,"event_name":"Mysterious Sphere","floor":39,"gold_loss":0},{"damage_healed":0,"gold_gain":0,"player_choice":"Ignored","damage_taken":0,"max_hp_gain":0,"max_hp_loss":0,"event_name":"Tomb of Lord Red Mask","floor":40,"gold_loss":0},{"damage_healed":0,"gold_gain":0,"player_choice":"Embrace Madness","damage_taken":11,"max_hp_gain":0,"max_hp_loss":0,"event_name":"Winding Halls","floor":41,"gold_loss":0,"cards_obtained":["Madness","Madness"]},{"damage_healed":0,"gold_gain":0,"player_choice":"Memory 3","damage_taken":10,"max_hp_gain":0,"max_hp_loss":0,"event_name":"SensoryStone","floor":44,"gold_loss":0}],"is_beta":false,"boss_relics":[{"not_picked":["Tiny House","Runic Pyramid"],"picked":"Ectoplasm"},{"not_picked":["Astrolabe","Fusion Hammer"],"picked":"Black Star"}],"items_purged_floors":[8,53],"is_endless":false,"potions_floor_spawned":[1,6,10,18,25,35,36,39,45],"ascension_level":0}}