{"host":"pjgcdp3h1plnbocs","time":1608911011,"event":{"mods":["AchievementEnabler","BaseMod","Colored Map","Highlight Path","Minty Spire (QoL Compilation)"],"gold_per_floor":[109,109,109,128,53,91,91,125,125,138,138,151,190,205,205,336,336,355,255,255,130,151,151,151],"floor_reached":23,"playtime":657,"items_purged":["Strike_B","Strike_B","Defend_B"],"score":282,"play_id":"fa3f7ff1-d3fb-48cb-95f0-00f4debb4206","local_time":"20201225164331","is_ascension_mode":true,"campfire_choices":[{"floor":7,"key":"REST"},{"data":"Redo","floor":11,"key":"SMITH"},{"data":"White Noise","floor":15,"key":"SMITH"}],"circlet_count":0,"master_deck":["Defend_B","Defend_B+1","Defend_B","Zap","Dualcast+1","Loop+1","Redo+1","Echo Form","Loop","White Noise+1","Redo","Creative AI","Conserve Battery+1"],"relics":["Cracked Core","Golden Idol","InkBottle","Eternal Feather","Blood Vial","Torii","Empty Cage","MutagenicStrength"],"acts_visited":["Exordium","TheCity"],"potions_floor_usage":[13,13,14],"damage_taken":[{"damage":0,"enemies":"Jaw Worm","floor":1,"turns":4},{"damage":0,"enemies":"Small Slimes","floor":4,"turns":3},{"damage":27,"enemies":"3 Sentries","floor":6,"turns":6},{"damage":18,"enemies":"Lagavulin","floor":8,"turns":8},{"damage":2,"enemies":"2 Louse","floor":10,"turns":3},{"damage":5,"enemies":"Exordium Wildlife","floor":12,"turns":4},{"damage":9,"enemies":"Gremlin Nob","floor":13,"turns":3},{"damage":0,"enemies":"3 Louse","floor":14,"turns":1},{"damage":8,"enemies":"Hexaghost","floor":16,"turns":7},{"damage":20,"enemies":"Shell Parasite","floor":18,"turns":9},{"damage":23,"enemies":"3 Byrds","floor":22,"turns":5},{"damage":34,"enemies":"Slavers","floor":23,"turns":1}],"seed_played":"-4192737084486101297","potions_obtained":[{"floor":1,"key":"Energy Potion"},{"floor":6,"key":"Weak Potion"},{"floor":12,"key":"Explosive Potion"},{"floor":13,"key":"Dexterity Potion"},{"floor":18,"key":"Strength Potion"},{"floor":22,"key":"SteroidPotion"}],"is_trial":false,"path_per_floor":["M","?","?","M","$","E","R","E","T","M","R","M","E","M","R","B",null,"M","$","?","$","M","E"],"character_chosen":"DEFECT","items_purchased":[],"campfire_rested":1,"item_purchase_floors":[],"current_hp_per_floor":[68,50,35,35,35,8,30,12,12,12,18,15,8,10,19,13,60,42,42,42,42,21,0,0],"gold":151,"neow_bonus":"UPGRADE_CARD","is_daily":false,"chose_seed":false,"campfire_upgraded":2,"win_rate":0.0,"timestamp":1608911011,"path_taken":["M","?","?","M","$","E","R","E","T","M","R","M","E","M","R","BOSS","M","$","?","$","M","E"],"items_purchased_type":[],"build_version":"2020-12-22","purchased_purges":3,"victory":false,"max_hp_per_floor":[75,75,75,75,75,75,75,75,75,75,75,75,75,75,75,75,75,75,75,75,75,75,75,75],"card_choices":[{"not_picked":["Steam","Skim"],"picked":"Loop","floor":1},{"not_picked":["Sweeping Beam","Static Discharge"],"picked":"Redo","floor":4},{"not_picked":["Melter","Hologram"],"picked":"Echo Form","floor":6},{"not_picked":["Steam Power","Compile Driver","Barrage"],"picked":"SKIP","floor":8},{"not_picked":["Ball Lightning","Self Repair"],"picked":"Loop","floor":10},{"not_picked":["Ball Lightning","Undo","Turbo"],"picked":"SKIP","floor":12},{"not_picked":["Chill","Hyperbeam"],"picked":"White Noise","floor":13},{"not_picked":["Streamline","Darkness"],"picked":"Redo","floor":14},{"not_picked":["Core Surge","Multi-Cast"],"picked":"Creative AI","floor":16},{"not_picked":["Gash","Barrage"],"picked":"Conserve Battery+1","floor":18},{"not_picked":["Auto Shields+1","Force Field+1","Sunder+1"],"picked":"SKIP","floor":22}],"player_experience":147177,"relics_obtained":[{"floor":6,"key":"InkBottle"},{"floor":8,"key":"Eternal Feather"},{"floor":9,"key":"Blood Vial"},{"floor":13,"key":"Torii"}],"event_choices":[{"damage_healed":0,"gold_gain":0,"player_choice":"Take Damage","damage_taken":18,"relics_obtained":["Golden Idol"],"max_hp_gain":0,"max_hp_loss":0,"event_name":"Golden Idol","floor":2,"gold_loss":0},{"damage_healed":0,"gold_gain":0,"player_choice":"Entered Light","damage_taken":15,"max_hp_gain":0,"max_hp_loss":0,"event_name":"Shining Light","floor":3,"gold_loss":0,"cards_upgraded":["Defend_B","Loop"]},{"damage_healed":0,"gold_gain":0,"player_choice":"Inject Mutagens","damage_taken":0,"relics_obtained":["MutagenicStrength"],"max_hp_gain":0,"max_hp_loss":0,"event_name":"Drug Dealer","floor":20,"gold_loss":0}],"is_beta":false,"boss_relics":[{"not_picked":["Runic Dome","Philosopher\u0027s Stone"],"picked":"Empty Cage"}],"items_purged_floors":[5,19,21],"is_endless":false,"potions_floor_spawned":[1,6,12,13,18,22],"killed_by":"Slavers","ascension_level":7}}