{"host":"0fm1w3v00gid44jl","time":1608938879,"event":{"mods":["AchievementEnabler","BaseMod","Colored Map","Colored Powertips","Displayed Cursed Tome","Downfall","Googly Eyes","Highlight Path","Minty Spire (QoL Compilation)","Permanent Neow","Relic Stats","StSLib","SuperFastMode","slay the spire mod where everything is the same but ironclad has a cowboy hat"],"gold_per_floor":[99,115,127,127,144,174,228,228,258,19,48,48,48,68,78,188,215,215,237,263,263,281,324,324,324,334,334,334,334],"floor_reached":27,"playtime":1107,"items_purged":[],"score":333,"play_id":"63c44b80-b199-4d55-94da-052bd7240fc9","local_time":"20201225172759","is_ascension_mode":true,"campfire_choices":[{"data":"champ:Taunt","floor":1,"key":"SMITH"},{"floor":12,"key":"DIG"},{"data":"champ:EnchantCrown","floor":18,"key":"SMITH"},{"floor":25,"key":"DIG"}],"circlet_count":0,"master_deck":["champ:Strike","champ:Defend","champ:Defend","champ:Defend","champ:Defend","champ:Execute","champ:Taunt+1","champ:VampiricStrike","champ:AdrenalArmor","champ:AdrenalArmor","champ:GutPunch","champ:FanOfKnives","Parasite","champ:ArenaPreparation","champ:Control","champ:Aggression","champ:EnchantCrown+1","champ:FightOn","champ:DancingMaster+1","champ:FlashCut+1","champ:Duel","champ:GutPunch+1","champ:RecklessLeap"],"relics":["champ:ChampionCrown","Akabeko","Shovel","Tiny Chest","Boot","HandDrill","champ:DefensiveTrainingManual","Happy Flower","CeramicFish","Nloth\u0027s Gift","Gremlin Horn","Potion Belt","MealTicket"],"acts_visited":["Exordium","TheCity"],"potions_floor_usage":[16,23,27],"damage_taken":[{"damage":8,"enemies":"Jaw Worm","floor":2,"turns":4},{"damage":21,"enemies":"Small Slimes","floor":3,"turns":4},{"damage":8,"enemies":"2 Louse","floor":5,"turns":2},{"damage":34,"enemies":"Gremlin Nob","floor":6,"turns":5},{"damage":29,"enemies":"3 Sentries","floor":9,"turns":7},{"damage":20,"enemies":"downfall:FleeingMerchant","floor":10,"turns":4},{"damage":36,"enemies":"Lagavulin","floor":11,"turns":5},{"damage":13,"enemies":"Gremlin Gang","floor":14,"turns":3},{"damage":24,"enemies":"3 Louse","floor":15,"turns":4},{"damage":30,"enemies":"downfall:Watcher","floor":16,"turns":3},{"damage":34,"enemies":"Shell Parasite","floor":19,"turns":4},{"damage":42,"enemies":"Spheric Guardian","floor":20,"turns":4},{"damage":43,"enemies":"Snake Plant","floor":22,"turns":4},{"damage":70,"enemies":"Slavers","floor":23,"turns":6},{"damage":59,"enemies":"Shelled Parasite and Fungi","floor":26,"turns":4},{"damage":63,"enemies":"Gremlin Leader","floor":27,"turns":2}],"seed_played":"-5513567243340667743","potions_obtained":[{"floor":6,"key":"BlessingOfTheForge"},{"floor":14,"key":"Energy Potion"},{"floor":15,"key":"ColorlessPotion"},{"floor":16,"key":"SmokeBomb"},{"floor":19,"key":"Regen Potion"}],"is_trial":false,"path_per_floor":["R","M","M","?","M","E","T","?","E","$","E","R","T","M","M","B",null,"R","M","M","?","M","E","T","R","M","E"],"character_chosen":"THE_CHAMP","items_purchased":["champ:Control","HandDrill"],"campfire_rested":0,"item_purchase_floors":[10,10],"current_hp_per_floor":[90,89,90,87,87,70,70,90,89,90,81,81,81,76,79,90,90,90,83,69,69,64,68,68,68,57,0,0,0],"gold":334,"neow_bonus":"ONE_RANDOM_RARE_CARD","is_daily":false,"chose_seed":false,"campfire_upgraded":2,"win_rate":0.0,"timestamp":1608938879,"path_taken":["R","M","M","?","M","E","T","?","E","$","E","R","?","M","M","BOSS","R","M","M","?","M","E","T","R","M","E"],"items_purchased_type":["Card","Relic"],"build_version":"2020-12-22","purchased_purges":0,"victory":false,"max_hp_per_floor":[90,90,90,90,90,90,90,90,90,90,90,90,90,90,90,90,90,90,90,90,90,90,90,90,90,90,90,90,90],"relic_stats":{"Shovel":2,"Happy Flower":[11],"Gremlin Horn":[1,1],"counters":[16,65],"CeramicFish":72,"Tiny Chest":0,"MealTicket":0,"HandDrill":[30],"Nloth\u0027s Gift":0,"Boot":[16],"obtain_stats":[{"Potion Belt":24,"Happy Flower":12,"Gremlin Horn":23,"CeramicFish":13,"Astrolabe":17,"champ:ChampionCrown":0,"Boot":9,"Akabeko":4,"Shovel":6,"champ:DefensiveTrainingManual":11,"Tiny Chest":7,"MealTicket":25,"HandDrill":10,"Nloth\u0027s Gift":21},{"Potion Belt":14,"Happy Flower":7,"Gremlin Horn":14,"CeramicFish":7,"Astrolabe":10,"champ:ChampionCrown":0,"Boot":5,"Akabeko":2,"Shovel":4,"champ:DefensiveTrainingManual":7,"Tiny Chest":4,"MealTicket":14,"HandDrill":6,"Nloth\u0027s Gift":12},{"Potion Belt":59,"Happy Flower":31,"Gremlin Horn":59,"CeramicFish":31,"Astrolabe":41,"champ:ChampionCrown":0,"Boot":22,"Akabeko":8,"Shovel":15,"champ:DefensiveTrainingManual":31,"Tiny Chest":15,"MealTicket":59,"HandDrill":26,"Nloth\u0027s Gift":49}]},"card_choices":[{"not_picked":["champ:StanceDance","champ:PerfectedStrike"],"picked":"champ:AdrenalArmor","floor":2},{"not_picked":["champ:DefensiveShout","champ:FlashCut"],"picked":"champ:AdrenalArmor","floor":3},{"not_picked":["champ:Duel","champ:GladiatorsShout"],"picked":"champ:GutPunch","floor":5},{"not_picked":["champ:TornadoPunch","champ:Aggression"],"picked":"champ:FanOfKnives","floor":6},{"not_picked":["champ:FanOfKnives","champ:TornadoPunch","champ:EndlessRage"],"picked":"SKIP","floor":9},{"not_picked":["champ:FaceSlap","champ:FanOfKnives"],"picked":"champ:ArenaPreparation","floor":10},{"not_picked":["champ:HeavySlash","champ:TornadoPunch","champ:PerfectedStrike"],"picked":"SKIP","floor":11},{"not_picked":["champ:DefensiveShout","champ:BerserkersShout"],"picked":"champ:Aggression","floor":14},{"not_picked":["champ:Shatter","champ:FlashCut","champ:DefensiveShout"],"picked":"SKIP","floor":15},{"not_picked":["champ:ShieldSlam","champ:SwordThrow"],"picked":"champ:EnchantCrown","floor":16},{"not_picked":["champ:Circumvent","champ:SkillfulDodge+1"],"picked":"champ:Duel","floor":19},{"not_picked":["champ:GladiatorsShout","champ:CrookedStrike"],"picked":"champ:GutPunch+1","floor":20},{"not_picked":["champ:TornadoPunch","champ:Circumvent","champ:BladeFlurry+1"],"picked":"SKIP","floor":22},{"not_picked":["champ:ViciousMockery","champ:RageSigil"],"picked":"champ:RecklessLeap","floor":23},{"not_picked":["champ:Aggression+1","champ:Duel","champ:BladeFlurry"],"picked":"SKIP","floor":26}],"player_experience":1454293,"relics_obtained":[{"floor":6,"key":"Shovel"},{"floor":7,"key":"Tiny Chest"},{"floor":9,"key":"Boot"},{"floor":11,"key":"champ:DefensiveTrainingManual"},{"floor":12,"key":"Happy Flower"},{"floor":13,"key":"CeramicFish"},{"floor":23,"key":"Gremlin Horn"},{"floor":24,"key":"Potion Belt"},{"floor":25,"key":"MealTicket"}],"event_choices":[{"damage_healed":0,"gold_gain":0,"player_choice":"Success","damage_taken":3,"relics_obtained":["Akabeko"],"max_hp_gain":0,"max_hp_loss":0,"event_name":"Scrap Ooze","floor":4,"gold_loss":0},{"damage_healed":22,"gold_gain":0,"player_choice":"Healed and dodged fight","damage_taken":0,"max_hp_gain":0,"max_hp_loss":0,"event_name":"Mushrooms","floor":8,"gold_loss":0,"cards_obtained":["Parasite"]}],"is_beta":false,"boss_relics":[{"not_picked":["Runic Pyramid","Sozu"],"picked":"Astrolabe"}],"items_purged_floors":[],"is_endless":false,"potions_floor_spawned":[6,14,15,16,19,20,22],"killed_by":"Gremlin Leader","ascension_level":2}}