{"host":"81h68oe4mr04pk3r","time":1608885349,"event":{"mods":["Act Like it!","Aspiration","BaseMod","BetterRewards","Colored Map","Colored Powertips","Conspire","Downfall","Hermit","Hubris","Infinite Spire","Jorbs\u0027s Wanderer Trilogy","Koishi","Lobotomy","LobotomyExtend","Marisa????????","Minty Spire (QoL Compilation)","Quick Restart","Reimu??????","Remilia??????","Replay The Spire","StSLib","The Bug Knight","The Construct","The Cursed","The Disciple","The Servant 0.9.4"],"gold_per_floor":[109,125,137,39,39,39,39,39,39,67,67,85,5,25,25,121,121,141,156,156,156],"floor_reached":20,"playtime":798,"items_purged":[],"score":174,"play_id":"1f76bd12-8701-4db2-9179-00280bf3a97e","local_time":"20201225003549","is_ascension_mode":false,"campfire_choices":[{"data":"DoubleSpark","floor":6,"key":"SMITH"},{"data":"DoubleSpark","floor":8,"key":"SMITH"},{"floor":15,"key":"REST"}],"circlet_count":0,"master_deck":["Strike_MRS","Strike_MRS","Strike_MRS","Strike_MRS","Defend_MRS","Defend_MRS","Defend_MRS","Defend_MRS","MasterSpark","UpSweep+1","DoubleSpark+1","PowerUp","6A","DoubleSpark+1","AsteroidBelt","MilkyWay","PulseMagic","StarBarrage","DC","MilkyWay","StarBarrage"],"relics":["MiniHakkero","hubris:DeckOfHolding","hubris:BottledRain","Replay:Grab Bag","conspire:SlowCooker","Fusion Hammer","Runic Pyramid","hubris:Backtick","Frozen Eye"],"acts_visited":["Exordium","TheCity"],"potions_floor_usage":[16,16,16],"damage_taken":[{"damage":1,"enemies":"Cultist","floor":1,"turns":3},{"damage":0,"enemies":"Small Slimes","floor":2,"turns":2},{"damage":7,"enemies":"2 Louse","floor":3,"turns":3},{"damage":31,"enemies":"Gremlin Nob","floor":10,"turns":4},{"damage":2,"enemies":"Looter","floor":12,"turns":3},{"damage":2,"enemies":"Blue Slaver","floor":14,"turns":2},{"damage":21,"enemies":"Hexaghost","floor":16,"turns":8},{"damage":15,"enemies":"Spheric Guardian","floor":18,"turns":5},{"damage":10,"enemies":"Chosen","floor":19,"turns":3},{"damage":4,"enemies":"Snecko","floor":20,"turns":5}],"seed_played":"-7941518190307064606","potions_obtained":[{"floor":3,"key":"SteroidPotion"},{"floor":10,"key":"Dexterity Potion"},{"floor":12,"key":"FearPotion"},{"floor":18,"key":"BlessingOfTheForge"}],"is_trial":false,"path_per_floor":["M","M","M","$","?","R","?","R","T","E","?","M","$","M","R","B",null,"M","M","M"],"character_chosen":"MARISA","items_purchased":["DoubleSpark","AsteroidBelt","StarBarrage"],"campfire_rested":1,"item_purchase_floors":[4,4,13],"current_hp_per_floor":[74,74,67,67,75,75,75,75,75,44,44,42,42,40,62,41,75,60,50,46,46],"gold":156,"neow_bonus":"UPGRADE_CARD","is_daily":false,"chose_seed":false,"campfire_upgraded":2,"win_rate":0.0,"timestamp":1608885349,"path_taken":["M","M","?","$","?","R","?","R","T","E","?","?","$","M","R","BOSS","M","M","M"],"items_purchased_type":["Card","Card","Card"],"build_version":"2020-12-22","purchased_purges":0,"victory":false,"max_hp_per_floor":[75,75,75,75,75,75,75,75,75,75,75,75,75,75,75,75,75,75,75,75,75],"card_choices":[{"not_picked":["LuminesStrike","6A"],"picked":"DoubleSpark","floor":1},{"not_picked":["TreasureHunter","Acceleration"],"picked":"PowerUp","floor":2},{"not_picked":["ShootTheMoon","ManaConvection"],"picked":"6A","floor":3},{"not_picked":["GasGiant","ShootingEcho"],"picked":"MilkyWay","floor":10},{"not_picked":["Robbery","FairyDestructionRay"],"picked":"PulseMagic","floor":12},{"not_picked":["StarlightTyphoon","MagicAbsorber"],"picked":"DC","floor":14},{"not_picked":["WitchLeyline","GrandCross+1"],"picked":"MilkyWay","floor":18},{"not_picked":["Robbery","StarlightTyphoon"],"picked":"StarBarrage","floor":19}],"player_experience":184109,"relics_obtained":[{"floor":9,"key":"hubris:DeckOfHolding"},{"floor":10,"key":"hubris:BottledRain"}],"event_choices":[{"damage_healed":0,"gold_gain":0,"player_choice":"Fled","damage_taken":0,"max_hp_gain":0,"max_hp_loss":0,"event_name":"Scrap Ooze","floor":11,"gold_loss":0}],"is_beta":false,"boss_relics":[{"not_picked":["hubris:GrandSneckoEye","infinitespire:Cupcake"],"picked":"Replay:Grab Bag"},{"not_picked":["ReplayTheSpireMod:Onyx Gauntlets","Busted Crown"],"picked":"conspire:SlowCooker"},{"not_picked":["hubris:CrackedHourglass","Coffee Dripper"],"picked":"Fusion Hammer"},{"not_picked":["hubris:BlackHole","ReplayTheSpireMod:SealedPack"],"picked":"Runic Pyramid"},{"not_picked":["SacredBark","Empty Cage"],"picked":"hubris:Backtick"}],"items_purged_floors":[],"is_endless":false,"potions_floor_spawned":[3,10,12,14,18],"killed_by":"Snecko","ascension_level":0}}