{"host":"dntw6kil9p09eemm","time":1608874715,"event":{"mods":["Alarm Clock","Aspiration","BaseMod","Colored Powertips","Downfall","Hermit","Hubris","Minty Spire (QoL Compilation)","Permanent Neow","Shop Mod","Spicy Shops","StSLib"],"gold_per_floor":[111,126,141,159,174,174,192,223,223,223,223,243,253,24,24,125,125,135,148,148,73,85,114,130,149,176,176,176,196,196,196,196],"floor_reached":30,"playtime":1890,"items_purged":[],"score":283,"play_id":"29fb6c61-38c1-4be8-8006-d779f21fd035","local_time":"20201225143835","is_ascension_mode":false,"campfire_choices":[{"data":"Guardian:TwinSlam","floor":6.0,"key":"SMITH"},{"floor":15,"key":"REST"}],"circlet_count":0,"master_deck":["Guardian:Strike_Guardian","Guardian:Strike_Guardian","Guardian:Defend_Guardian","Guardian:CurlUp","Guardian:TwinSlam+1","Guardian:Gem_Lightblue","Guardian:EvasiveProtocol","Guardian:Gem_Blue","Guardian:Recover","Guardian:TimeBomb","Guardian:TimeBomb","Guardian:Gem_Purple","Guardian:RevengeProtocol","Guardian:Gem_Lightblue","Guardian:RevengeProtocol","Guardian:VentSteam","Guardian:Harden","Guardian:GuardianWhirl","Guardian:Harden","Guardian:ShieldSpikes+1","Guardian:Incinerate","Decay","Guardian:PiercingHide+1"],"relics":["Guardian:ModeShifter","Mummified Hand","hubris:MysteriousPyramids","Membership Card","Guardian:BottledStasis","Empty Cage","Nilry\u0027s Codex","MerchantsRug","hubris:SphereOfDissonance","hubris:ToyBattleship"],"acts_visited":["Exordium","TheCity"],"potions_floor_usage":[16,16,30],"damage_taken":[{"damage":0.0,"enemies":"2 Louse","floor":1.0,"turns":2.0},{"damage":6.0,"enemies":"Jaw Worm","floor":2.0,"turns":4.0},{"damage":3.0,"enemies":"Small Slimes","floor":3.0,"turns":4.0},{"damage":2.0,"enemies":"Red Slaver","floor":4.0,"turns":4.0},{"damage":0.0,"enemies":"Looter","floor":5.0,"turns":4.0},{"damage":19.0,"enemies":"Exordium Thugs","floor":7.0,"turns":5.0},{"damage":28.0,"enemies":"Gremlin Nob","floor":8.0,"turns":5.0},{"damage":0.0,"enemies":"Large Slime","floor":12.0,"turns":5.0},{"damage":7.0,"enemies":"Lots of Slimes","floor":13.0,"turns":4.0},{"damage":1,"enemies":"Hexaghost","floor":16,"turns":9},{"damage":4,"enemies":"Chosen","floor":18,"turns":5},{"damage":3,"enemies":"Shell Parasite","floor":19,"turns":4},{"damage":11,"enemies":"Centurion and Healer","floor":22,"turns":4},{"damage":10,"enemies":"Book of Stabbing","floor":23,"turns":5},{"damage":10,"enemies":"Snecko","floor":24,"turns":4},{"damage":12,"enemies":"Shelled Parasite and Fungi","floor":25,"turns":4},{"damage":8,"enemies":"Centurion and Healer","floor":29,"turns":5},{"damage":19,"enemies":"Chosen and Byrds","floor":30,"turns":6}],"seed_played":"6014615362372211340","potions_obtained":[{"floor":5.0,"key":"SteroidPotion"},{"floor":8.0,"key":"sneckomod:MuddlingPotion"},{"floor":12.0,"key":"AttackPotion"},{"floor":16,"key":"Fruit Juice"},{"floor":19,"key":"EssenceOfSteel"},{"floor":23,"key":"Weak Potion"}],"is_trial":false,"path_per_floor":["M","M","M","M","M","R","M","E","T","?","?","M","M","$","R","B",null,"M","M","?","$","M","E","M","M","T","?","?","M","M"],"character_chosen":"GUARDIAN","items_purchased":["Membership Card","Guardian:BottledStasis","MerchantsRug","Guardian:Harden","Guardian:GuardianWhirl"],"campfire_rested":1,"item_purchase_floors":[14,14,21,21,21],"current_hp_per_floor":[80,74,71,69,69,69,50,22,22,22,15,15,8,8,32,36,85,81,78,62,62,51,41,31,19,19,19,22,14,0,0,0],"gold":196,"neow_bonus":"REMOVE_CARD","is_daily":false,"chose_seed":false,"campfire_upgraded":1,"win_rate":0.0,"timestamp":1608874715,"path_taken":["M","M","M","M","M","R","M","E","T","?","?","M","M","$","R","BOSS","M","M","?","$","M","E","M","M","T","?","?","M","M"],"items_purchased_type":["Relic","Relic","Relic","Card","Card"],"build_version":"2020-12-22","purchased_purges":0,"victory":false,"max_hp_per_floor":[80,80,80,80,80,80,80,80,80,80,80,80,80,80,80,85,85,85,85,85,85,85,85,85,85,85,85,88,88,88,88,88],"card_choices":[{"not_picked":["Guardian:VentSteam","Guardian:EvasiveProtocol"],"picked":"Guardian:Gem_Lightblue","floor":1.0},{"not_picked":["Guardian:PrismaticBeam","Guardian:Repulse"],"picked":"Guardian:EvasiveProtocol","floor":2.0},{"not_picked":["Guardian:WalkerClaw","Guardian:EvasiveProtocol"],"picked":"Guardian:Gem_Blue","floor":3.0},{"not_picked":["Guardian:WalkerClaw","Guardian:Orbwalk"],"picked":"Guardian:Recover","floor":4.0},{"not_picked":["Guardian:Reroute","Guardian:Gem_Cyan","Guardian:Suspension"],"picked":"SKIP","floor":5.0},{"not_picked":["Guardian:Gem_Red","Guardian:Planning"],"picked":"Guardian:TimeBomb","floor":7.0},{"not_picked":["Guardian:PrimingBeam","Guardian:RollAttack"],"picked":"Guardian:TimeBomb","floor":8.0},{"not_picked":["Guardian:Gem_White","Guardian:Orbwalk"],"picked":"Guardian:RevengeProtocol","floor":12.0},{"not_picked":["Guardian:PrimingBeam","Guardian:PolyBeam"],"picked":"Guardian:Gem_Lightblue","floor":13.0},{"not_picked":["Guardian:CompilePackage","Guardian:TimeSifter"],"picked":"Guardian:RevengeProtocol","floor":16},{"not_picked":["Guardian:Gem_White","Guardian:PrismaticBarrier"],"picked":"Guardian:VentSteam","floor":18},{"not_picked":["Guardian:PrimingBeam","Guardian:Suspension+1","Guardian:EvasiveProtocol"],"picked":"SKIP","floor":19},{"not_picked":["Guardian:ChargeUp","Guardian:Gem_Purple","Guardian:RefractedBeam+1"],"picked":"SKIP","floor":22},{"not_picked":["Guardian:ChargeCore","Guardian:Gem_Yellow"],"picked":"Guardian:Harden","floor":23},{"not_picked":["Guardian:VentSteam","Guardian:RollAttack"],"picked":"Guardian:ShieldSpikes+1","floor":24},{"not_picked":["Guardian:Planning","Guardian:Gem_Cyan"],"picked":"Guardian:Incinerate","floor":25},{"not_picked":["Guardian:PrimingBeam+1","Guardian:GatlingBeam"],"picked":"Guardian:PiercingHide+1","floor":29}],"player_experience":441327,"relics_obtained":[{"floor":8.0,"key":"Mummified Hand"},{"floor":9.0,"key":"hubris:MysteriousPyramids"},{"floor":20,"key":"Nilry\u0027s Codex"},{"floor":23,"key":"hubris:SphereOfDissonance"},{"floor":26,"key":"hubris:ToyBattleship"}],"event_choices":[{"cards_removed":["Guardian:Strike_Guardian"],"damage_healed":0.0,"max_hp_gain":0.0,"max_hp_loss":0.0,"gold_gain":0.0,"event_name":"Golden Wing","player_choice":"Card Removal","floor":11.0,"gold_loss":0.0,"damage_taken":7.0},{"damage_healed":0,"gold_gain":0,"player_choice":"Obtained Book","damage_taken":16,"max_hp_gain":0,"max_hp_loss":0,"event_name":"Cursed Tome","floor":20,"gold_loss":0},{"damage_healed":0,"gold_gain":0,"player_choice":"Smashed Altar","damage_taken":0,"max_hp_gain":0,"max_hp_loss":0,"event_name":"Forgotten Altar","floor":27,"gold_loss":0,"cards_obtained":["Decay"]}],"is_beta":false,"boss_relics":[{"not_picked":["Sozu","aspiration:RunicSpoon"],"picked":"Empty Cage"}],"items_purged_floors":[],"is_endless":false,"potions_floor_spawned":[5,8,12,16,19,23],"killed_by":"Chosen and Byrds","ascension_level":0}}