{"host":"utqe55yv0jihe4d6","time":1608918066,"event":{"mods":["2.2 Compatiblity","AchievementEnabler","BaseMod","Block Reminder","Colored Map","Colored Powertips","Minty Spire (QoL Compilation)","Quick Restart","Rare Cards Sparkle","Relic Stats","SuperFastMode"],"gold_per_floor":[110,110,110,125,136,136,168,178,178,178,178],"floor_reached":10,"playtime":209,"items_purged":[],"score":136,"play_id":"17fd501f-080f-4426-8dd8-779d3c5a28ce","local_time":"20201225124106","is_ascension_mode":true,"campfire_choices":[{"data":"SashWhip","floor":6.0,"key":"SMITH"}],"circlet_count":0,"master_deck":["AscendersBane","Strike_P","Strike_P","Strike_P","Strike_P","Defend_P+1","Defend_P","Defend_P+1","Defend_P","Eruption","Vigilance","TalkToTheHand+1","WheelKick","SashWhip+1","Halt","Conclude"],"relics":["Sozu","Ornamental Fan"],"acts_visited":["Exordium"],"potions_floor_usage":[],"damage_taken":[{"damage":0.0,"enemies":"Jaw Worm","floor":1.0,"turns":2.0},{"damage":1.0,"enemies":"Small Slimes","floor":4.0,"turns":3.0},{"damage":0.0,"enemies":"2 Louse","floor":5.0,"turns":3.0},{"damage":29.0,"enemies":"Gremlin Nob","floor":7.0,"turns":5.0},{"damage":0,"enemies":"Large Slime","floor":8,"turns":4},{"damage":12,"enemies":"3 Sentries","floor":10,"turns":2}],"seed_played":"5168719519183939654","potions_obtained":[],"is_trial":false,"path_per_floor":["M","?","?","M","M","R","E","M","T","E"],"character_chosen":"WATCHER","items_purchased":[],"campfire_rested":0,"item_purchase_floors":[],"current_hp_per_floor":[61,41,41,40,40,40,11,11,11,0,0],"gold":178,"neow_bonus":"BOSS_RELIC","is_daily":false,"chose_seed":false,"campfire_upgraded":1,"win_rate":0.0,"timestamp":1608918066,"path_taken":["M","?","?","M","M","R","E","M","T","E"],"items_purchased_type":[],"build_version":"2020-12-22","purchased_purges":0,"victory":false,"max_hp_per_floor":[68,68,68,68,68,68,68,68,68,68,68],"relic_stats":{"Sozu":1,"counters":[6,19],"Ornamental Fan":[0],"obtain_stats":[{"Sozu":0,"Ornamental Fan":7,"PureWater":0},{"Sozu":0,"Ornamental Fan":4,"PureWater":0},{"Sozu":0,"Ornamental Fan":13,"PureWater":0}]},"card_choices":[{"not_picked":["Sanctity","FlyingSleeves"],"picked":"TalkToTheHand","floor":1.0},{"not_picked":["Protect","SignatureMove"],"picked":"WheelKick","floor":4.0},{"not_picked":["Swivel","DeceiveReality"],"picked":"SashWhip","floor":5.0},{"not_picked":["BowlingBash","EmptyFist"],"picked":"Halt","floor":7.0},{"not_picked":["Adaptation","FollowUp"],"picked":"Conclude","floor":8}],"player_experience":2862322,"relics_obtained":[{"floor":7.0,"key":"Ornamental Fan"}],"event_choices":[{"damage_healed":0.0,"max_hp_gain":0.0,"max_hp_loss":0.0,"gold_gain":0.0,"event_name":"Shining Light","player_choice":"Entered Light","floor":2.0,"gold_loss":0.0,"damage_taken":20.0,"cards_upgraded":["Defend_P","Defend_P"]},{"damage_healed":0.0,"max_hp_gain":0.0,"max_hp_loss":0.0,"gold_gain":0.0,"event_name":"Living Wall","player_choice":"Grow","floor":3.0,"gold_loss":0.0,"damage_taken":0.0,"cards_upgraded":["TalkToTheHand"]}],"is_beta":false,"boss_relics":[],"items_purged_floors":[],"is_endless":false,"potions_floor_spawned":[1],"killed_by":"3 Sentries","ascension_level":20}}