{"host":"nmjik3bzoelmmajy","time":1608873703,"event":{"mods":["BaseMod","Better Third Choice","Colored Map","DeckTracker","Minty Spire (QoL Compilation)","Quick Restart","Say the Spire","StSLib","SuperFastMode"],"gold_per_floor":[112,187,187,199,47,47,61,61,85,85,113,128,142,174,174,174,174],"floor_reached":16,"playtime":493,"items_purged":["Grand Finale"],"score":198,"play_id":"afad214f-04ad-458b-93a9-f18ae5af8019","local_time":"20201225142143","is_ascension_mode":true,"campfire_choices":[{"data":"Poisoned Stab","floor":6.0,"key":"SMITH"},{"data":"Blur","floor":10.0,"key":"SMITH"},{"data":"Dagger Spray","floor":15.0,"key":"SMITH"}],"circlet_count":0,"master_deck":["AscendersBane","Strike_G","Strike_G","Strike_G","Strike_G","Defend_G","Defend_G","Defend_G","Defend_G","Defend_G","Survivor","Neutralize","Poisoned Stab+1","Blur+1","PiercingWail","Dagger Spray+1","Blade Dance","Sucker Punch","All Out Attack"],"relics":["Ring of the Snake","NeowsBlessing","Happy Flower","Ancient Tea Set","Smiling Mask"],"acts_visited":["Exordium"],"potions_floor_usage":[16],"damage_taken":[{"damage":0.0,"enemies":"Jaw Worm","floor":1.0,"turns":1.0},{"damage":0.0,"enemies":"2 Louse","floor":4.0,"turns":1.0},{"damage":0.0,"enemies":"Cultist","floor":7.0,"turns":1.0},{"damage":16.0,"enemies":"3 Sentries","floor":11.0,"turns":14.0},{"damage":9.0,"enemies":"Large Slime","floor":12.0,"turns":9.0},{"damage":4.0,"enemies":"Red Slaver","floor":13.0,"turns":6.0},{"damage":7.0,"enemies":"Gremlin Nob","floor":14.0,"turns":3.0},{"damage":27,"enemies":"Slime Boss","floor":16,"turns":10}],"seed_played":"6452895002165106082","potions_obtained":[{"floor":1.0,"key":"Dexterity Potion"},{"floor":8.0,"key":"FearPotion"},{"floor":12.0,"key":"Regen Potion"},{"floor":13.0,"key":"SpeedPotion"}],"is_trial":false,"path_per_floor":["M","?","?","M","$","R","M","?","T","R","E","M","M","E","R","B"],"character_chosen":"THE_SILENT","items_purchased":["Blur"],"campfire_rested":0,"item_purchase_floors":[5],"current_hp_per_floor":[59,48,48,48,48,48,48,48,48,48,32,23,34,27,27,0,0],"gold":174,"neow_bonus":"THREE_ENEMY_KILL","is_daily":false,"chose_seed":false,"campfire_upgraded":3,"win_rate":0.0,"timestamp":1608873703,"path_taken":["M","?","?","?","$","R","M","?","T","R","E","M","M","E","R","BOSS"],"items_purchased_type":["Card"],"build_version":"2020-12-22","purchased_purges":1,"victory":false,"max_hp_per_floor":[66,66,66,66,66,66,66,66,66,66,66,66,66,66,66,66,66],"card_choices":[{"not_picked":["Catalyst","Bane"],"picked":"Poisoned Stab","floor":1.0},{"not_picked":["Deadly Poison","Dodge and Roll","Underhanded Strike"],"picked":"SKIP","floor":4.0},{"not_picked":["Flying Knee","Slice"],"picked":"PiercingWail","floor":7.0},{"not_picked":["Choke","Escape Plan"],"picked":"Dagger Spray","floor":11.0},{"not_picked":["Dagger Throw","Heel Hook"],"picked":"Blade Dance","floor":12.0},{"not_picked":["Wraith Form v2","Prepared"],"picked":"Sucker Punch","floor":13.0},{"not_picked":["Concentrate","Storm of Steel"],"picked":"All Out Attack","floor":14.0}],"player_experience":823420,"relics_obtained":[{"floor":9.0,"key":"Happy Flower"},{"floor":11.0,"key":"Ancient Tea Set"},{"floor":14.0,"key":"Smiling Mask"}],"event_choices":[{"damage_healed":0.0,"max_hp_gain":0.0,"max_hp_loss":0.0,"gold_gain":75.0,"event_name":"betterThird:BetterGoop","player_choice":"Gold","floor":2.0,"gold_loss":0.0,"damage_taken":11.0},{"damage_healed":0.0,"max_hp_gain":0.0,"max_hp_loss":0.0,"gold_gain":0.0,"cards_transformed":["Strike_G"],"event_name":"Transmorgrifier","player_choice":"Transformed","floor":3.0,"gold_loss":0.0,"damage_taken":0.0,"cards_obtained":["Grand Finale"]},{"damage_healed":0.0,"max_hp_gain":0.0,"max_hp_loss":0.0,"gold_gain":0.0,"event_name":"Lab","player_choice":"Got Potions","floor":8.0,"gold_loss":0.0,"damage_taken":0.0}],"is_beta":false,"boss_relics":[],"items_purged_floors":[5],"is_endless":false,"potions_floor_spawned":[1,12,13],"killed_by":"Slime Boss","ascension_level":16}}