{"host":"lqtll83nun4jn4k7","time":1608861095,"event":{"mods":["BaseMod","Challenge The Spire","Colored Map","Colored Powertips","Highlight Path","KinomotoSakuraMod(木之本樱)","Minty Spire (QoL Compilation)","Prisma Mod","Quick Restart","StSLib","SuperFastMode","The Bug Knight","Waifu the Spire","【东方二次创作】八云紫mod"],"gold_per_floor":[136,136,136,149,166,166,195,214,239,252,72,72,92,120,120,222,222,237,257,268,268,283,283,295,305,305,305,315,315,331,344,344,441,441,455,455,455,466,479,479,504,504,504,521,539,95,113,132,132,132,132,132,64,98,98],"floor_reached":56,"playtime":6625,"items_purged":["Regret"],"score":1199,"play_id":"72c9a798-5595-44d5-b968-6b5a925753db","local_time":"20201225095135","is_ascension_mode":false,"campfire_choices":[{"data":"MonsterNeedle_purple","floor":6.0,"key":"SMITH"},{"data":"DarkRealmRedLine_purple","floor":12.0,"key":"SMITH"},{"data":"Observe_purple_2","floor":15.0,"key":"SMITH"},{"data":"CommonSense_AntiCommonSense_purple","floor":23.0,"key":"SMITH"},{"data":"Boundary_LifeAndDeath_purple","floor":27.0,"key":"SMITH"},{"data":"Extrememeaning_purpleEX","floor":29.0,"key":"SMITH"},{"floor":32.0,"key":"RECALL"},{"data":"Monsters_DoubleDeathButterfly_purple","floor":40.0,"key":"SMITH"},{"data":"Theboundaryofcreation_purpleEX","floor":42.0,"key":"SMITH"},{"data":"Mayhem","floor":49.0,"key":"SMITH"},{"data":"WasteWire_Metro_purple","floor":52.0,"key":"SMITH"}],"circlet_count":0,"master_deck":["AT_purpleEX","AT_purpleEX","AT_purpleEX","AT_purpleEX","Defend_purpleEX","Defend_purpleEX","Defend_purpleEX+1","Defend_purpleEX+1","Observe_purple_1+1","Observe_purple_2+1","MonsterNeedle_purple+1","Fantasy_PerpetualMotionMachine_purple","Boundary_LifeAndDeath_purple+1","DarkRealmRedLine_purple+1","Boundary_ObjectiveBoundary_purple","Mirror_FourBoundary_purple","MNeedle_purple","Erosivefilter_purple","Know_ledgeAbilityRealm_purple","Boundary_LightAndDark_purple+1","CommonSense_AntiCommonSense_purple+1","MetroBOOM_purple","Extrememeaning_purpleEX+1","Boundary_DreamRealityDamnation_purple+1","Monsters_DoubleDeathButterfly_purple+1","ExternalForce_HighSpeedFlying_purple","Theboundaryofcreation_purpleEX+1","Bait_HighSpeedFlying_purple+1","Mayhem+1","Mirror_FourBoundary_purple","WasteWire_Metro_purple+1","BarrageBoundary_PipeDream_purple","Mirror_WaveAndshot_purple"],"relics":["Boundary_crack","Memoryfragments_purpleEX","NeowsBlessing","PreservedInsect","Bag of Preparation","Strange Spoon","Lantern","Seventeenyearold_girl_Forever","Bottled Flame","SlaversCollar","Incense Burner","Bottled Tornado","Orichalcum"],"acts_visited":["Exordium","TheCity","TheBeyond","TheEnding"],"potions_floor_usage":[55,55],"damage_taken":[{"damage":0.0,"enemies":"Small Slimes","floor":1.0,"turns":1.0},{"damage":0.0,"enemies":"Cultist","floor":4.0,"turns":1.0},{"damage":0.0,"enemies":"2 Louse","floor":5.0,"turns":1.0},{"damage":20.0,"enemies":"Lagavulin","floor":7.0,"turns":14.0},{"damage":2.0,"enemies":"Looter","floor":8.0,"turns":4.0},{"damage":5.0,"enemies":"Lots of Slimes","floor":10.0,"turns":5.0},{"damage":24.0,"enemies":"Exordium Thugs","floor":13.0,"turns":10.0},{"damage":10.0,"enemies":"Gremlin Nob","floor":14.0,"turns":4.0},{"damage":25.0,"enemies":"Hexaghost","floor":16.0,"turns":15.0},{"damage":2.0,"enemies":"Chosen","floor":18.0,"turns":4.0},{"damage":11.0,"enemies":"Spheric Guardian","floor":19.0,"turns":7.0},{"damage":3.0,"enemies":"Shelled Parasite and Fungi","floor":20.0,"turns":9.0},{"damage":40.0,"enemies":"Snecko","floor":22.0,"turns":8.0},{"damage":25.0,"enemies":"Sentry and Sphere","floor":24.0,"turns":8.0},{"damage":12.0,"enemies":"Cultist and Chosen","floor":25.0,"turns":8.0},{"damage":14.0,"enemies":"Snake Plant","floor":28.0,"turns":9.0},{"damage":7.0,"enemies":"Centurion and Healer","floor":30.0,"turns":9.0},{"damage":47.0,"enemies":"Snecko","floor":31.0,"turns":6.0},{"damage":0.0,"enemies":"Champ","floor":33.0,"turns":15.0},{"damage":0.0,"enemies":"3 Shapes","floor":35.0,"turns":3.0},{"damage":1.0,"enemies":"Orb Walker","floor":38.0,"turns":3.0},{"damage":17.0,"enemies":"3 Darklings","floor":39.0,"turns":4.0},{"damage":51.0,"enemies":"Nemesis","floor":41.0,"turns":5.0},{"damage":35.0,"enemies":"Transient","floor":44.0,"turns":5.0},{"damage":18.0,"enemies":"4 Shapes","floor":45.0,"turns":4.0},{"damage":0.0,"enemies":"Sphere and 2 Shapes","floor":47.0,"turns":7.0},{"damage":5.0,"enemies":"Jaw Worm Horde","floor":48.0,"turns":5.0},{"damage":2.0,"enemies":"Donu and Deca","floor":50.0,"turns":6.0},{"damage":50,"enemies":"Shield and Spear","floor":54,"turns":3},{"damage":61,"enemies":"The Heart","floor":55,"turns":7}],"seed_played":"-6228264719216033825","potions_obtained":[{"floor":5.0,"key":"Fire Potion"},{"floor":8.0,"key":"LiquidMemories"},{"floor":10.0,"key":"PowerPotion"},{"floor":13.0,"key":"Block Potion"},{"floor":18.0,"key":"FairyPotion"},{"floor":20.0,"key":"DistilledChaos"},{"floor":28.0,"key":"SteroidPotion"},{"floor":39.0,"key":"Swift Potion"},{"floor":41.0,"key":"Fruit Juice"},{"floor":44.0,"key":"EssenceOfSteel"}],"is_trial":false,"path_per_floor":["M","?","?","M","M","R","E","M","T","M","$","R","M","E","R","B",null,"M","M","M","T","M","R","M","M","T","R","M","R","M","M","R","B",null,"M","?","?","M","M","R","E","R","T","M","M","$","M","M","R","B",null,"R","$","E","B",null],"character_chosen":"Youkari","items_purchased":["Mirror_FourBoundary_purple","Strange Spoon","Mayhem","Mirror_FourBoundary_purple","WasteWire_Metro_purple","BarrageBoundary_PipeDream_purple"],"campfire_rested":0,"item_purchase_floors":[11,11,46,46,46,53],"current_hp_per_floor":[70,56,56,56,56,56,37,36,36,37,37,37,22,12,12,5,70,68,67,72,72,48,48,35,44,44,44,55,55,73,43,43,77,80,80,80,80,79,80,80,50,50,50,41,44,44,56,65,65,83,89,89,89,51,13],"gold":98,"neow_bonus":"THREE_ENEMY_KILL","is_daily":false,"chose_seed":false,"campfire_upgraded":10,"win_rate":0.0,"timestamp":1608861095,"path_taken":["M","?","?","M","M","R","E","M","T","M","$","R","M","E","R","BOSS","M","M","M","?","M","R","M","M","T","R","M","R","M","M","R","BOSS","M","?","?","M","M","R","E","R","T","M","M","$","M","M","R","BOSS","R","$","E","BOSS"],"items_purchased_type":["Card","Relic","Card","Card","Card","Card"],"build_version":"2020-12-22","purchased_purges":1,"victory":true,"max_hp_per_floor":[70,70,70,70,70,70,70,70,70,70,70,70,70,70,70,70,70,70,70,72,72,74,74,74,74,74,74,76,76,78,78,78,80,80,80,80,80,80,80,80,82,82,82,89,89,89,89,89,89,89,89,89,89,91,91],"card_choices":[{"not_picked":["SharpContractionReality_purple","WatchEyeChange_purple","Shallow_ocean_purpleEX"],"picked":"SKIP","floor":1.0},{"not_picked":["StateDuplicate_purple","OmniscientAndOmnipotent_Monster_purple"],"picked":"MonsterNeedle_purple","floor":4.0},{"not_picked":["Mirror_WaveAndshot_purple","Umbrella_purple"],"picked":"Fantasy_PerpetualMotionMachine_purple","floor":5.0},{"not_picked":["SharpContractionReality_purple","MeetDecomposer_purple"],"picked":"Boundary_LifeAndDeath_purple","floor":7.0},{"not_picked":["WatchEChange_purple","StateDuplicate_purple"],"picked":"DarkRealmRedLine_purple","floor":8.0},{"not_picked":["Mirror_FormAndEmptin_purple","AdvanceAttack_purple"],"picked":"Boundary_ObjectiveBoundary_purple","floor":10.0},{"not_picked":["MonsterNeedle_purple","RuleDissolution_purple"],"picked":"MNeedle_purple","floor":13.0},{"not_picked":["RuleDissolution_purple","DimensionStaggered_purple"],"picked":"Erosivefilter_purple","floor":14.0},{"not_picked":["BarrageBoundary_PipeDream_purple","Theboundaryofcreation_purpleEX"],"picked":"Know_ledgeAbilityRealm_purple","floor":16.0},{"not_picked":["StateErode_purple","DimensionStaggered_purple"],"picked":"Boundary_LightAndDark_purple+1","floor":18.0},{"not_picked":["Shallow_ocean_purpleEX","Bait_Toxicbait_purple"],"picked":"CommonSense_AntiCommonSense_purple","floor":19.0},{"not_picked":["SharpContractionReality_purple","SfantasyHide_purple"],"picked":"MetroBOOM_purple","floor":20.0},{"not_picked":["RuptureOfTimeAndSpace_purple","SfantasyHide_purple","Line_surface_state_purple"],"picked":"SKIP","floor":22.0},{"not_picked":["ExistenceContinue_purple","SfantasyHide_purple","Mirror_FormAndEmptin_purple+1"],"picked":"SKIP","floor":24.0},{"not_picked":["OmniscientAndOmnipotent_Monster_purple","RuptureOfTimeAndSpace_purple+1","Mirror_Drifter_purple"],"picked":"SKIP","floor":25.0},{"not_picked":["ExistenceContinue_purple","RuptureOfTimeAndSpace_purple"],"picked":"Extrememeaning_purpleEX","floor":28.0},{"not_picked":["WeekHit_purple+1","WatchEChange_purple"],"picked":"Boundary_DreamRealityDamnation_purple+1","floor":30.0},{"not_picked":["RuleDissolution_purple+1","Realm_recovery_purpleEX","StretchesForeverDream_purple"],"picked":"SKIP","floor":31.0},{"not_picked":["Computing_the_future_purpleEX","Mirror_TwoAndThreeElementRealm_purple"],"picked":"Monsters_DoubleDeathButterfly_purple","floor":33.0},{"not_picked":["Mirror_Drifter_purple","Boundary_ObjectiveBoundary_purple","PositiveMatter_Antimatter_Universe_purple"],"picked":"SKIP","floor":35.0},{"not_picked":["SfantasyHide_purple","StateDuplicate_purple+1"],"picked":"ExternalForce_HighSpeedFlying_purple","floor":38.0},{"not_picked":["OmniscientAndOmnipotent_Monster_purple","StateDuplicate_purple","RuleDissolution_purple"],"picked":"SKIP","floor":39.0},{"not_picked":["Worldmountain_purple+1","DarkRealmRedLine_purple+1"],"picked":"Theboundaryofcreation_purpleEX","floor":41.0},{"not_picked":["StateErode_purple+1","MonsterNeedle_purple"],"picked":"Bait_HighSpeedFlying_purple+1","floor":44.0},{"not_picked":["SharpContractionReality_purple+1","AdvanceAttack_purple","OmniscientAndOmnipotent_Monster_purple+1"],"picked":"SKIP","floor":45.0},{"not_picked":["PositiveMatter_Antimatter_Universe_purple","Shallow_ocean_purpleEX","Boundary_DreamRealityDamnation_purple"],"picked":"SKIP","floor":47.0},{"not_picked":["Realm_recovery_purpleEX+1","Boundary_ObjectiveBoundary_purple+1","Charmbait_purple"],"picked":"SKIP","floor":48.0},{"not_picked":["Line_surface_state_purple","Boundary_DreamRealityDamnation_purple"],"picked":"Mirror_WaveAndshot_purple","floor":54}],"player_experience":527947,"relics_obtained":[{"floor":7.0,"key":"PreservedInsect"},{"floor":9.0,"key":"Bag of Preparation"},{"floor":14.0,"key":"Lantern"},{"floor":26.0,"key":"Bottled Flame"},{"floor":41.0,"key":"Incense Burner"},{"floor":43.0,"key":"Bottled Tornado"},{"floor":54,"key":"Orichalcum"}],"event_choices":[{"damage_healed":0.0,"max_hp_gain":0.0,"max_hp_loss":0.0,"gold_gain":0.0,"event_name":"Shining Light","player_choice":"Entered Light","floor":2.0,"gold_loss":0.0,"damage_taken":14.0,"cards_upgraded":["Defend_purpleEX","Defend_purpleEX"]},{"damage_healed":0.0,"max_hp_gain":0.0,"max_hp_loss":0.0,"gold_gain":0.0,"event_name":"Upgrade Shrine","player_choice":"Upgraded","floor":3.0,"gold_loss":0.0,"damage_taken":0.0,"cards_upgraded":["Observe_purple_1"]},{"damage_healed":0.0,"max_hp_gain":0.0,"max_hp_loss":0.0,"gold_gain":0.0,"event_name":"Tomb of Lord Red Mask","player_choice":"Ignored","floor":37.0,"gold_loss":0.0,"damage_taken":0.0}],"is_beta":false,"boss_relics":[{"not_picked":["Ectoplasm","Sozu"],"picked":"Seventeenyearold_girl_Forever"},{"not_picked":["Astrolabe","Philosopher\u0027s Stone"],"picked":"SlaversCollar"}],"items_purged_floors":[46],"is_endless":false,"potions_floor_spawned":[5,8,10,13,18,20,22,28,39,41,44,48],"ascension_level":0}}