{"host":"z5ys1wbqpsyqmecy","time":1608932828,"event":{"mods":["BaseMod","Colored Map","Colored Powertips","Minty Spire (QoL Compilation)","Relic Stats"],"gold_per_floor":[113,124,134,152,117,117,147,147,199,215,232,242,268,268,268,369,369,385,403,118,118,133,159,178,205,205,205,231,249,268,140,140,243,243,255,62,73,73,93,124,144,144,169,182,182,209,221,221,221],"floor_reached":48,"playtime":4943,"items_purged":["Parasite"],"score":618,"play_id":"0ddd5c06-18b7-4627-8556-be10beb44398","local_time":"20201225134708","is_ascension_mode":false,"campfire_choices":[{"data":"Cloak And Dagger","floor":6,"key":"SMITH"},{"data":"Dagger Spray","floor":8,"key":"SMITH"},{"data":"Underhanded Strike","floor":15,"key":"SMITH"},{"data":"Distraction","floor":32,"key":"SMITH"},{"data":"Blade Dance","floor":42,"key":"SMITH"},{"data":"Adrenaline","floor":45,"key":"SMITH"}],"circlet_count":0,"master_deck":["Strike_G","Strike_G","Strike_G","Strike_G","Defend_G","Defend_G+1","Defend_G","Defend_G","Defend_G","Survivor","Neutralize+1","Cloak And Dagger+1","Quick Slash","Dagger Throw","Masterful Stab","Dagger Spray+1","Quick Slash","Dagger Throw","Underhanded Strike+1","Backstab","Doppelganger+1","Accuracy+1","Infinite Blades+1","Blade Dance+1","Dramatic Entrance","Accuracy+1","Bullet Time","Poisoned Stab","Distraction+1","Slice","Blade Dance","Adrenaline+1","Escape Plan+1","Reflex+1","Riddle With Holes+1","Dagger Spray+1","Injury","Underhanded Strike+1","Parasite","Prepared+1"],"relics":["Ring of the Snake","Pocketwatch","Pantograph","MealTicket","Strawberry","Cursed Key","Anchor","Nilry\u0027s Codex","War Paint","Smiling Mask","Ornamental Fan","Letter Opener","Coffee Dripper","Toolbox","Bottled Tornado","Regal Pillow","Pear"],"acts_visited":["Exordium","TheCity","TheBeyond"],"potions_floor_usage":[4,12,13,16,16,22,22,28,33,33,40,40,46,46,46,47],"damage_taken":[{"damage":5,"enemies":"2 Louse","floor":1,"turns":3},{"damage":0,"enemies":"Small Slimes","floor":2,"turns":5},{"damage":0,"enemies":"Jaw Worm","floor":3,"turns":5},{"damage":0,"enemies":"Lots of Slimes","floor":4,"turns":6},{"damage":7,"enemies":"Gremlin Nob","floor":7,"turns":4},{"damage":0,"enemies":"Looter","floor":10,"turns":2},{"damage":0,"enemies":"Red Slaver","floor":11,"turns":3},{"damage":0,"enemies":"Large Slime","floor":12,"turns":4},{"damage":16,"enemies":"Lagavulin","floor":13,"turns":5},{"damage":14,"enemies":"Hexaghost","floor":16,"turns":7},{"damage":10,"enemies":"2 Thieves","floor":18,"turns":3},{"damage":0,"enemies":"Spheric Guardian","floor":19,"turns":1},{"damage":6,"enemies":"Shelled Parasite and Fungi","floor":22,"turns":4},{"damage":13,"enemies":"Slavers","floor":23,"turns":4},{"damage":3,"enemies":"Centurion and Healer","floor":24,"turns":4},{"damage":0,"enemies":"Gremlin Leader","floor":25,"turns":3},{"damage":1,"enemies":"Book of Stabbing","floor":28,"turns":4},{"damage":0,"enemies":"Sentry and Sphere","floor":29,"turns":3},{"damage":0,"enemies":"Snake Plant","floor":30,"turns":4},{"damage":32,"enemies":"Collector","floor":33,"turns":4},{"damage":21,"enemies":"3 Shapes","floor":35,"turns":2},{"damage":0,"enemies":"Orb Walker","floor":37,"turns":2},{"damage":15,"enemies":"4 Shapes","floor":39,"turns":2},{"damage":16,"enemies":"Nemesis","floor":40,"turns":5},{"damage":15,"enemies":"Jaw Worm Horde","floor":41,"turns":3},{"damage":0,"enemies":"3 Darklings","floor":44,"turns":4},{"damage":11,"enemies":"Giant Head","floor":46,"turns":6},{"damage":18,"enemies":"Writhing Mass","floor":47,"turns":5},{"damage":7,"enemies":"Sphere and 2 Shapes","floor":48,"turns":2}],"seed_played":"-9130856935957664334","potions_obtained":[{"floor":3,"key":"PowerPotion"},{"floor":4,"key":"FearPotion"},{"floor":10,"key":"SteroidPotion"},{"floor":11,"key":"DuplicationPotion"},{"floor":12,"key":"CunningPotion"},{"floor":19,"key":"EntropicBrew"},{"floor":22,"key":"SmokeBomb"},{"floor":25,"key":"Dexterity Potion"},{"floor":29,"key":"FearPotion"},{"floor":33,"key":"Weak Potion"},{"floor":41,"key":"Block Potion"},{"floor":44,"key":"EntropicBrew"},{"floor":46,"key":"Energy Potion"}],"is_trial":false,"path_per_floor":["M","M","M","M","?","R","E","R","T","M","M","M","E","?","R","B",null,"M","M","$","?","M","E","M","E","T","?","E","M","M","$","R","B",null,"M","$","M","?","M","E","M","R","T","M","R","E","M","M"],"character_chosen":"THE_SILENT","items_purchased":["Anchor","Blade Dance","Dramatic Entrance","LiquidMemories","Blade Dance","Toolbox"],"campfire_rested":0,"item_purchase_floors":[20,20,20,31,31,36],"current_hp_per_floor":[44,44,44,44,61,61,54,54,54,54,54,54,45,45,45,56,77,67,67,77,61,55,42,39,39,39,39,38,38,38,53,53,45,77,56,71,71,71,56,40,25,25,25,25,25,24,6,0,0],"gold":221,"neow_bonus":"ONE_RARE_RELIC","is_daily":false,"chose_seed":false,"campfire_upgraded":6,"win_rate":0.0,"timestamp":1608932828,"path_taken":["M","M","M","M","?","R","E","R","T","M","M","M","E","?","R","BOSS","M","M","$","?","M","E","M","E","T","?","E","M","M","$","R","BOSS","M","?","M","?","M","E","M","R","T","?","R","E","M","M"],"items_purchased_type":["Relic","Card","Card","Potion","Card","Relic"],"build_version":"2020-12-22","purchased_purges":1,"victory":false,"max_hp_per_floor":[70,70,70,70,70,70,70,70,70,70,70,70,77,77,77,77,77,77,77,77,77,77,77,77,77,77,77,77,77,77,77,77,77,77,77,74,74,74,74,74,74,74,74,74,74,84,84,84,84],"relic_stats":{"Regal Pillow":0,"counters":[29,109],"Ornamental Fan":[208],"Pantograph":49,"MealTicket":40,"Letter Opener":[102],"War Paint":["Doppelganger","Defend_G"],"Cursed Key":2,"Smiling Mask":25,"obtain_stats":[{"Regal Pillow":43,"Pear":46,"Nilry\u0027s Codex":21,"Letter Opener":28,"War Paint":23,"Bottled Tornado":40,"Cursed Key":17,"Smiling Mask":25,"Anchor":20,"Ornamental Fan":26,"Pantograph":7,"Strawberry":13,"Toolbox":36,"MealTicket":9,"Coffee Dripper":34,"Ring of the Snake":0,"Pocketwatch":0},{"Regal Pillow":25,"Pear":27,"Nilry\u0027s Codex":12,"Letter Opener":17,"War Paint":14,"Bottled Tornado":24,"Cursed Key":10,"Smiling Mask":16,"Anchor":12,"Ornamental Fan":16,"Pantograph":5,"Strawberry":9,"Toolbox":21,"MealTicket":5,"Coffee Dripper":20,"Ring of the Snake":0,"Pocketwatch":0},{"Regal Pillow":92,"Pear":102,"Nilry\u0027s Codex":48,"Letter Opener":67,"War Paint":56,"Bottled Tornado":89,"Cursed Key":44,"Smiling Mask":63,"Anchor":48,"Ornamental Fan":63,"Pantograph":23,"Strawberry":37,"Toolbox":80,"MealTicket":23,"Coffee Dripper":78,"Ring of the Snake":0,"Pocketwatch":0}],"Ring of the Snake":[58],"Pocketwatch":[33]},"card_choices":[{"not_picked":["Slice","Blade Dance"],"picked":"Cloak And Dagger","floor":1},{"not_picked":["Outmaneuver","Acrobatics"],"picked":"Quick Slash","floor":2},{"not_picked":["Deflect","Outmaneuver"],"picked":"Dagger Throw","floor":3},{"not_picked":["Catalyst","Sucker Punch"],"picked":"Masterful Stab","floor":4},{"not_picked":["Night Terror","Bouncing Flask"],"picked":"Dagger Spray","floor":7},{"not_picked":["Acrobatics","Footwork"],"picked":"Quick Slash","floor":10},{"not_picked":["Outmaneuver","Slice"],"picked":"Dagger Throw","floor":11},{"not_picked":["Sucker Punch","Acrobatics"],"picked":"Underhanded Strike","floor":12},{"not_picked":["A Thousand Cuts","Bane"],"picked":"Backstab","floor":13},{"not_picked":["Night Terror","Envenom"],"picked":"Doppelganger","floor":16},{"not_picked":["Underhanded Strike","Riddle With Holes"],"picked":"Accuracy+1","floor":18},{"not_picked":["Backflip","Crippling Poison"],"picked":"Infinite Blades+1","floor":19},{"not_picked":["Predator","PiercingWail+1"],"picked":"Accuracy+1","floor":22},{"not_picked":["Poisoned Stab","Backflip"],"picked":"Bullet Time","floor":23},{"not_picked":["Dagger Throw","Bane","Dash"],"picked":"SKIP","floor":24},{"not_picked":["Footwork","Eviscerate","Calculated Gamble"],"picked":"SKIP","floor":25},{"not_picked":["Reflex","Dodge and Roll"],"picked":"Distraction","floor":28},{"not_picked":["Predator","Prepared+1","Sucker Punch+1"],"picked":"SKIP","floor":29},{"not_picked":["Blur","Sucker Punch"],"picked":"Slice","floor":30},{"not_picked":["Bullet Time","Storm of Steel"],"picked":"Adrenaline","floor":33},{"not_picked":["Eviscerate","Poisoned Stab"],"picked":"Escape Plan+1","floor":35},{"not_picked":["Sucker Punch","PiercingWail"],"picked":"Reflex+1","floor":37},{"not_picked":["Catalyst","Endless Agony"],"picked":"Riddle With Holes+1","floor":39},{"not_picked":["Dagger Spray","Poisoned Stab","Footwork"],"picked":"SKIP","floor":40},{"not_picked":["Flying Knee","Dagger Throw"],"picked":"Dagger Spray+1","floor":41},{"not_picked":["Deadly Poison","Slice+1"],"picked":"Underhanded Strike+1","floor":44},{"not_picked":["Slice+1","Riddle With Holes+1","Bullet Time"],"picked":"SKIP","floor":46},{"not_picked":["Slice","Predator+1"],"picked":"Prepared+1","floor":47}],"player_experience":35214,"relics_obtained":[{"floor":7,"key":"Pantograph"},{"floor":9,"key":"MealTicket"},{"floor":13,"key":"Strawberry"},{"floor":21,"key":"Nilry\u0027s Codex"},{"floor":23,"key":"War Paint"},{"floor":25,"key":"Smiling Mask"},{"floor":26,"key":"Ornamental Fan"},{"floor":28,"key":"Letter Opener"},{"floor":40,"key":"Bottled Tornado"},{"floor":43,"key":"Regal Pillow"},{"floor":46,"key":"Pear"}],"event_choices":[{"damage_healed":17,"gold_gain":0,"player_choice":"Healed","damage_taken":0,"max_hp_gain":0,"max_hp_loss":0,"event_name":"The Cleric","floor":5,"gold_loss":35},{"damage_healed":0,"gold_gain":0,"player_choice":"Grow","damage_taken":0,"max_hp_gain":0,"max_hp_loss":0,"event_name":"Living Wall","floor":14,"gold_loss":0,"cards_upgraded":["Neutralize"]},{"damage_healed":0,"gold_gain":0,"player_choice":"Obtained Book","damage_taken":16,"max_hp_gain":0,"max_hp_loss":0,"event_name":"Cursed Tome","floor":21,"gold_loss":0},{"damage_healed":0,"gold_gain":0,"player_choice":"1 cards matched","damage_taken":0,"max_hp_gain":0,"max_hp_loss":0,"event_name":"Match and Keep!","floor":27,"gold_loss":0,"cards_obtained":["Poisoned Stab"]},{"cards_removed":["Strike_G"],"damage_healed":0,"gold_gain":0,"player_choice":"Offered Basic","damage_taken":0,"max_hp_gain":0,"max_hp_loss":0,"event_name":"Bonfire Elementals","floor":38,"gold_loss":0}],"is_beta":false,"boss_relics":[{"not_picked":["SlaversCollar","Runic Dome"],"picked":"Cursed Key"},{"not_picked":["Calling Bell","Tiny House"],"picked":"Coffee Dripper"}],"items_purged_floors":[36],"is_endless":false,"potions_floor_spawned":[3,4,10,11,12,19,22,25,29,33,41,44,46],"killed_by":"Sphere and 2 Shapes","ascension_level":0}}