{"host":"uflv0e3ja7hvnij7","time":1608857176,"event":{"mods":["Aspiration","BaseMod","Better Altar","Better Match","Better Note","Better Sensory Stone","Better Skull","Better Third Choice","Infinite Spire","Minty Spire (QoL Compilation)","Permanent Neow","StSLib"],"gold_per_floor":[10,25,35,47,58,91,91,56,56,56,66,66,82,97,97,97,97],"floor_reached":16,"playtime":644,"items_purged":[],"score":133,"play_id":"5778cb58-9e7c-489f-abd6-aabc1d9d2c83","local_time":"20201224194616","is_ascension_mode":true,"campfire_choices":[{"floor":7,"key":"REST"},{"floor":12,"key":"REST"},{"floor":15,"key":"REST"}],"circlet_count":0,"master_deck":["Strike_R","Strike_R","Strike_R","Strike_R","Strike_R","Defend_R","Defend_R","Defend_R","Defend_R","Bash","Offering","Combust","Warcry","Rampage","Headbutt","Disarm","Berserk+1","Shrug It Off"],"relics":["Burning Blood","InkBottle","Frozen Egg 2"],"acts_visited":["Exordium"],"potions_floor_usage":[6,6,6],"damage_taken":[{"damage":6,"enemies":"Small Slimes","floor":1,"turns":3},{"damage":9,"enemies":"Jaw Worm","floor":2,"turns":3},{"damage":14,"enemies":"Cultist","floor":3,"turns":3},{"damage":31,"enemies":"Large Slime","floor":4,"turns":7},{"damage":15,"enemies":"2 Fungi Beasts","floor":5,"turns":3},{"damage":23,"enemies":"Gremlin Nob","floor":6,"turns":3},{"damage":20,"enemies":"Exordium Wildlife","floor":11,"turns":4},{"damage":13,"enemies":"Looter","floor":13,"turns":3},{"damage":23,"enemies":"Large Slime","floor":14,"turns":5},{"damage":0,"enemies":"Slime Boss","floor":16,"turns":1}],"seed_played":"5109805163408027621","potions_obtained":[{"floor":2,"key":"Regen Potion"},{"floor":3,"key":"GamblersBrew"},{"floor":4,"key":"FearPotion"},{"floor":14,"key":"Explosive Potion"}],"is_trial":false,"path_per_floor":["M","M","M","M","M","E","R","?","T","?","M","R","M","M","R","B"],"character_chosen":"IRONCLAD","items_purchased":[],"campfire_rested":3,"item_purchase_floors":[],"current_hp_per_floor":[80,77,69,44,35,23,47,67,67,67,53,77,70,53,77,77,77],"gold":97,"neow_bonus":"THREE_RARE_CARDS","is_daily":false,"chose_seed":false,"campfire_upgraded":0,"win_rate":0.0,"timestamp":1608857176,"path_taken":["M","M","M","M","M","E","R","?","T","?","M","R","M","M","R","BOSS"],"items_purchased_type":[],"build_version":"2020-12-22","purchased_purges":0,"victory":false,"max_hp_per_floor":[80,80,80,80,80,80,80,80,80,80,80,80,80,80,80,80,80],"card_choices":[{"not_picked":["Impervious","Double Tap"],"picked":"Offering","floor":0},{"not_picked":["Armaments","Havoc"],"picked":"Combust","floor":1},{"not_picked":["True Grit","Flex"],"picked":"Warcry","floor":2},{"not_picked":["Rage","Perfected Strike"],"picked":"Rampage","floor":3},{"not_picked":["Sever Soul","Sentinel"],"picked":"Headbutt","floor":4},{"not_picked":["Dual Wield","Perfected Strike"],"picked":"Disarm","floor":5},{"not_picked":["Second Wind","Evolve"],"picked":"Berserk","floor":6},{"not_picked":["Combust+1","Flex"],"picked":"Shrug It Off","floor":11},{"not_picked":["Burning Pact","Warcry","Body Slam"],"picked":"SKIP","floor":13},{"not_picked":["Spot Weakness","Armaments","Flex"],"picked":"SKIP","floor":14}],"player_experience":341829,"relics_obtained":[{"floor":6,"key":"InkBottle"},{"floor":9,"key":"Frozen Egg 2"}],"event_choices":[{"damage_healed":20,"gold_gain":0,"player_choice":"Healed","damage_taken":0,"max_hp_gain":0,"max_hp_loss":0,"event_name":"The Cleric","floor":8,"gold_loss":35}],"is_beta":false,"boss_relics":[],"items_purged_floors":[],"is_endless":false,"potions_floor_spawned":[2,3,4,14],"killed_by":"Slime Boss","ascension_level":5}}