{"host":"dazi714svy9she3p","time":1608934049,"event":{"mods":["AchievementEnabler","Act Like it!","BaseMod","Better Skull","CapriCore","CatGirl Mod","Colored Map","Downfall","Friendly Minions","GifTheSpireLib","Highlight Path","Hubris","Infinite Spire","Jorbs\u0027s Wanderer Trilogy","Koishi","Lobotomy","LobotomyExtend","Mad Scientist","Minty Spire (QoL Compilation)","Random Character Button","Rare Cards Sparkle","Relic Sorter","RemiliaÅiÂQïƒ‰ª?Åj","Replay The Spire","StSLib","The Animator","The Blackbeard","The Bladedancer","The Construct","The Cursed","The Druid","The Forsaken","The Gatherer","The Immortal","The Juggle","The Marked","The Mystic","The Wild Card"],"gold_per_floor":[213,176,193,209,227,239,239,339,339,352,371,348,348,348,348,285,285,114,114,114,114],"floor_reached":20,"playtime":1461,"items_purged":[],"score":168,"play_id":"b5e8a391-80cf-4779-ab91-dc2d28dbae69","local_time":"20201225140729","is_ascension_mode":false,"campfire_choices":[{"floor":15,"key":"REST"}],"circlet_count":0,"master_deck":["CENSORED","SpecialBullet","SpecialBullet","SpecialBullet","SpecialBullet","SpecialBullet","SpecialBullet","SpecialBullet","SpecialBullet","ControlCode","WelfareCode","RedEyes","InformationCode","Freischutz","Ecstasy+1","SpecialBullet","SpecialBullet","MHz","Adoration","OSAHOGD","DisciplinaryCode"],"relics":["m_SnakeBloodCore","stsjorbsmod:ShadowRelic","Byrd Skull","theMarked:Winder","Replay:Bottled Flurry","jugglermod: ElasticGlove","Iron Hammer","infinitespire:Chaos"],"acts_visited":["Exordium","TheCity"],"potions_floor_usage":[10,10],"damage_taken":[{"damage":0.0,"enemies":"Cultist","floor":1.0,"turns":2.0},{"damage":5.0,"enemies":"Jaw Worm","floor":3.0,"turns":2.0},{"damage":0,"enemies":"Small Slimes","floor":4,"turns":2},{"damage":12,"enemies":"Blue Slaver","floor":5,"turns":3},{"damage":26,"enemies":"Exordium Thugs","floor":6,"turns":5},{"damage":56,"enemies":"Gremlin Gang","floor":10,"turns":4},{"damage":10,"enemies":"Looter","floor":11,"turns":2},{"damage":11,"enemies":"Large Slime","floor":12,"turns":2},{"damage":70,"enemies":"Hexaghost","floor":16,"turns":4},{"damage":54,"enemies":"Spheric Guardian","floor":18,"turns":5}],"seed_played":"9155522997153277418","potions_obtained":[{"floor":3,"key":"LiquidMemories"},{"floor":4,"key":"SkillPotion"},{"floor":18,"key":"Regen Potion"}],"is_trial":false,"path_per_floor":["M","$","M","M","M","M","R","?","T","M","M","M","R","?","R","B",null,"M","?","AVR"],"character_chosen":"Angela","items_purchased":["Lee\u0027s Waffle","infinitespire:Satchel","theForsaken:Lifeblossom"],"campfire_rested":1,"item_purchase_floors":[2,2,2],"current_hp_per_floor":[70,77,72,75,67,69,69,69,69,34,31,27,27,27,50,33,77,23,23,23,23],"gold":114,"neow_bonus":"HUNDRED_GOLD","is_daily":false,"chose_seed":false,"campfire_upgraded":0,"win_rate":0.0,"timestamp":1608934049,"path_taken":["M","$","M","M","M","M","R","?","T","M","M","M","R","?","R","BOSS","M","?","AVR"],"items_purchased_type":["Relic","Relic","Relic"],"build_version":"2020-12-22","purchased_purges":0,"victory":false,"max_hp_per_floor":[70,77,77,77,77,77,77,77,77,77,77,77,77,77,77,77,77,77,77,77,77],"card_choices":[{"not_picked":["FourthMatchFlame","FrostShard"],"picked":"SKIP","floor":1.0},{"not_picked":["Pinks"],"picked":"RedEyes","floor":3},{"not_picked":["CUTE","CENSORED_ego"],"picked":"SKIP","floor":4},{"not_picked":["SpiderBud","VoidDream"],"picked":"CENSORED","floor":5},{"not_picked":["Diffraction","Horn"],"picked":"SKIP","floor":5},{"not_picked":["RapturousDream","TodaysExpression"],"picked":"SKIP","floor":6},{"not_picked":["WhitesApple","BigBird"],"picked":"Freischutz","floor":10},{"not_picked":["WristCuter"],"picked":"Ecstasy","floor":10},{"not_picked":["Ecstasy","Lantern"],"picked":"SKIP","floor":11},{"not_picked":["Tough","WristCuter"],"picked":"SKIP","floor":12},{"not_picked":["Scorched","MeatLantern"],"picked":"MHz","floor":16},{"not_picked":["Justitia"],"picked":"Adoration","floor":16},{"not_picked":["LaLuna","Wellcheers"],"picked":"OSAHOGD","floor":18},{"not_picked":["Beak","Tough"],"picked":"SKIP","floor":18}],"player_experience":25549,"relics_obtained":[{"floor":1.0,"key":"LetterFromLob"}],"event_choices":[{"damage_healed":0,"gold_gain":100,"player_choice":"Pray","damage_taken":0,"max_hp_gain":0,"max_hp_loss":0,"event_name":"Golden Shrine","floor":8,"gold_loss":0},{"damage_healed":0,"gold_gain":0,"player_choice":"Ignored","damage_taken":0,"max_hp_gain":0,"max_hp_loss":0,"event_name":"Ghosts","floor":19,"gold_loss":0}],"is_beta":false,"boss_relics":[{"not_picked":["Runic Dome","hubris:GrandSneckoEye"],"picked":"Ectoplasm"}],"items_purged_floors":[],"is_endless":false,"potions_floor_spawned":[3,4,18],"ascension_level":0}}