{"host":"uuwoh4h4l6pgr40q","time":1608858980,"event":{"mods":["BaseMod","BetterRewards","Conspire","Hubris","Jorbs\u0027s Wanderer Trilogy","Minty Spire (QoL Compilation)","Replay The Spire","StSLib"],"gold_per_floor":[17,35,47,58,76,101,119,135,135,162,162,190,190,204,204,306,306,317,317,257,217,217,217,217],"floor_reached":23,"playtime":1530,"items_purged":[],"score":203,"play_id":"889c7f63-af30-4b09-935b-0505b1ac3ea9","local_time":"20201225011620","is_ascension_mode":false,"campfire_choices":[{"floor":11,"key":"REST"},{"floor":13,"key":"REST"},{"floor":15,"key":"REST"}],"circlet_count":0,"master_deck":["Strike_P","Strike_P","Strike_P","Strike_P","Defend_P","Defend_P","Defend_P","Defend_P+1","Eruption","Vigilance","Weave","Conclude","LikeWater+1","Consecrate+1","ThirdEye","FollowUp+1","Worship","Prostrate","FearNoEvil","Devotion","Consecrate","Consecrate+1"],"relics":["PureWater","Bird Faced Urn","Calipers","hubris:DeckOfHolding","Juzu Bracelet","Whetstone","Runic Dome"],"acts_visited":["Exordium","TheCity"],"potions_floor_usage":[6,8,12,12,16,23],"damage_taken":[{"damage":5,"enemies":"Cultist","floor":1,"turns":4},{"damage":2,"enemies":"2 Louse","floor":2,"turns":4},{"damage":13,"enemies":"conspire:RoseBush","floor":3,"turns":2},{"damage":9,"enemies":"2 Fungi Beasts","floor":4,"turns":4},{"damage":26,"enemies":"Red Slaver","floor":5,"turns":2},{"damage":7,"enemies":"3 Sentries","floor":6,"turns":6},{"damage":0,"enemies":"Looter","floor":7,"turns":3},{"damage":0,"enemies":"conspire:2 RoseBushes","floor":8,"turns":3},{"damage":2,"enemies":"Lagavulin","floor":12,"turns":6},{"damage":7,"enemies":"3 Louse","floor":14,"turns":4},{"damage":41,"enemies":"Slime Boss","floor":16,"turns":15},{"damage":35,"enemies":"2 Thieves","floor":18,"turns":4},{"damage":47,"enemies":"Book of Stabbing","floor":23,"turns":6}],"seed_played":"5458518345216982558","potions_obtained":[{"floor":2,"key":"FearPotion"},{"floor":5,"key":"Toxic Potion"},{"floor":6,"key":"Block Potion"},{"floor":7,"key":"SteroidPotion"},{"floor":14,"key":"DistilledChaos"},{"floor":16,"key":"Fire Potion"}],"is_trial":false,"path_per_floor":["M","M","M","M","M","E","M","M","T","T","R","E","R","M","R","B",null,"M","?","?","?","?","E"],"character_chosen":"WATCHER","items_purchased":[],"campfire_rested":3,"item_purchase_floors":[],"current_hp_per_floor":[67,65,52,45,19,14,14,16,16,16,37,37,58,51,72,31,72,39,39,39,39,39,0,0],"gold":217,"neow_bonus":"ONE_RARE_RELIC","is_daily":false,"chose_seed":false,"campfire_upgraded":0,"win_rate":0.0,"timestamp":1608858980,"path_taken":["M","M","?","M","M","E","M","M","T","?","R","E","R","M","R","BOSS","M","?","?","?","?","E"],"items_purchased_type":[],"build_version":"2020-12-22","purchased_purges":0,"victory":false,"max_hp_per_floor":[72,72,72,72,72,72,72,72,72,72,72,72,72,72,72,72,72,72,72,72,72,72,72,72],"card_choices":[{"not_picked":["Replay:ManipulateFuture","JustLucky"],"picked":"Weave","floor":1},{"not_picked":["EmptyBody","Collect"],"picked":"Conclude","floor":2},{"not_picked":["Replay:AtTheReady","EmptyBody"],"picked":"LikeWater","floor":3},{"not_picked":["Halt","Replay:BluntJabs"],"picked":"Consecrate","floor":4},{"not_picked":["CrushJoints","BowlingBash"],"picked":"ThirdEye","floor":5},{"not_picked":["Adaptation","Wish"],"picked":"FollowUp","floor":6},{"not_picked":["Halt","MentalFortress"],"picked":"Worship","floor":7},{"not_picked":["Evaluate","Halt","EmptyMind"],"picked":"SKIP","floor":8},{"not_picked":["Crescendo","WindmillStrike"],"picked":"Prostrate","floor":12},{"not_picked":["Meditate","FlyingSleeves"],"picked":"FearNoEvil","floor":14},{"not_picked":["Ragnarok","MasterReality"],"picked":"Devotion","floor":16},{"not_picked":["SashWhip","Replay:ManipulateFuture"],"picked":"Consecrate","floor":18}],"player_experience":143419,"relics_obtained":[{"floor":6,"key":"Calipers"},{"floor":9,"key":"hubris:DeckOfHolding"},{"floor":10,"key":"Juzu Bracelet"},{"floor":12,"key":"Whetstone"}],"event_choices":[{"damage_healed":0,"gold_gain":0,"player_choice":"Ignored","damage_taken":0,"max_hp_gain":0,"max_hp_loss":0,"event_name":"Vampires","floor":19,"gold_loss":0},{"damage_healed":0,"gold_gain":0,"player_choice":"Upgraded Two","damage_taken":0,"max_hp_gain":0,"max_hp_loss":0,"event_name":"Designer","floor":21,"gold_loss":40,"cards_upgraded":["LikeWater","Defend_P"]},{"damage_healed":0,"gold_gain":0,"player_choice":"Copied","damage_taken":0,"max_hp_gain":0,"max_hp_loss":0,"event_name":"Duplicator","floor":22,"gold_loss":0,"cards_obtained":["Consecrate"]}],"is_beta":false,"boss_relics":[{"not_picked":["hubris:CrackedHourglass","Kintsugi"],"picked":"Runic Dome"}],"items_purged_floors":[],"is_endless":false,"potions_floor_spawned":[2,5,6,7,14,16],"killed_by":"Book of Stabbing","ascension_level":0}}