{"host":"yp47u74hk6n79vj1","time":1608880270,"event":{"mods":["BaseMod","Minty Spire (QoL Compilation)"],"gold_per_floor":[110,38,38,48,48,48,64,64,64,64,76,87,98,114,114,214,214,231,231,231,250,261,261,261],"floor_reached":23,"playtime":656,"items_purged":[],"score":185,"play_id":"7508b466-ecf5-4fa5-98cf-417dacd697a3","local_time":"20201225021110","is_ascension_mode":false,"campfire_choices":[{"data":"Defragment","floor":6,"key":"SMITH"},{"data":"Zap","floor":8,"key":"SMITH"},{"data":"Steam","floor":10,"key":"SMITH"},{"data":"Dualcast","floor":15,"key":"SMITH"}],"circlet_count":0,"master_deck":["Strike_B","Strike_B","Defend_B","Defend_B","Defend_B","Zap+1","Dualcast+1","Defragment+1","Steam+1","Turbo","Barrage","BootSequence","Electrodynamics","Conserve Battery+1","Compile Driver","All For One","Loop","Chill"],"relics":["Cracked Core","Philosopher\u0027s Stone"],"acts_visited":["Exordium","TheCity"],"potions_floor_usage":[16,16,16,18],"damage_taken":[{"damage":0,"enemies":"Cultist","floor":1,"turns":3},{"damage":5,"enemies":"2 Louse","floor":4,"turns":2},{"damage":0,"enemies":"Jaw Worm","floor":7,"turns":3},{"damage":0,"enemies":"Exordium Wildlife","floor":11,"turns":4},{"damage":0,"enemies":"2 Fungi Beasts","floor":12,"turns":4},{"damage":6,"enemies":"3 Louse","floor":13,"turns":4},{"damage":4,"enemies":"Blue Slaver","floor":14,"turns":4},{"damage":39,"enemies":"The Guardian","floor":16,"turns":11},{"damage":3,"enemies":"3 Byrds","floor":18,"turns":3},{"damage":0,"enemies":"Chosen","floor":21,"turns":4},{"damage":20,"enemies":"Snake Plant","floor":22,"turns":3},{"damage":64,"enemies":"Book of Stabbing","floor":23,"turns":5}],"seed_played":"-1843587591638446930","potions_obtained":[{"floor":1,"key":"EssenceOfSteel"},{"floor":3,"key":"Regen Potion"},{"floor":3,"key":"Block Potion"},{"floor":16,"key":"Block Potion"},{"floor":18,"key":"SmokeBomb"}],"is_trial":false,"path_per_floor":["M","$","?","M","?","R","M","R","T","R","M","M","M","M","R","B",null,"M","?","?","M","M","E"],"character_chosen":"DEFECT","items_purchased":["Defragment"],"campfire_rested":0,"item_purchase_floors":[2],"current_hp_per_floor":[82,82,82,77,82,82,82,82,82,82,82,82,76,72,72,48,87,84,84,84,84,64,0,0],"gold":261,"neow_bonus":"TEN_PERCENT_HP_BONUS","is_daily":false,"chose_seed":false,"campfire_upgraded":4,"win_rate":0.0,"timestamp":1608880270,"path_taken":["M","$","?","?","?","R","M","R","T","R","M","M","M","M","R","BOSS","M","?","?","M","M","E"],"items_purchased_type":["Card"],"build_version":"2020-12-22","purchased_purges":0,"victory":false,"max_hp_per_floor":[82,82,82,82,87,87,87,87,87,87,87,87,87,87,87,87,87,87,87,87,87,87,87,87],"card_choices":[{"not_picked":["Chaos","Heatsinks","Compile Driver"],"picked":"SKIP","floor":1},{"not_picked":["Go for the Eyes","Cold Snap"],"picked":"Steam","floor":4},{"not_picked":["Steam","Doom and Gloom","Hologram"],"picked":"SKIP","floor":7},{"not_picked":["Coolheaded","Streamline"],"picked":"Turbo","floor":11},{"not_picked":["Cold Snap","Amplify"],"picked":"Barrage","floor":12},{"not_picked":["Tempest","Hologram"],"picked":"BootSequence","floor":13},{"not_picked":["Redo","Stack","Skim"],"picked":"SKIP","floor":14},{"not_picked":["Biased Cognition","Reboot"],"picked":"Electrodynamics","floor":16},{"not_picked":["Hologram","Streamline"],"picked":"Conserve Battery+1","floor":18},{"not_picked":["Force Field","Rebound"],"picked":"Loop","floor":21},{"not_picked":["Scrape+1","Compile Driver"],"picked":"Chill","floor":22}],"player_experience":516359,"relics_obtained":[],"event_choices":[{"damage_healed":0,"gold_gain":0,"player_choice":"Got Potions","damage_taken":0,"max_hp_gain":0,"max_hp_loss":0,"event_name":"Lab","floor":3,"gold_loss":0},{"damage_healed":0,"gold_gain":0,"player_choice":"Donut","damage_taken":0,"max_hp_gain":5,"max_hp_loss":0,"event_name":"Big Fish","floor":5,"gold_loss":0},{"damage_healed":0,"gold_gain":0,"cards_transformed":["Strike_B","Strike_B"],"player_choice":"Became Test Subject","damage_taken":0,"max_hp_gain":0,"max_hp_loss":0,"event_name":"Drug Dealer","floor":19,"gold_loss":0,"cards_obtained":["Compile Driver","All For One"]},{"cards_removed":["Defend_B"],"damage_healed":0,"gold_gain":0,"player_choice":"Elegance","damage_taken":0,"max_hp_gain":0,"max_hp_loss":0,"event_name":"Back to Basics","floor":20,"gold_loss":0}],"is_beta":false,"boss_relics":[{"not_picked":["SacredBark","Snecko Eye"],"picked":"Philosopher\u0027s Stone"}],"items_purged_floors":[],"is_endless":false,"potions_floor_spawned":[1,13,14,16,18],"killed_by":"Book of Stabbing","ascension_level":0}}