{"host":"9tzam4717zt8ei1o","time":1608887767,"event":{"mods":["BaseMod","Colored Map","Keyboard Shortcuts","Minty Spire (QoL Compilation)","Quick Restart","StSLib","SuperFastMode"],"gold_per_floor":[117,117,134,134,146,171,171,191,191,217,217,246,246,275,275,347,347,362,377,67,77,77,77,103,103,103,115,133,133,161,178,178,178,178],"floor_reached":33,"playtime":947,"items_purged":[],"score":705,"play_id":"2172d505-ab7f-4a58-96cc-91b1c880fc35","local_time":"20201225181607","is_ascension_mode":true,"campfire_choices":[{"data":"Perfected Strike","floor":7.0,"key":"SMITH"},{"data":"Perfected Strike","floor":11.0,"key":"SMITH"},{"data":"Evolve","floor":15.0,"key":"SMITH"},{"data":"Double Tap","floor":23.0,"key":"SMITH"},{"data":"Body Slam","floor":25.0,"key":"SMITH"},{"data":"Barricade","floor":32.0,"key":"SMITH"}],"circlet_count":0,"master_deck":["AscendersBane","Strike_R+1","Strike_R","Strike_R","Strike_R+1","Strike_R","Defend_R","Defend_R","Defend_R","Defend_R+1","Bash","Double Tap+1","Perfected Strike+1","Evolve+1","Perfected Strike+1","Corruption","Body Slam+1","Power Through","Feed+1","Wild Strike","Wild Strike","Battle Trance","Wild Strike","Barricade+1","Second Wind"],"relics":["Burning Blood","Incense Burner","Eternal Feather","White Beast Statue","Centennial Puzzle","Omamori","Velvet Choker","Singing Bowl","MealTicket","Du-Vu Doll","Whetstone"],"acts_visited":["TheCity"],"potions_floor_usage":[33],"damage_taken":[{"damage":2.0,"enemies":"2 Louse","floor":1.0,"turns":3.0},{"damage":4.0,"enemies":"Small Slimes","floor":3.0,"turns":3.0},{"damage":7.0,"enemies":"Jaw Worm","floor":5.0,"turns":3.0},{"damage":29.0,"enemies":"3 Sentries","floor":6.0,"turns":8.0},{"damage":16.0,"enemies":"Red Slaver","floor":8.0,"turns":4.0},{"damage":32.0,"enemies":"Lagavulin","floor":10.0,"turns":6.0},{"damage":7.0,"enemies":"3 Sentries","floor":12.0,"turns":6.0},{"damage":0.0,"enemies":"Gremlin Nob","floor":14.0,"turns":2.0},{"damage":49.0,"enemies":"Slime Boss","floor":16.0,"turns":9.0},{"damage":4.0,"enemies":"Chosen","floor":18.0,"turns":6.0},{"damage":1.0,"enemies":"Spheric Guardian","floor":19.0,"turns":3.0},{"damage":16.0,"enemies":"Centurion and Healer","floor":21.0,"turns":5.0},{"damage":4.0,"enemies":"Slavers","floor":24.0,"turns":7.0},{"damage":20.0,"enemies":"Cultist and Chosen","floor":27.0,"turns":7.0},{"damage":10.0,"enemies":"Snecko","floor":28.0,"turns":4.0},{"damage":58.0,"enemies":"Gremlin Leader","floor":30.0,"turns":6.0},{"damage":3.0,"enemies":"Snake Plant","floor":31.0,"turns":3.0},{"damage":51,"enemies":"Automaton","floor":33,"turns":8}],"seed_played":"-1011477711104783886","potions_obtained":[{"floor":1.0,"key":"BloodPotion"},{"floor":5.0,"key":"SteroidPotion"},{"floor":8.0,"key":"FairyPotion"},{"floor":12.0,"key":"ElixirPotion"},{"floor":14.0,"key":"BlessingOfTheForge"},{"floor":18.0,"key":"EntropicBrew"},{"floor":21.0,"key":"GamblersBrew"},{"floor":30.0,"key":"PowerPotion"}],"is_trial":false,"path_per_floor":["M","?","M","$","M","E","R","M","T","E","R","E","$","E","R","B",null,"M","M","$","M","?","R","E","R","T","M","M","?","E","M","R","B"],"character_chosen":"IRONCLAD","items_purchased":["Battle Trance","Singing Bowl"],"campfire_rested":0,"item_purchase_floors":[20,20],"current_hp_per_floor":[54,31,33,33,32,24,24,14,14,28,37,36,36,42,51,8,58,63,71,71,64,64,76,83,89,89,75,76,76,26,31,46,0,0],"gold":178,"neow_bonus":"THREE_RARE_CARDS","is_daily":false,"chose_seed":false,"campfire_upgraded":6,"win_rate":0.0,"timestamp":1608887767,"path_taken":["M","?","M","$","M","E","R","M","T","E","R","E","$","E","R","BOSS","M","M","$","M","?","R","E","R","T","M","M","?","E","M","R","BOSS"],"items_purchased_type":["Card","Relic"],"build_version":"2020-12-22","purchased_purges":0,"victory":false,"max_hp_per_floor":[75,75,75,75,75,75,75,75,75,75,75,75,75,75,75,75,75,78,81,81,84,84,84,89,89,89,89,94,94,96,98,98,98,98],"card_choices":[{"not_picked":["Exhume","Berserk"],"picked":"Double Tap","floor":0.0},{"not_picked":["Shockwave","Clothesline"],"picked":"Perfected Strike","floor":1.0},{"not_picked":["Inflame","Iron Wave"],"picked":"Evolve","floor":3.0},{"not_picked":["Brutality","Clash","Cleave"],"picked":"SKIP","floor":5.0},{"not_picked":["Flex","Havoc","Cleave"],"picked":"SKIP","floor":6.0},{"not_picked":["Headbutt","Whirlwind"],"picked":"Perfected Strike","floor":8.0},{"not_picked":["Clothesline","Disarm","Corruption"],"picked":"SKIP","floor":10.0},{"not_picked":["Clothesline","Disarm"],"picked":"Corruption","floor":10.0},{"not_picked":["Spot Weakness","Anger"],"picked":"Body Slam","floor":12.0},{"not_picked":["Headbutt","Carnage"],"picked":"Power Through","floor":14.0},{"not_picked":["Berserk","Juggernaut"],"picked":"Feed","floor":16.0},{"not_picked":["Twin Strike","Wild Strike","Clash"],"picked":"SKIP","floor":18.0},{"not_picked":["Twin Strike","Clash"],"picked":"Wild Strike","floor":18.0},{"not_picked":["Heavy Blade","Inflame"],"picked":"Wild Strike","floor":19.0},{"not_picked":["Fire Breathing","Seeing Red"],"picked":"Wild Strike","floor":21.0},{"not_picked":["Wild Strike","Bloodletting","Rage"],"picked":"Singing Bowl","floor":24.0},{"not_picked":["Whirlwind","True Grit"],"picked":"Barricade","floor":27.0},{"not_picked":["Dual Wield","Havoc","Clash"],"picked":"Singing Bowl","floor":28.0},{"not_picked":["Sword Boomerang","Intimidate","Clash"],"picked":"Singing Bowl","floor":30.0},{"not_picked":["Shockwave","Thunderclap","True Grit"],"picked":"Singing Bowl","floor":31.0}],"player_experience":115842,"relics_obtained":[{"floor":6.0,"key":"Incense Burner"},{"floor":9.0,"key":"Eternal Feather"},{"floor":10.0,"key":"White Beast Statue"},{"floor":12.0,"key":"Centennial Puzzle"},{"floor":14.0,"key":"Omamori"},{"floor":24.0,"key":"Du-Vu Doll"},{"floor":30.0,"key":"Whetstone"}],"event_choices":[{"damage_healed":0.0,"max_hp_gain":0.0,"max_hp_loss":0.0,"gold_gain":0.0,"event_name":"Shining Light","player_choice":"Entered Light","floor":2.0,"gold_loss":0.0,"damage_taken":23.0,"cards_upgraded":["Strike_R","Defend_R"]},{"damage_healed":0.0,"max_hp_gain":0.0,"max_hp_loss":0.0,"gold_gain":0.0,"event_name":"Addict","player_choice":"Stole Relic","floor":22.0,"gold_loss":0.0,"damage_taken":0.0,"relics_obtained":["MealTicket"],"cards_obtained":["Shame"]},{"damage_healed":0.0,"max_hp_gain":0.0,"max_hp_loss":0.0,"gold_gain":0.0,"event_name":"The Library","player_choice":"Read","floor":29.0,"gold_loss":0.0,"damage_taken":0.0,"cards_obtained":["Second Wind"]}],"is_beta":false,"boss_relics":[{"not_picked":["Ectoplasm","Runic Pyramid"],"picked":"Velvet Choker"}],"items_purged_floors":[],"is_endless":false,"potions_floor_spawned":[1,5,8,12,14,16,18,19,21,24,27,28,30,31],"killed_by":"Automaton","ascension_level":20}}