{"host":"ujyomg7d1f18u2we","time":1608912640,"event":{"mods":["AchievementEnabler","AlwaysNeverKeys","Aspiration","BaseMod","Colored Map","DeckTracker","Gremlin Skip","Highlight Path","Hubris","Minty Spire (QoL Compilation)","Quick Restart","Random Character Button","StSLib"],"gold_per_floor":[111,111,130,204,174,205,224,251,251,263,263,263,273,286,286,385,385,415,447,459,490,349,349,378,378,427,461,461,461,479,198,198,198,198],"floor_reached":33,"playtime":889,"items_purged":[],"score":320,"play_id":"c8c36dc0-3160-423b-a42b-ca7bf82e28c3","local_time":"20201225131040","is_ascension_mode":false,"campfire_choices":[{"data":"Armaments","floor":11,"key":"SMITH"},{"data":"Spot Weakness","floor":15,"key":"SMITH"},{"floor":23,"key":"REST"},{"floor":25,"key":"REST"},{"floor":28,"key":"REST"},{"floor":32,"key":"REST"}],"circlet_count":0,"master_deck":["Strike_R","Strike_R","Strike_R","Strike_R","Strike_R","Defend_R","Defend_R","Defend_R","Defend_R","Bash","Armaments+1","Spot Weakness+1","Dropkick","Shrug It Off","Demon Form+1","Feed","CurseOfTheBell","Shrug It Off+1","Flex+1"],"relics":["Burning Blood","NeowsBlessing","Frozen Egg 2","Lantern","InkBottle","aspiration:HummingbirdHeart","Calling Bell","MawBank","Blue Candle","WingedGreaves","Medical Kit","Champion Belt","PreservedInsect","Toy Ornithopter","Membership Card","Eternal Feather"],"acts_visited":["Exordium","TheCity"],"potions_floor_usage":[7,13,16,16,19,24,27,27,30,30,33],"damage_taken":[{"damage":0,"enemies":"Cultist","floor":1,"turns":1},{"damage":0,"enemies":"2 Louse","floor":3,"turns":1},{"damage":0,"enemies":"Lagavulin","floor":6,"turns":1},{"damage":3,"enemies":"Jaw Worm","floor":7,"turns":2},{"damage":28,"enemies":"Gremlin Nob","floor":8,"turns":4},{"damage":1,"enemies":"Red Slaver","floor":10,"turns":5},{"damage":2,"enemies":"Gremlin Gang","floor":13,"turns":4},{"damage":12,"enemies":"Exordium Thugs","floor":14,"turns":4},{"damage":8,"enemies":"Hexaghost","floor":16,"turns":9},{"damage":25,"enemies":"Shell Parasite","floor":18,"turns":5},{"damage":29,"enemies":"3 Byrds","floor":19,"turns":7},{"damage":10,"enemies":"Snake Plant","floor":21,"turns":4},{"damage":31,"enemies":"Book of Stabbing","floor":24,"turns":7},{"damage":26,"enemies":"Gremlin Leader","floor":27,"turns":8},{"damage":40,"enemies":"Sentry and Sphere","floor":30,"turns":7},{"damage":91,"enemies":"Collector","floor":33,"turns":10}],"seed_played":"941747957470990807","potions_obtained":[{"floor":1,"key":"Explosive Potion"},{"floor":5,"key":"LiquidMemories"},{"floor":5,"key":"SkillPotion"},{"floor":7,"key":"Ancient Potion"},{"floor":14,"key":"BloodPotion"},{"floor":16,"key":"DistilledChaos"},{"floor":19,"key":"LiquidMemories"},{"floor":21,"key":"Block Potion"},{"floor":24,"key":"FearPotion"},{"floor":27,"key":"Explosive Potion"},{"floor":30,"key":"LiquidBronze"}],"is_trial":false,"path_per_floor":["M","$","M","T","?","E","M","E","T","M","R","?","M","M","R","B",null,"M","M","$","M","$","R","E","R","T","E","R","?","M","$","R","B"],"character_chosen":"IRONCLAD","items_purchased":["Medical Kit","Membership Card","Eternal Feather"],"campfire_rested":4,"item_purchase_floors":[22,31,31],"current_hp_per_floor":[80,80,80,80,80,80,80,58,58,63,63,63,67,61,61,75,80,65,42,42,41,41,67,42,68,68,48,74,74,53,53,89,0,0],"gold":198,"neow_bonus":"THREE_ENEMY_KILL","is_daily":false,"chose_seed":false,"campfire_upgraded":2,"win_rate":0.0,"timestamp":1608912640,"path_taken":["M","$","?","?","?","E","?","E","T","M","R","?","?","M","R","BOSS","M","M","$","?","$","R","E","R","T","E","R","?","M","$","R","BOSS"],"items_purchased_type":["Relic","Relic","Relic"],"build_version":"2020-12-22","purchased_purges":0,"victory":false,"max_hp_per_floor":[80,80,80,80,80,80,80,80,80,80,80,80,80,80,80,80,80,84,84,84,87,87,87,87,87,87,87,87,87,90,90,90,90,90],"card_choices":[{"not_picked":["Sentinel","True Grit"],"picked":"Armaments","floor":1},{"not_picked":["Whirlwind","Sever Soul","Iron Wave"],"picked":"SKIP","floor":3},{"not_picked":["Armaments","Anger"],"picked":"Spot Weakness","floor":6},{"not_picked":["Sword Boomerang","Combust+1"],"picked":"Dropkick","floor":7},{"not_picked":["Iron Wave","hubris:CleavingFinish","Juggernaut+1"],"picked":"SKIP","floor":8},{"not_picked":["Heavy Blade","Thunderclap"],"picked":"Shrug It Off","floor":10},{"not_picked":["hubris:SharpeningStone","Warcry","Clothesline"],"picked":"SKIP","floor":13},{"not_picked":["hubris:ReadiedAction","Wild Strike","Clash"],"picked":"SKIP","floor":14},{"not_picked":["Immolate","Corruption+1"],"picked":"Feed","floor":16},{"not_picked":["Inflame+1","Armaments"],"picked":"Shrug It Off+1","floor":18},{"not_picked":["True Grit","Disarm","Sentinel+1"],"picked":"SKIP","floor":19},{"not_picked":["Havoc+1","Entrench","Clothesline+1"],"picked":"SKIP","floor":21},{"not_picked":["Brutality+1","Disarm","Dropkick"],"picked":"SKIP","floor":24},{"not_picked":["Wild Strike","Body Slam"],"picked":"Flex+1","floor":27},{"not_picked":["hubris:ReadiedAction","Twin Strike","Hemokinesis+1"],"picked":"SKIP","floor":30}],"player_experience":1562694,"relics_obtained":[{"floor":4,"key":"Frozen Egg 2"},{"floor":6,"key":"Lantern"},{"floor":8,"key":"InkBottle"},{"floor":9,"key":"aspiration:HummingbirdHeart"},{"floor":17,"key":"MawBank"},{"floor":17,"key":"Blue Candle"},{"floor":17,"key":"WingedGreaves"},{"floor":24,"key":"Champion Belt"},{"floor":26,"key":"PreservedInsect"},{"floor":27,"key":"Toy Ornithopter"}],"event_choices":[{"damage_healed":0,"gold_gain":0,"player_choice":"Bought 2 Potions","damage_taken":0,"max_hp_gain":0,"max_hp_loss":0,"event_name":"The Woman in Blue","floor":5,"gold_loss":0},{"damage_healed":0,"gold_gain":0,"player_choice":"1 cards matched","damage_taken":0,"max_hp_gain":0,"max_hp_loss":0,"event_name":"Match and Keep!","floor":12,"gold_loss":0,"cards_obtained":["Demon Form"]},{"damage_healed":0,"gold_gain":0,"player_choice":"Ignored","damage_taken":0,"max_hp_gain":0,"max_hp_loss":0,"event_name":"N\u0027loth","floor":29,"gold_loss":0}],"is_beta":false,"boss_relics":[{"not_picked":["aspiration:FutureDiary","SlaversCollar"],"picked":"Calling Bell"}],"items_purged_floors":[],"is_endless":false,"potions_floor_spawned":[1,7,14,16,19,21,24,27,30],"killed_by":"Collector","ascension_level":0}}