{"host":"cwd5s03r1oaxs6mx","time":1608913257,"event":{"mods":["Act Like it!","BaseMod","Better Third Choice","BetterRewards","CapriCore","Card Filter","Colored Map","Custom Start","DeckTracker","Friendly Minions","Hubris","Infinite Spire","Minty Spire (QoL Compilation)","Quick Restart","Relic Stats","Shop Mod","Spicy Shops","StSLib","SuperFastMode","The Gatherer"],"gold_per_floor":[119,138,138,138,155,155,190,190,190,1,27,41,55,55,55,129,129,140,140,158,170,180,211,75,105,131,131,148,148,182,193,193,267,267,279,289,289,305,325,352,363,392,469,501,511,511,523,542,542,542,542,542,542,382,412,412],"floor_reached":57,"playtime":1766,"items_purged":["Strike_B","Strike_B","Strike_B","Strike_B","Dualcast","Zap","Defend_B","Defend_B"],"score":3486,"play_id":"9df08543-8b36-4df7-b437-7ddc03c1a6f5","local_time":"20201226012057","is_ascension_mode":true,"campfire_choices":[{"data":"Deep Breath","floor":6.0,"key":"SMITH"},{"data":"Hologram","floor":8.0,"key":"SMITH"},{"data":"Reboot","floor":15.0,"key":"SMITH"},{"data":"Reboot","floor":27.0,"key":"SMITH"},{"data":"Scrape","floor":29.0,"key":"SMITH"},{"floor":32.0,"key":"RECALL"},{"data":"Flash of Steel","floor":49.0,"key":"SMITH"},{"data":"Master of Strategy","floor":53.0,"key":"SMITH"}],"circlet_count":0,"master_deck":["AscendersBane","Good Instincts","Gash","Scrape+1","Deep Breath+1","Master of Strategy+1","Gash","Core Surge","Hologram+1","Gash","Flash of Steel+1","Gash","Reboot+1","Reboot+1","infinitespire:Menacing+1","Leap+1","Echo Form","Reboot+1","Seek+1","Reboot+1"],"relics":["infinitespire:DarkRift","Membership Card","Letter Opener","Shuriken","infinitespire:CheckeredPen","infinitespire:BottledMercury","Turnip","Medical Kit","Kunai","infinitespire:Cubic Diamond","hubris:BundleOfHerbs","Gremlin Horn","infinitespire:Freezer","hubris:HollowSoul","Cables","Toxic Egg 2","Orichalcum","Tiny Chest","Gambling Chip","Nuclear Battery","Akabeko","Ancient Tea Set","Frozen Egg 2","Happy Flower","Bag of Marbles","Pen Nib"],"acts_visited":["Exordium","TheCity","TheBeyond","TheEnding"],"potions_floor_usage":[56],"damage_taken":[{"damage":0.0,"enemies":"Jaw Worm","floor":1.0,"turns":2.0},{"damage":0.0,"enemies":"2 Louse","floor":2.0,"turns":2.0},{"damage":0.0,"enemies":"Small Slimes","floor":5.0,"turns":2.0},{"damage":0.0,"enemies":"Gremlin Nob","floor":7.0,"turns":2.0},{"damage":0.0,"enemies":"3 Sentries","floor":11.0,"turns":2.0},{"damage":0.0,"enemies":"Looter","floor":12.0,"turns":2.0},{"damage":0.0,"enemies":"Exordium Thugs","floor":13.0,"turns":2.0},{"damage":0.0,"enemies":"Slime Boss","floor":16.0,"turns":2.0},{"damage":0.0,"enemies":"Spheric Guardian","floor":18.0,"turns":2.0},{"damage":0.0,"enemies":"2 Thieves","floor":20.0,"turns":1.0},{"damage":0.0,"enemies":"Sentry and Sphere","floor":21.0,"turns":1.0},{"damage":0.0,"enemies":"Centurion and Healer","floor":22.0,"turns":1.0},{"damage":0.0,"enemies":"Book of Stabbing","floor":23.0,"turns":2.0},{"damage":0.0,"enemies":"Slavers","floor":25.0,"turns":1.0},{"damage":0.0,"enemies":"3 Cultists","floor":28.0,"turns":2.0},{"damage":0.0,"enemies":"Nightmare","floor":30.0,"turns":1.0},{"damage":0.0,"enemies":"Shelled Parasite and Fungi","floor":31.0,"turns":1.0},{"damage":0.0,"enemies":"Collector","floor":33.0,"turns":1.0},{"damage":0.0,"enemies":"3 Shapes","floor":35.0,"turns":1.0},{"damage":0.0,"enemies":"Orb Walker","floor":36.0,"turns":1.0},{"damage":12.0,"enemies":"Sphere and 2 Shapes","floor":38.0,"turns":1.0},{"damage":0.0,"enemies":"Writhing Mass","floor":39.0,"turns":3.0},{"damage":0.0,"enemies":"Nemesis","floor":40.0,"turns":2.0},{"damage":0.0,"enemies":"Spire Growth","floor":41.0,"turns":1.0},{"damage":0.0,"enemies":"Reptomancer","floor":42.0,"turns":1.0},{"damage":0.0,"enemies":"Nightmare","floor":44.0,"turns":2.0},{"damage":0.0,"enemies":"Jaw Worm Horde","floor":45.0,"turns":1.0},{"damage":0.0,"enemies":"4 Shapes","floor":47.0,"turns":1.0},{"damage":0.0,"enemies":"Sphere and 2 Shapes","floor":48.0,"turns":1.0},{"damage":13.0,"enemies":"infinitespire:MassOfShapes","floor":50.0,"turns":2.0},{"damage":7.0,"enemies":"Time Eater","floor":51.0,"turns":4.0},{"damage":0.0,"enemies":"Shield and Spear","floor":55.0,"turns":1.0},{"damage":49,"enemies":"The Heart","floor":56,"turns":6}],"seed_played":"-5000402061456623072","potions_obtained":[{"floor":1.0,"key":"SkillPotion"},{"floor":11.0,"key":"FocusPotion"},{"floor":12.0,"key":"Regen Potion"},{"floor":31.0,"key":"FearPotion"}],"is_trial":false,"path_per_floor":["M","M","?","?","M","R","E","R","T","$","E","M","M","?","R","B",null,"M","?","M","M","M","E","$","E","T","R","M","R","NM","M","R","B",null,"M","M","AVR","M","M","E","M","E","T","NM","M","?","M","M","R","B","B",null,"R","$","E","B",null],"character_chosen":"DEFECT","items_purchased":["Membership Card","Good Instincts","Letter Opener","Shuriken","Gash","Scrape","Deep Breath","Master of Strategy","Gash","infinitespire:CheckeredPen","infinitespire:BottledMercury","Core Surge","Hologram","Gash","Flash of Steel","Turnip","Medical Kit","Kunai","Gash","Reboot","Toxic Egg 2","Happy Flower","Bag of Marbles"],"campfire_rested":0,"item_purchase_floors":[0,0,0,0,0,0,0,0,0,0,0,0,0,0,0,0,0,0,0,10,24,54,54],"current_hp_per_floor":[64,64,64,69,69,69,69,69,69,69,69,69,69,69,69,69,74,74,74,74,74,74,74,74,74,74,74,74,74,74,74,74,74,76,76,76,76,64,64,64,64,74,74,74,74,74,74,74,74,61,54,71,71,71,71,36],"gold":412,"neow_bonus":"","is_daily":false,"chose_seed":false,"campfire_upgraded":7,"win_rate":0.0,"timestamp":1608913257,"path_taken":["M","M","?","?","?","R","E","R","T","$","E","M","M","?","R","BOSS","M","?","M","M","M","E","$","E","T","R","M","R","NM","M","R","BOSS","BOSS","M","M","AVR","M","M","E","M","E","T","NM","M","?","M","M","R","BOSS","BOSS","R","$","E","BOSS"],"items_purchased_type":["Relic","Card","Relic","Relic","Card","Card","Card","Card","Card","Relic","Relic","Card","Card","Card","Card","Relic","Relic","Relic","Card","Card","Relic","Relic","Relic"],"build_version":"2020-12-22","purchased_purges":8,"victory":true,"max_hp_per_floor":[71,71,71,76,76,76,76,76,76,76,76,76,76,76,76,76,76,76,76,76,76,76,76,76,76,76,76,76,76,76,76,76,76,76,76,76,76,76,76,76,76,76,76,76,76,76,76,76,76,76,76,76,76,76,76,76],"relic_stats":{"Gremlin Horn":[29,29],"Happy Flower":[67],"counters":[111,380],"Pen Nib":[3],"Letter Opener":[484],"Orichalcum":[54],"Medical Kit":[7],"Cables":[29,0,1,0,28],"Shuriken":[200],"Gambling Chip":[4],"Tiny Chest":0,"Turnip":[2],"Kunai":[118],"obtain_stats":[{"hubris:BallOfYels":0,"infinitespire:BottledMercury":0,"Calipers":54,"Gremlin Horn":9,"hubris:VirtuousBlindfold":17,"infinitespire:Cubic Diamond":3,"Runic Capacitor":0,"hubris:MysteriousPyramids":40,"Boot":25,"Sozu":34,"Centennial Puzzle":6,"MealTicket":10,"Kunai":0,"Toxic Egg 2":0,"hubris:RGBLights":47,"hubris:MobiusCoin":12,"Girya":8,"MerchantsRug":54,"Happy Flower":8,"Blue Candle":55,"Oddly Smooth Stone":8,"hubris:HollowSoul":17,"Pen Nib":55,"Letter Opener":0,"War Paint":26,"Question Card":23,"Akabeko":40,"Cables":23,"hubris:Zylophone":4,"Shuriken":0,"Molten Egg 2":0,"infinitespire:EmpoweringShard":30,"infinitespire:PuzzleCube":55,"Lantern":43,"Incense Burner":27,"Smiling Mask":0,"Ancient Tea Set":13,"Empty Cage":29,"Nunchaku":28,"hubris:Icosahedron":7,"Pantograph":54,"Gambling Chip":30,"Tiny Chest":26,"Chemical X":31,"infinitespire:Eraser":11,"Cracked Core":0,"InkBottle":26,"Runic Pyramid":17,"infinitespire:Joker Card":3,"The Courier":8,"infinitespire:CheckeredPen":9,"Orichalcum":26,"Frozen Egg 2":44,"Medical Kit":0,"Nuclear Battery":34,"Anchor":54,"infinitespire:DarkRift":3,"Busted Crown":34,"Turnip":0,"hubris:BundleOfHerbs":7,"Bag of Marbles":13,"Membership Card":0,"Bottled Lightning":9,"hubris:CrackedHourglass":17,"hubris:OldNail":6,"hubris:Potato":0,"TungstenRod":41,"hubris:NiceRug":0,"infinitespire:Freezer":11},{"hubris:BallOfYels":14,"infinitespire:BottledMercury":78,"Calipers":76,"Gremlin Horn":82,"hubris:VirtuousBlindfold":10,"infinitespire:Cubic Diamond":80,"Runic Capacitor":22,"hubris:MysteriousPyramids":39,"Boot":62,"Sozu":37,"Centennial Puzzle":20,"MealTicket":53,"Kunai":78,"Toxic Egg 2":46,"hubris:RGBLights":73,"hubris:MobiusCoin":7,"Girya":21,"MerchantsRug":76,"Happy Flower":52,"Blue Candle":77,"Oddly Smooth Stone":5,"hubris:HollowSoul":86,"Pen Nib":110,"Letter Opener":78,"War Paint":35,"Question Card":61,"Akabeko":101,"Cables":91,"hubris:Zylophone":25,"Shuriken":46,"Molten Egg 2":46,"infinitespire:EmpoweringShard":65,"infinitespire:PuzzleCube":45,"Lantern":40,"Incense Burner":63,"Smiling Mask":0,"Ancient Tea Set":27,"Empty Cage":64,"Nunchaku":14,"hubris:Icosahedron":4,"Pantograph":76,"Gambling Chip":94,"Tiny Chest":92,"Chemical X":36,"infinitespire:Eraser":21,"Cracked Core":0,"InkBottle":13,"Runic Pyramid":57,"infinitespire:Joker Card":3,"The Courier":27,"infinitespire:CheckeredPen":52,"Orichalcum":62,"Frozen Egg 2":104,"Medical Kit":46,"Nuclear Battery":96,"Anchor":76,"infinitespire:DarkRift":80,"Busted Crown":66,"Turnip":78,"hubris:BundleOfHerbs":82,"Bag of Marbles":55,"Membership Card":2,"Bottled Lightning":21,"hubris:CrackedHourglass":30,"hubris:OldNail":26,"hubris:Potato":46,"TungstenRod":71,"hubris:NiceRug":0,"infinitespire:Freezer":83},{"hubris:BallOfYels":86,"infinitespire:BottledMercury":323,"Calipers":313,"Gremlin Horn":331,"hubris:VirtuousBlindfold":59,"infinitespire:Cubic Diamond":327,"Runic Capacitor":120,"hubris:MysteriousPyramids":194,"Boot":272,"Sozu":187,"Centennial Puzzle":110,"MealTicket":252,"Kunai":323,"Toxic Egg 2":237,"hubris:RGBLights":303,"hubris:MobiusCoin":33,"Girya":116,"MerchantsRug":313,"Happy Flower":249,"Blue Candle":318,"Oddly Smooth Stone":21,"hubris:HollowSoul":339,"Pen Nib":374,"Letter Opener":323,"War Paint":176,"Question Card":270,"Akabeko":360,"Cables":346,"hubris:Zylophone":129,"Shuriken":237,"Molten Egg 2":237,"infinitespire:EmpoweringShard":279,"infinitespire:PuzzleCube":228,"Lantern":199,"Incense Burner":273,"Smiling Mask":0,"Ancient Tea Set":143,"Empty Cage":276,"Nunchaku":86,"hubris:Icosahedron":16,"Pantograph":313,"Gambling Chip":350,"Tiny Chest":347,"Chemical X":181,"infinitespire:Eraser":116,"Cracked Core":0,"InkBottle":75,"Runic Pyramid":262,"infinitespire:Joker Card":13,"The Courier":143,"infinitespire:CheckeredPen":249,"Orichalcum":272,"Frozen Egg 2":364,"Medical Kit":237,"Nuclear Battery":352,"Anchor":313,"infinitespire:DarkRift":327,"Busted Crown":282,"Turnip":323,"hubris:BundleOfHerbs":331,"Bag of Marbles":255,"Membership Card":8,"Bottled Lightning":116,"hubris:CrackedHourglass":156,"hubris:OldNail":137,"hubris:Potato":237,"TungstenRod":297,"hubris:NiceRug":0,"infinitespire:Freezer":333}]},"card_choices":[{"not_picked":["Capacitor","Aggregate","Steam"],"picked":"SKIP","floor":1.0},{"not_picked":["Storm","Stack","Aggregate"],"picked":"SKIP","floor":2.0},{"not_picked":["Rebound","Chaos","Loop"],"picked":"SKIP","floor":5.0},{"not_picked":["Go for the Eyes","Glacier","Conserve Battery"],"picked":"SKIP","floor":7.0},{"not_picked":["Go for the Eyes","Chaos","Conserve Battery"],"picked":"SKIP","floor":11.0},{"not_picked":["Ball Lightning","Self Repair","Defragment"],"picked":"SKIP","floor":12.0},{"not_picked":["Rebound","Consume","Steam Power"],"picked":"SKIP","floor":13.0},{"not_picked":["Buffer","Multi-Cast"],"picked":"Reboot","floor":16.0},{"not_picked":["Doom and Gloom","Blizzard","Rebound"],"picked":"SKIP","floor":18.0},{"not_picked":["Steam","Static Discharge","Cold Snap"],"picked":"SKIP","floor":20.0},{"not_picked":["White Noise+1","Storm","Lockon"],"picked":"SKIP","floor":21.0},{"not_picked":["Recycle","FTL","Go for the Eyes+1"],"picked":"SKIP","floor":22.0},{"not_picked":["Doom and Gloom+1","Capacitor","Static Discharge"],"picked":"SKIP","floor":23.0},{"not_picked":["Hologram+1","Double Energy+1","Chill+1"],"picked":"SKIP","floor":25.0},{"not_picked":["Loop","Hologram+1","Gash"],"picked":"SKIP","floor":28.0},{"not_picked":["infinitespire:Punishment","infinitespire:Fortify"],"picked":"infinitespire:Menacing","floor":30.0},{"not_picked":["Storm","Rip and Tear"],"picked":"Leap+1","floor":30.0},{"not_picked":["Turbo+1","Hologram+1","Ball Lightning"],"picked":"SKIP","floor":31.0},{"not_picked":["Rainbow+1","Core Surge"],"picked":"Echo Form","floor":33.0},{"not_picked":["Chill+1","Rip and Tear","Aggregate+1"],"picked":"SKIP","floor":35.0},{"not_picked":["Redo+1","Defragment","Cold Snap"],"picked":"SKIP","floor":36.0},{"not_picked":["Sweeping Beam+1","Go for the Eyes","Ball Lightning+1"],"picked":"SKIP","floor":38.0},{"not_picked":["Fusion+1","Rebound","Barrage"],"picked":"SKIP","floor":39.0},{"not_picked":["White Noise+1","Undo+1","Electrodynamics"],"picked":"SKIP","floor":40.0},{"not_picked":["Leap+1","Sweeping Beam","Beam Cell"],"picked":"SKIP","floor":41.0},{"not_picked":["Defragment","Consume+1"],"picked":"Reboot+1","floor":42.0},{"not_picked":["Cold Snap+1","Double Energy+1"],"picked":"Seek+1","floor":44.0},{"not_picked":["Auto Shields+1","Hologram+1","Barrage"],"picked":"SKIP","floor":45.0},{"not_picked":["Rebound","Cold Snap","Beam Cell"],"picked":"SKIP","floor":47.0},{"not_picked":["Blizzard+1","Beam Cell+1"],"picked":"Reboot+1","floor":48.0},{"not_picked":["Turbo+1","Ball Lightning","Skim+1"],"picked":"SKIP","floor":55.0}],"player_experience":956100,"relics_obtained":[{"floor":7.0,"key":"hubris:BundleOfHerbs"},{"floor":9.0,"key":"Gremlin Horn"},{"floor":11.0,"key":"infinitespire:Freezer"},{"floor":23.0,"key":"Cables"},{"floor":25.0,"key":"Orichalcum"},{"floor":26.0,"key":"Tiny Chest"},{"floor":30.0,"key":"Gambling Chip"},{"floor":40.0,"key":"Akabeko"},{"floor":42.0,"key":"Ancient Tea Set"},{"floor":44.0,"key":"Frozen Egg 2"},{"floor":55.0,"key":"Pen Nib"}],"event_choices":[{"damage_healed":0.0,"max_hp_gain":5.0,"max_hp_loss":0.0,"gold_gain":0.0,"event_name":"Big Fish","player_choice":"Donut","floor":4.0,"gold_loss":0.0,"damage_taken":0.0},{"cards_removed":["Defend_B"],"damage_healed":0.0,"max_hp_gain":0.0,"max_hp_loss":0.0,"gold_gain":0.0,"event_name":"Living Wall","player_choice":"Forget","floor":14.0,"gold_loss":0.0,"damage_taken":0.0},{"cards_removed":["Defend_B"],"damage_healed":0.0,"max_hp_gain":0.0,"max_hp_loss":0.0,"gold_gain":0.0,"event_name":"Purifier","player_choice":"Purged","floor":19.0,"gold_loss":0.0,"damage_taken":0.0},{"damage_healed":0.0,"max_hp_gain":0.0,"max_hp_loss":0.0,"gold_gain":0.0,"event_name":"Tomb of Lord Red Mask","player_choice":"Ignored","floor":46.0,"gold_loss":0.0,"damage_taken":0.0}],"is_beta":false,"boss_relics":[{"not_picked":["SacredBark","Philosopher\u0027s Stone"],"picked":"hubris:HollowSoul"},{"not_picked":["Astrolabe","Busted Crown"],"picked":"Nuclear Battery"}],"items_purged_floors":[0,0,0,0,0,0,10,37],"is_endless":false,"potions_floor_spawned":[1,11,12,13,16,18,20,21,31,33,38,41,44,47,48,55],"ascension_level":20}}