{"host":"34dziau2azxd7ce3","time":1608895615,"event":{"mods":["ATMod(阿瑾Mod)","Act Like it!","BaseMod","Minty Spire (QoL Compilation)","Replay The Spire","Robot Space Explorer","RumiaBox-露米娅的神秘盒子","StSLib","SuperFastMode","TestMod","【遗物卡牌】REMEMod"],"gold_per_floor":[112,124,146,158,170,211,223,235,272,299,346,376,388,428,440,549,561,592,624,658,101,101,101,144,177,177,26,140,174,201,224,224,360,360,387,416,449,495,495,539,567,567,592,592,611,611,642,112,112,132],"floor_reached":51,"playtime":2603,"items_purged":["RobotSpaceExplorer:Strike","RobotSpaceExplorer:Strike"],"score":971,"play_id":"afb8bf7b-76d9-48f0-bcfb-c9c8b8546a5e","local_time":"20201225192655","is_ascension_mode":false,"campfire_choices":[{"floor":8.0,"key":"REST"},{"data":"AT_FamilyPortrait","floor":23,"key":"SMITH"},{"data":"AT_FamilyPortrait","floor":32,"key":"SMITH"},{"data":"RobotSpaceExplorer:Accelerator","floor":42,"key":"SMITH"},{"data":"RobotSpaceExplorer:PowerCollector","floor":44,"key":"SMITH"},{"data":"RobotSpaceExplorer:Explosion","floor":46,"key":"SMITH"},{"data":"RobotSpaceExplorer:Comet","floor":49,"key":"SMITH"}],"circlet_count":0,"master_deck":["RobotSpaceExplorer:Defend+1","RobotSpaceExplorer:MiniLasers+1","AT_FamilyPortrait+1","AT_FamilyPortrait+1","Adrenaline","RobotSpaceExplorer:PlasmaMissile","RobotSpaceExplorer:RigExplosive","RobotSpaceExplorer:Jetpack+1","RobotSpaceExplorer:ShockMissile","RobotSpaceExplorer:Explosion+1","RobotSpaceExplorer:Comet+1","RobotSpaceExplorer:Reload","RobotSpaceExplorer:ScrapMissile","RobotSpaceExplorer:GlueShot","RobotSpaceExplorer:Accelerator+1","RobotSpaceExplorer:BigMissile+1","RobotSpaceExplorer:PowerCollector+1","RobotSpaceExplorer:Pulsar","RobotSpaceExplorer:StunGrenade+1","RobotSpaceExplorer:Pulsar","RobotSpaceExplorer:Reload+1","RobotSpaceExplorer:DualCore+1"],"relics":["RobotSpaceExplorer:RoboCore","testmod-TestBox","REME_ComplimentaryCards","AT_ATBox","testmod-Register","MawBank","Replay:Rubber Ducky","RobotSpaceExplorer:FoglandsKnife","ReplayTheSpireMod:Lightbulb","Divine Protection","StrikeDummy","testmod-DeterminationOfClimber","Sling","MealTicket","Replay:Baseball","GodSword3","testmod-TheFather","LastBattle","Empty Cage","Bag of Preparation","Dream Catcher","AT_EbonyIvory","Nunchaku","testmod-Hope","AT_LudenTempest"],"acts_visited":["Exordium","TheCity","TheBeyond"],"potions_floor_usage":[14,16,18,24,33,37,38],"damage_taken":[{"damage":7.0,"enemies":"2 Louse","floor":1.0,"turns":2.0},{"damage":0.0,"enemies":"Jaw Worm","floor":3.0,"turns":3.0},{"damage":4.0,"enemies":"Gremlin Nob","floor":6.0,"turns":3.0},{"damage":0.0,"enemies":"Cultist","floor":10.0,"turns":2.0},{"damage":17.0,"enemies":"3 Sentries","floor":11.0,"turns":8.0},{"damage":0.0,"enemies":"Large Slime","floor":12.0,"turns":4.0},{"damage":5,"enemies":"Replay:BlueRogue","floor":14,"turns":4},{"damage":32,"enemies":"The Guardian","floor":16,"turns":11},{"damage":0,"enemies":"2 Thieves","floor":18,"turns":3},{"damage":0,"enemies":"Spheric Guardian","floor":19,"turns":1},{"damage":0,"enemies":"Snake Plant","floor":20,"turns":2},{"damage":0,"enemies":"Book of Stabbing","floor":24,"turns":2},{"damage":0,"enemies":"Centurion and Healer","floor":25,"turns":2},{"damage":0,"enemies":"Colosseum Slavers","floor":28,"turns":1},{"damage":0,"enemies":"Colosseum Nobs","floor":28,"turns":2},{"damage":0,"enemies":"3 Cultists","floor":29,"turns":1},{"damage":0,"enemies":"Snake Plant","floor":30,"turns":1},{"damage":0,"enemies":"Cultist and Chosen","floor":31,"turns":1},{"damage":0,"enemies":"Automaton","floor":33,"turns":2},{"damage":0,"enemies":"3 Darklings","floor":35,"turns":1},{"damage":0,"enemies":"3 Shapes","floor":36,"turns":1},{"damage":0,"enemies":"Maw","floor":37,"turns":2},{"damage":0,"enemies":"3 Darklings","floor":38,"turns":1},{"damage":0,"enemies":"R_Hoarder","floor":40,"turns":2},{"damage":0,"enemies":"Writhing Mass","floor":41,"turns":1},{"damage":0,"enemies":"Sphere and 2 Shapes","floor":45,"turns":1},{"damage":0,"enemies":"4 Shapes","floor":47,"turns":1},{"damage":0,"enemies":"Time Eater","floor":50,"turns":4}],"seed_played":"4150273553584478304","potions_obtained":[{"floor":3.0,"key":"Block Potion"},{"floor":12.0,"key":"DistilledChaos"},{"floor":14,"key":"SpeedPotion"},{"floor":18,"key":"SpeedPotion"},{"floor":19,"key":"Adrenaline Potion"},{"floor":25,"key":"LifebloodPotion"},{"floor":30,"key":"Dexterity Potion"},{"floor":37,"key":"Fire Potion"},{"floor":40,"key":"DistilledChaos"},{"floor":41,"key":"PowerPotion"}],"is_trial":false,"path_per_floor":["M","$","M","?","?","E","?","R","T","M","E","M","?","E","R","B",null,"M","M","M","$","?","R","E","M","T","$","?","M","M","M","R","B",null,"M","M","M","M","?","E","M","R","T","R","M","R","M","$","R","B",null],"character_chosen":"RobotSpaceExplorer","items_purchased":["Sling","MealTicket","Replay:Baseball","RobotSpaceExplorer:GlueShot","RobotSpaceExplorer:BigMissile+1","testmod-Hope","AT_LudenTempest"],"campfire_rested":1,"item_purchase_floors":[21,21,21,21,27,48,48],"current_hp_per_floor":[47,47,47,32,20,16,9,31,31,31,14,14,14,39,39,7,75,75,75,75,75,75,75,75,75,75,75,75,75,75,75,75,75,75,75,75,75,75,75,77,77,77,77,77,77,77,77,77,77,77],"gold":132,"neow_bonus":"RANDOM_COLORLESS_2","is_daily":false,"chose_seed":false,"campfire_upgraded":6,"win_rate":0.0,"timestamp":1608895615,"path_taken":["M","$","M","?","?","E","?","R","T","M","E","?","?","E","R","BOSS","M","M","M","$","?","R","E","M","T","?","?","M","M","?","R","BOSS","M","?","M","?","?","E","M","R","T","R","M","R","M","$","R","BOSS"],"items_purchased_type":["Relic","Relic","Relic","Card","Card","Relic","Relic"],"build_version":"2020-12-22","purchased_purges":2,"victory":true,"max_hp_per_floor":[75,75,75,75,75,75,75,75,75,75,75,75,75,75,75,75,75,75,75,75,75,75,75,75,75,75,75,75,75,75,75,75,75,75,75,75,75,75,75,77,77,77,77,77,77,77,77,77,77,77],"card_choices":[{"not_picked":["Mayhem","testmod-SelfRegulatingSystem"],"picked":"AT_FamilyPortrait","floor":0.0},{"not_picked":["RobotSpaceExplorer:TurboDodge","RobotSpaceExplorer:SurgingStrike"],"picked":"RobotSpaceExplorer:PlasmaMissile","floor":1.0},{"not_picked":["RobotSpaceExplorer:Discharger","RobotSpaceExplorer:FranticSearch","RobotSpaceExplorer:Counterblock"],"picked":"SKIP","floor":3.0},{"not_picked":["RobotSpaceExplorer:ShockKick","RobotSpaceExplorer:Discharger","RobotSpaceExplorer:Probe"],"picked":"SKIP","floor":6.0},{"not_picked":["RobotSpaceExplorer:ImprovisedAttack","RobotSpaceExplorer:LaserBurst","RobotSpaceExplorer:Ammunition"],"picked":"SKIP","floor":10.0},{"not_picked":["RobotSpaceExplorer:SelfCleaning","RobotSpaceExplorer:GlueShot","RobotSpaceExplorer:ImprovisedAttack"],"picked":"SKIP","floor":11.0},{"not_picked":["RobotSpaceExplorer:MakeshiftVolley","RobotSpaceExplorer:DoubleBlock"],"picked":"RobotSpaceExplorer:RigExplosive","floor":12.0},{"not_picked":["RobotSpaceExplorer:MetalStrike","RobotSpaceExplorer:DroneSwarm"],"picked":"RobotSpaceExplorer:ShockMissile","floor":14},{"not_picked":["RobotSpaceExplorer:BlastShield","RobotSpaceExplorer:Multitool"],"picked":"RobotSpaceExplorer:Comet","floor":16},{"not_picked":["RobotSpaceExplorer:FranticSearch","RobotSpaceExplorer:MiniDrones"],"picked":"RobotSpaceExplorer:Reload","floor":18},{"not_picked":["RobotSpaceExplorer:ShockKick","RobotSpaceExplorer:PowerGlove"],"picked":"RobotSpaceExplorer:FrostMissile","floor":19},{"not_picked":["RobotSpaceExplorer:Blitz+1","RobotSpaceExplorer:Probe+1"],"picked":"RobotSpaceExplorer:ScrapMissile","floor":20},{"not_picked":["RobotSpaceExplorer:Smokescreen","RobotSpaceExplorer:Counterblock"],"picked":"RobotSpaceExplorer:Accelerator","floor":24},{"not_picked":["RobotSpaceExplorer:MiniDrones","RobotSpaceExplorer:SelfCleaning","RobotSpaceExplorer:SlimeMissile+1"],"picked":"SKIP","floor":25},{"not_picked":["RobotSpaceExplorer:Counterblock","RobotSpaceExplorer:DoubleFind+1"],"picked":"RobotSpaceExplorer:PowerCollector","floor":28},{"not_picked":["RobotSpaceExplorer:BlastShield","RobotSpaceExplorer:SlimeMissile+1"],"picked":"RobotSpaceExplorer:Pulsar","floor":29},{"not_picked":["RobotSpaceExplorer:MiniDrones","RobotSpaceExplorer:Counterblock","RobotSpaceExplorer:FranticSearch"],"picked":"SKIP","floor":30},{"not_picked":["RobotSpaceExplorer:JunkDive","RobotSpaceExplorer:FrostMissile","RobotSpaceExplorer:Counterblock+1"],"picked":"SKIP","floor":31},{"not_picked":["RobotSpaceExplorer:Autoloader","RobotSpaceExplorer:Accelerator"],"picked":"RobotSpaceExplorer:Wormhole","floor":33},{"not_picked":["RobotSpaceExplorer:MiniDrones+1","RobotSpaceExplorer:ImprovisedAttack"],"picked":"RobotSpaceExplorer:StunGrenade+1","floor":35},{"not_picked":["RobotSpaceExplorer:GlueShot+1","RobotSpaceExplorer:ShockKick+1"],"picked":"RobotSpaceExplorer:Pulsar","floor":36},{"not_picked":["RobotSpaceExplorer:SwiftStep+1","RobotSpaceExplorer:SlimeMissile","RobotSpaceExplorer:ShovelStrike+1"],"picked":"SKIP","floor":37},{"not_picked":["RobotSpaceExplorer:MetalStrike","RobotSpaceExplorer:FrostMissile"],"picked":"RobotSpaceExplorer:Reload+1","floor":38},{"not_picked":["RobotSpaceExplorer:SurgingStrike","RobotSpaceExplorer:FranticSearch"],"picked":"RobotSpaceExplorer:Exploration","floor":40},{"not_picked":["RobotSpaceExplorer:Counterblock","RobotSpaceExplorer:SurgingShield"],"picked":"RobotSpaceExplorer:DualCore+1","floor":41},{"not_picked":["RobotSpaceExplorer:ScrapShield","RobotSpaceExplorer:MetalStrike+1","RobotSpaceExplorer:ImprovisedAttack"],"picked":"SKIP","floor":45},{"not_picked":["RobotSpaceExplorer:DualCore+1","RobotSpaceExplorer:GlueSpray+1"],"picked":"RobotSpaceExplorer:Wormhole","floor":47}],"player_experience":640903,"relics_obtained":[{"floor":1.0,"key":"MawBank"},{"floor":6.0,"key":"RobotSpaceExplorer:FoglandsKnife"},{"floor":9.0,"key":"ReplayTheSpireMod:Lightbulb"},{"floor":11.0,"key":"Divine Protection"},{"floor":14,"key":"StrikeDummy"},{"floor":24,"key":"GodSword3"},{"floor":28,"key":"testmod-TheFather"},{"floor":28,"key":"LastBattle"},{"floor":40,"key":"Dream Catcher"},{"floor":43,"key":"AT_EbonyIvory"},{"floor":47,"key":"Nunchaku"}],"event_choices":[{"damage_healed":0.0,"max_hp_gain":0.0,"max_hp_loss":0.0,"gold_gain":0.0,"event_name":"Shining Light","player_choice":"Entered Light","floor":4.0,"gold_loss":0.0,"damage_taken":15.0,"cards_upgraded":["RobotSpaceExplorer:MiniLasers","RobotSpaceExplorer:Defend"]},{"damage_healed":0.0,"max_hp_gain":0.0,"max_hp_loss":0.0,"gold_gain":0.0,"event_name":"Scrap Ooze","player_choice":"Success","floor":5.0,"gold_loss":0.0,"damage_taken":12.0,"relics_obtained":["Replay:Rubber Ducky"]},{"cards_removed":["RobotSpaceExplorer:Strike"],"damage_healed":0.0,"max_hp_gain":0.0,"max_hp_loss":0.0,"gold_gain":0.0,"event_name":"Golden Wing","player_choice":"Card Removal","floor":7.0,"gold_loss":0.0,"damage_taken":7.0},{"damage_healed":0,"gold_gain":0,"player_choice":"Bought 0 Potions","damage_taken":0,"max_hp_gain":0,"max_hp_loss":0,"event_name":"The Woman in Blue","floor":22,"gold_loss":0},{"damage_healed":0,"gold_gain":0,"player_choice":"Fight","damage_taken":0,"max_hp_gain":0,"max_hp_loss":0,"event_name":"Colosseum","floor":28,"gold_loss":0},{"damage_healed":0,"gold_gain":0,"player_choice":"Fought Nobs","damage_taken":0,"max_hp_gain":0,"max_hp_loss":0,"event_name":"Colosseum","floor":28,"gold_loss":0},{"damage_healed":0,"gold_gain":0,"player_choice":"Ignored","damage_taken":0,"max_hp_gain":0,"max_hp_loss":0,"event_name":"给自己的盒子","floor":39,"gold_loss":0}],"is_beta":false,"boss_relics":[{"not_picked":["Painkiller Herb","Runic Dome"],"picked":"testmod-DeterminationOfClimber"},{"not_picked":["testmod-NegativeEmotionEnhancer","Replay:Wanted Poster"],"picked":"Empty Cage"}],"items_purged_floors":[21,27],"is_endless":false,"potions_floor_spawned":[3,12,14,18,19,25,28,30,37,40,41,45],"ascension_level":0}}