{"host":"sabve5zmqufxyc5o","time":1608903219,"event":{"mods":["2.2 Compatiblity","AchievementEnabler","Act Like it!","Arknights The Spire","BaseMod","Block Reminder","Colored Map","Colored Powertips","DeckTracker","KOR Keyword Fix","Keyboard Shortcuts","Minty Spire (QoL Compilation)","Quick Restart","Rare Cards Sparkle","Relic Stats","StSLib","SuperFastMode"],"gold_per_floor":[116,128,141,141,160,160,195,210,210,210,285,297,297,148,148,247,247,260,260,276,293,312,344,344,360,360,360,394,110,130,147,147,249,249,259,270,2,22,34,34,45,45,45,45,45,45,45,56,56,56],"floor_reached":51,"playtime":2145,"items_purged":["ats:Strike C","ats:Strike G","ats:Strike S"],"score":800,"play_id":"11e5b4cd-068d-4e7d-b75b-3bd749bce10f","local_time":"20201225223339","is_ascension_mode":false,"campfire_choices":[{"data":"ats:Emotion Absorption","floor":6.0,"key":"SMITH"},{"floor":10.0,"key":"REST"},{"floor":13.0,"key":"REST"},{"data":"ats:Overload","floor":15.0,"key":"SMITH"},{"floor":24.0,"key":"REST"},{"data":"ats:Echo Reverb","floor":27.0,"key":"SMITH"},{"data":"Deep Breath","floor":32.0,"key":"SMITH"},{"data":"ats:Childhood Dance","floor":40.0,"key":"SMITH"},{"floor":44,"key":"REST"},{"data":"ats:Mental Burst","floor":46,"key":"SMITH"},{"floor":49,"key":"REST"}],"circlet_count":0,"master_deck":["ats:Armor Crushing Shot","ats:Defend","ats:Defend","ats:Defend","ats:Defend","ats:Emotion Absorption+1","ats:Explosion Area Strengthen","ats:Hammer On","ats:Cat Scratch","ats:Mental Burst+1","ats:Consecutive Shot Auto","ats:Overload+1","ats:Support Order","ats:Echo Reverb+1","ats:Shell Defense","ats:Shadow Raid","ats:Revitalization","Deep Breath+1","ats:Wolf Pack","ats:Shadow Assault","ats:Childhood Dance+1","ats:Very Hot Blade+1","ats:Rapid Magazine+1","ats:Flexible Camouflage","ats:Chain Hook"],"relics":["ats:Sanity","ats:Originium","ats:Military Tradition","Boot","SacredBark","ats:Originium","Bag of Preparation","StoneCalendar","Red Mask","Cursed Key","ats:MaxSp2"],"acts_visited":["Exordium","TheCity","TheBeyond"],"potions_floor_usage":[47,50,50,50],"damage_taken":[{"damage":1.0,"enemies":"Jaw Worm","floor":1.0,"turns":8.0},{"damage":0.0,"enemies":"Small Slimes","floor":2.0,"turns":4.0},{"damage":0.0,"enemies":"Cultist","floor":3.0,"turns":2.0},{"damage":8.0,"enemies":"Lots of Slimes","floor":5.0,"turns":2.0},{"damage":31.0,"enemies":"Lagavulin","floor":7.0,"turns":5.0},{"damage":20.0,"enemies":"Exordium Wildlife","floor":8.0,"turns":4.0},{"damage":7.0,"enemies":"Looter","floor":12.0,"turns":2.0},{"damage":43.0,"enemies":"Hexaghost","floor":16.0,"turns":8.0},{"damage":7.0,"enemies":"3 Byrds","floor":18.0,"turns":3.0},{"damage":0.0,"enemies":"Spheric Guardian","floor":20.0,"turns":3.0},{"damage":9.0,"enemies":"Snake Plant","floor":21.0,"turns":3.0},{"damage":1.0,"enemies":"Centurion and Healer","floor":22.0,"turns":8.0},{"damage":58.0,"enemies":"Slavers","floor":23.0,"turns":8.0},{"damage":8.0,"enemies":"Shelled Parasite and Fungi","floor":25.0,"turns":4.0},{"damage":0.0,"enemies":"Masked Bandits","floor":28.0,"turns":2.0},{"damage":21.0,"enemies":"Snake Plant","floor":30.0,"turns":3.0},{"damage":13.0,"enemies":"Centurion and Healer","floor":31.0,"turns":7.0},{"damage":106.0,"enemies":"Automaton","floor":33.0,"turns":12.0},{"damage":0.0,"enemies":"Orb Walker","floor":35.0,"turns":3.0},{"damage":47.0,"enemies":"3 Shapes","floor":36.0,"turns":7.0},{"damage":13.0,"enemies":"Spire Growth","floor":38.0,"turns":4.0},{"damage":10.0,"enemies":"Jaw Worm Horde","floor":39.0,"turns":5.0},{"damage":17.0,"enemies":"3 Darklings","floor":41.0,"turns":7.0},{"damage":0,"enemies":"4 Shapes","floor":47,"turns":2},{"damage":12,"enemies":"Spire Growth","floor":48,"turns":5},{"damage":44,"enemies":"Donu and Deca","floor":50,"turns":8}],"seed_played":"6848919171877843517","potions_obtained":[{"floor":3.0,"key":"ats:Top Emergency Sanity Potion"},{"floor":5.0,"key":"SneckoOil"},{"floor":7.0,"key":"Strength Potion"},{"floor":16.0,"key":"FearPotion"},{"floor":18.0,"key":"Dexterity Potion"},{"floor":23.0,"key":"FairyPotion"},{"floor":28.0,"key":"SmokeBomb"},{"floor":31.0,"key":"Strength Potion"},{"floor":38.0,"key":"DuplicationPotion"},{"floor":48,"key":"Dexterity Potion"}],"is_trial":false,"path_per_floor":["M","M","M","?","M","R","E","M","T","R","?","M","R","$","R","B",null,"M","?","M","M","M","E","R","M","T","R","?","$","M","M","R","B",null,"M","M","$","M","M","R","M","?","T","R","$","R","M","M","R","B",null],"character_chosen":"DOCTOR_CLASS","items_purchased":["ats:Support Order","Fruit Juice","Deep Breath","ats:MaxSp2"],"campfire_rested":5,"item_purchase_floors":[14,29,29,37],"current_hp_per_floor":[78,78,78,83,75,75,44,24,24,49,38,31,56,56,56,13,84,77,77,77,71,75,23,48,43,43,43,43,53,34,31,31,21,94,94,55,55,47,40,40,28,28,28,56,56,56,56,46,74,40],"gold":56,"neow_bonus":"TEN_PERCENT_HP_BONUS","is_daily":false,"chose_seed":false,"campfire_upgraded":6,"win_rate":0.0,"timestamp":1608903219,"path_taken":["M","M","M","?","M","R","E","M","T","R","?","M","R","$","R","BOSS","M","?","M","M","M","E","R","M","T","R","?","$","M","M","R","BOSS","M","M","$","M","M","R","M","?","T","R","$","R","?","?","R","BOSS"],"items_purchased_type":["Card","Potion","Card","Relic"],"build_version":"2020-12-22","purchased_purges":3,"victory":true,"max_hp_per_floor":[79,79,79,84,84,84,84,84,84,84,84,84,84,84,84,84,84,84,84,84,84,84,84,84,84,84,84,84,94,94,94,94,94,94,94,94,94,94,94,94,94,94,94,94,94,94,94,94,94,94],"relic_stats":{"counters":[26,127],"StoneCalendar":[145],"Bag of Preparation":[26],"Boot":[264],"Cursed Key":0,"obtain_stats":[{"ats:MaxSp2":37,"ats:Originium":7,"SacredBark":17,"StoneCalendar":26,"Bag of Preparation":23,"Red Mask":28,"ats:Sanity":0,"ats:Military Tradition":7,"Boot":9,"Cursed Key":34},{"ats:MaxSp2":20,"ats:Originium":5,"SacredBark":8,"StoneCalendar":14,"Bag of Preparation":13,"Red Mask":15,"ats:Sanity":0,"ats:Military Tradition":5,"Boot":6,"Cursed Key":18},{"ats:MaxSp2":96,"ats:Originium":21,"SacredBark":34,"StoneCalendar":62,"Bag of Preparation":58,"Red Mask":64,"ats:Sanity":0,"ats:Military Tradition":21,"Boot":25,"Cursed Key":86}]},"card_choices":[{"not_picked":["ats:Part Time Job","ats:Ignite"],"picked":"ats:Explosion Area Strengthen","floor":1.0},{"not_picked":["ats:Assault Order","ats:Soul Absorption"],"picked":"ats:Hammer On","floor":2.0},{"not_picked":["ats:Flexible Camouflage","ats:Hammer On"],"picked":"ats:Cat Scratch","floor":3.0},{"not_picked":["ats:Guardian Obelisk","ats:Defend Order"],"picked":"ats:Mental Burst","floor":5.0},{"not_picked":["ats:Ignite","ats:Song Of Battle"],"picked":"ats:Consecutive Shot Auto","floor":7.0},{"not_picked":["ats:Counter Healing Mode","ats:Flexible Camouflage"],"picked":"ats:Overload","floor":8.0},{"not_picked":["ats:Flexible Camouflage","ats:Sword Rain","ats:Counter Healing Mode"],"picked":"SKIP","floor":12.0},{"not_picked":["ats:True Silver Slash","ats:Calcification"],"picked":"ats:Echo Reverb","floor":16.0},{"not_picked":["ats:Hammer On+1","ats:Assault Order"],"picked":"ats:Shell Defense","floor":18.0},{"not_picked":["ats:Spore Proliferation","ats:Support Order"],"picked":"ats:Revitalization","floor":20.0},{"not_picked":["ats:Leaping Hammer+1","ats:Shell Defense","ats:Very Hot Blade"],"picked":"SKIP","floor":21.0},{"not_picked":["ats:Explosion Area Strengthen","ats:Flexible Camouflage","ats:Consecutive Shot Auto+1"],"picked":"SKIP","floor":22.0},{"not_picked":["ats:Flexible Camouflage","ats:Revitalization+1","ats:Cat Scratch"],"picked":"SKIP","floor":23.0},{"not_picked":["ats:Curse Doll","ats:Powerful Strike","ats:Ignite"],"picked":"SKIP","floor":25.0},{"not_picked":["ats:Hammer On","ats:Assault Order","ats:Consecutive Shot Auto"],"picked":"SKIP","floor":30.0},{"not_picked":["ats:Leaping Hammer","ats:Explosion Area Strengthen+1"],"picked":"ats:Wolf Pack","floor":31.0},{"not_picked":["ats:Disruption Kick","ats:Volcano"],"picked":"ats:Shadow Assault","floor":33.0},{"not_picked":["ats:Beaten Up","ats:Shell Defense","ats:Curse Doll"],"picked":"SKIP","floor":35.0},{"not_picked":["ats:Rapid Magazine","ats:Curse Doll+1"],"picked":"ats:Childhood Dance","floor":36.0},{"not_picked":["ats:Hammer On","ats:Consecutive Shot Auto"],"picked":"ats:Very Hot Blade+1","floor":38.0},{"not_picked":["ats:Shell Defense+1","ats:Childhood Dance+1"],"picked":"ats:Rapid Magazine+1","floor":39.0},{"not_picked":["ats:Leaping Hammer","ats:Curse Doll","ats:Assault Order+1"],"picked":"SKIP","floor":41.0},{"not_picked":["ats:Sword Rain+1","ats:Powerful Strike"],"picked":"ats:Chain Hook","floor":48}],"player_experience":808039,"relics_obtained":[{"floor":7.0,"key":"ats:Originium"},{"floor":7.0,"key":"ats:Military Tradition"},{"floor":9.0,"key":"Boot"},{"floor":23.0,"key":"ats:Originium"},{"floor":23.0,"key":"Bag of Preparation"},{"floor":26.0,"key":"StoneCalendar"},{"floor":28.0,"key":"Red Mask"}],"event_choices":[{"damage_healed":0.0,"max_hp_gain":5.0,"max_hp_loss":0.0,"gold_gain":0.0,"event_name":"Big Fish","player_choice":"Donut","floor":4.0,"gold_loss":0.0,"damage_taken":0.0},{"damage_healed":0.0,"max_hp_gain":0.0,"max_hp_loss":0.0,"gold_gain":75.0,"event_name":"World of Goop","player_choice":"Gather Gold","floor":11.0,"gold_loss":0.0,"damage_taken":11.0},{"damage_healed":0.0,"max_hp_gain":0.0,"max_hp_loss":0.0,"gold_gain":0.0,"event_name":"The Library","player_choice":"Read","floor":19.0,"gold_loss":0.0,"damage_taken":0.0,"cards_obtained":["ats:Shadow Raid"]},{"damage_healed":0.0,"max_hp_gain":0.0,"max_hp_loss":0.0,"gold_gain":0.0,"event_name":"Masked Bandits","player_choice":"Fought Bandits","floor":28.0,"gold_loss":0.0,"damage_taken":0.0},{"damage_healed":0.0,"max_hp_gain":0.0,"max_hp_loss":0.0,"gold_gain":0.0,"cards_transformed":["ats:Strike V"],"event_name":"Transmorgrifier","player_choice":"Transformed","floor":42.0,"gold_loss":0.0,"damage_taken":0.0,"cards_obtained":["ats:Flexible Camouflage"]}],"is_beta":false,"boss_relics":[{"not_picked":["Velvet Choker","Ectoplasm"],"picked":"SacredBark"},{"not_picked":["Snecko Eye","ats:Sanity Plus"],"picked":"Cursed Key"}],"items_purged_floors":[14,29,37],"is_endless":false,"potions_floor_spawned":[3,5,7,16,18,20,23,28,31,38,41,48],"ascension_level":0}}