{"host":"17xjy7b7ubl548g2","time":1608862095,"event":{"mods":["2.2 Compatiblity","Act Like it!","Aspiration","Astrologer","Bard","BaseMod","Bestiary","Challenge The Spire","ChefMod","Colored Map","Conspire","Elementarium","Energized Spire","GifTheSpireLib","Halation","Hallownest","Hermit","Hubris","Infinite Spire","Jedi Mod","Jorbs\u0027s Wanderer Trilogy","Marisa（霧雨　魔理沙）","Marked Mod","Minty Spire (QoL Compilation)","Pale of the Ancients","Permanent Neow","Puzzle Mod","Replay The Spire","Robot Space Explorer","Spicy Shops","StSLib","Stuff the Spire","The Blue Laboratory","The Bug Knight","The Construct","The Disciple","The Hayseed","The Hierophant","The Runesmith","The Sage"],"gold_per_floor":[10,10,25,25,25,25,50,50,50,85,85,113,130,2,2,80,80,100,114,149,149,149],"floor_reached":21,"playtime":2092,"items_purged":["Strike_P"],"score":442,"play_id":"2e388dde-d8ee-4160-a713-26f4163a6865","local_time":"20201224210815","is_ascension_mode":true,"campfire_choices":[{"data":"Eruption","floor":6,"key":"SMITH"},{"data":"TalkToTheHand","floor":8,"key":"SMITH"},{"data":"Vigilance","floor":11,"key":"SMITH"},{"data":"SashWhip","floor":15,"key":"SMITH"}],"circlet_count":0,"master_deck":["AscendersBane","Strike_P","Strike_P","Strike_P","Defend_P","Defend_P","Defend_P","Defend_P","Eruption+1","Vigilance+1","EmptyFist","CutThroughFate","TalkToTheHand+1","Tantrum","EmptyMind","FlurryOfBlows","SashWhip+1","Alpha","Evaluate+1","Wallop"],"relics":["PureWater","Hallownest:DreamNailRelic","Dead Branch","Pear","hubris:MobiusCoin","Simple Rune","jedi:cryingmask","VioletLotus","Replay:Bottled Steam"],"acts_visited":["Exordium","Hallownest:Greenpath"],"potions_floor_usage":[7,12,20,21],"damage_taken":[{"damage":0,"enemies":"Hallownest:monsterHuskGuard","floor":1,"turns":3},{"damage":0,"enemies":"Hallownest:monsterHuskWarrior","floor":3,"turns":5},{"damage":0,"enemies":"Hallownest:eliteVengeflyKing","floor":7,"turns":5},{"damage":0,"enemies":"Hallownest:eliteMossKnight","floor":10,"turns":2},{"damage":5,"enemies":"Hallownest:eliteVengeflyKing","floor":12,"turns":4},{"damage":1,"enemies":"Hallownest:2_MossCreeps","floor":13,"turns":2},{"damage":50,"enemies":"Hallownest:BossHornet","floor":16,"turns":12},{"damage":0,"enemies":"Hallownest:3_Youths","floor":18,"turns":7},{"damage":4,"enemies":"Hallownest:Flukemon_and_Top","floor":19,"turns":4},{"damage":52,"enemies":"conspire:MimicChest","floor":20,"turns":6},{"damage":22,"enemies":"Hallownest:Master_and_Novice","floor":21,"turns":3}],"seed_played":"-7207480732551511464","potions_obtained":[{"floor":1,"key":"PowerPotion"},{"floor":7,"key":"EssenceOfSteel"},{"floor":10,"key":"blueLaboratory:FruitPunch"},{"floor":20,"key":"Strength Potion"}],"is_trial":false,"path_per_floor":["M","?","M","T","$","R","E","R","T","E","R","E","M","$","R","B",null,"M","M","?","M"],"character_chosen":"WATCHER","items_purchased":["SashWhip"],"campfire_rested":0,"item_purchase_floors":[14],"current_hp_per_floor":[73,73,73,73,73,73,83,83,83,83,83,80,79,79,79,29,76,76,72,20,0,0],"gold":149,"neow_bonus":"TWENTY_PERCENT_HP_BONUS","is_daily":false,"chose_seed":false,"campfire_upgraded":4,"win_rate":0.0,"timestamp":1608862095,"path_taken":["M","?","?","?","?","R","E","R","T","E","R","E","M","$","R","BOSS","M","M","?","M"],"items_purchased_type":["Card"],"build_version":"2020-12-22","purchased_purges":1,"victory":false,"max_hp_per_floor":[80,80,80,80,80,80,90,90,90,90,90,92,92,92,92,92,92,92,92,92,92,92],"card_choices":[{"not_picked":["Swivel","ForeignInfluence"],"picked":"EmptyFist","floor":1},{"not_picked":["MarkedMod:FirstStrike","JustLucky"],"picked":"CutThroughFate","floor":3},{"not_picked":["WindmillStrike","BowlingBash"],"picked":"TalkToTheHand","floor":7},{"not_picked":["Replay:BluntJabs","WindmillStrike"],"picked":"Tantrum","floor":10},{"not_picked":["Tantrum","ClearTheMind"],"picked":"EmptyMind","floor":12},{"not_picked":["Nirvana","Replay:AllIn"],"picked":"FlurryOfBlows","floor":13},{"not_picked":["MasterReality","ConjureBlade"],"picked":"Alpha","floor":16},{"not_picked":["EmptyFist","FlurryOfBlows","WreathOfFlame"],"picked":"SKIP","floor":18},{"not_picked":["BowlingBash+1","Replay:DivineShield"],"picked":"Evaluate+1","floor":19},{"not_picked":["Pray+1","SandsOfTime"],"picked":"Wallop","floor":20}],"player_experience":1626796,"relics_obtained":[{"floor":4,"key":"Dead Branch"},{"floor":7,"key":"Pear"},{"floor":9,"key":"hubris:MobiusCoin"},{"floor":10,"key":"Simple Rune"},{"floor":12,"key":"jedi:cryingmask"},{"floor":20,"key":"Replay:Bottled Steam"}],"event_choices":[],"is_beta":false,"boss_relics":[{"not_picked":["energizedSpire:CrystalSphere","conspire:SlowCooker"],"picked":"VioletLotus"}],"items_purged_floors":[14],"is_endless":false,"potions_floor_spawned":[1,7,10,20],"killed_by":"Hallownest:Master_and_Novice","ascension_level":16}}