{"host":"yp47u74hk6n79vj1","time":1608861332,"event":{"mods":["BaseMod","Minty Spire (QoL Compilation)"],"gold_per_floor":[216,216,216,228,247,247,279,279,302,302,321,333,158,158,158,263,263,276,296,3,15,15,48,62,62,62],"floor_reached":25,"playtime":965,"items_purged":["Strike_B"],"score":223,"play_id":"368df31d-f76f-4edf-a763-2e05c08cd571","local_time":"20201224205532","is_ascension_mode":false,"campfire_choices":[{"data":"Coolheaded","floor":6,"key":"SMITH"},{"data":"Defragment","floor":15,"key":"SMITH"}],"circlet_count":0,"master_deck":["Strike_B","Strike_B","Defend_B","Defend_B","Zap+1","Dualcast","Coolheaded+1","Loop","Defragment+1","Turbo","Creative AI","Sunder","Hologram","Self Repair","Fusion+1","Barrage+1"],"relics":["Cracked Core","Orichalcum","Bronze Scales","Empty Cage","Calipers","Vajra"],"acts_visited":["Exordium","TheCity"],"potions_floor_usage":[16,18,21,23,23],"damage_taken":[{"damage":6,"enemies":"Jaw Worm","floor":1,"turns":3},{"damage":1,"enemies":"Cultist","floor":4,"turns":3},{"damage":0,"enemies":"Small Slimes","floor":5,"turns":3},{"damage":35,"enemies":"Lagavulin","floor":7,"turns":7},{"damage":6,"enemies":"Red Slaver","floor":11,"turns":4},{"damage":15,"enemies":"Exordium Thugs","floor":12,"turns":4},{"damage":4,"enemies":"The Guardian","floor":16,"turns":8},{"damage":24,"enemies":"2 Thieves","floor":18,"turns":4},{"damage":8,"enemies":"Shell Parasite","floor":19,"turns":6},{"damage":6,"enemies":"Centurion and Healer","floor":21,"turns":9},{"damage":52,"enemies":"Slavers","floor":23,"turns":6},{"damage":12,"enemies":"3 Cultists","floor":24,"turns":5},{"damage":19,"enemies":"Shelled Parasite and Fungi","floor":25,"turns":3}],"seed_played":"3987655063428827192","potions_obtained":[{"floor":1,"key":"Swift Potion"},{"floor":4,"key":"Explosive Potion"},{"floor":10,"key":"FairyPotion"},{"floor":11,"key":"BlessingOfTheForge"},{"floor":16,"key":"LiquidMemories"},{"floor":19,"key":"DistilledChaos"},{"floor":21,"key":"LiquidMemories"},{"floor":23,"key":"FearPotion"}],"is_trial":false,"path_per_floor":["M","?","?","M","M","R","E","?","T","?","M","M","$","T","R","B",null,"M","M","$","M","$","E","M","M"],"character_chosen":"DEFECT","items_purchased":["Defragment","Turbo","Calipers"],"campfire_rested":0,"item_purchase_floors":[13,13,20],"current_hp_per_floor":[69,69,69,68,68,68,33,33,33,33,27,12,12,12,12,8,75,51,43,43,37,37,17,19,0,0],"gold":62,"neow_bonus":"HUNDRED_GOLD","is_daily":false,"chose_seed":false,"campfire_upgraded":2,"win_rate":0.0,"timestamp":1608861332,"path_taken":["M","?","?","M","?","R","E","?","T","?","?","M","$","?","R","BOSS","M","M","$","M","?","E","M","M"],"items_purchased_type":["Card","Card","Relic"],"build_version":"2020-12-22","purchased_purges":1,"victory":false,"max_hp_per_floor":[75,75,75,75,75,75,75,75,75,75,75,75,75,75,75,75,75,75,75,75,75,75,75,75,75,75],"card_choices":[{"not_picked":["Tempest","Heatsinks","Chaos"],"picked":"SKIP","floor":1},{"not_picked":["Fusion","Leap"],"picked":"Coolheaded","floor":4},{"not_picked":["Beam Cell","Aggregate","Coolheaded"],"picked":"SKIP","floor":5},{"not_picked":["Redo","Go for the Eyes","Rebound"],"picked":"SKIP","floor":7},{"not_picked":["Go for the Eyes","Tempest","Auto Shields"],"picked":"SKIP","floor":11},{"not_picked":["Barrage","Scrape"],"picked":"Loop","floor":12},{"not_picked":["Biased Cognition","Thunder Strike"],"picked":"Creative AI","floor":16},{"not_picked":["Steam","Gash+1"],"picked":"Sunder","floor":18},{"not_picked":["Sweeping Beam","Compile Driver+1"],"picked":"Hologram","floor":19},{"not_picked":["Auto Shields","Rebound"],"picked":"Self Repair","floor":21},{"not_picked":["Turbo","Steam Power"],"picked":"Fusion+1","floor":23},{"not_picked":["Coolheaded","Storm"],"picked":"Barrage+1","floor":24}],"player_experience":509858,"relics_obtained":[{"floor":7,"key":"Orichalcum"},{"floor":9,"key":"Bronze Scales"},{"floor":23,"key":"Vajra"}],"event_choices":[{"cards_removed":["Defend_B"],"damage_healed":0,"gold_gain":0,"player_choice":"Forget","damage_taken":0,"max_hp_gain":0,"max_hp_loss":0,"event_name":"Living Wall","floor":2,"gold_loss":0},{"damage_healed":0,"gold_gain":0,"player_choice":"Forge","damage_taken":0,"max_hp_gain":0,"max_hp_loss":0,"event_name":"Accursed Blacksmith","floor":3,"gold_loss":0,"cards_upgraded":["Zap"]},{"damage_healed":0,"gold_gain":0,"player_choice":"Ignored","damage_taken":0,"max_hp_gain":0,"max_hp_loss":0,"event_name":"Liars Game","floor":8,"gold_loss":0},{"damage_healed":0,"gold_gain":0,"player_choice":"Got Potions","damage_taken":0,"max_hp_gain":0,"max_hp_loss":0,"event_name":"Lab","floor":10,"gold_loss":0}],"is_beta":false,"boss_relics":[{"not_picked":["Astrolabe","Busted Crown"],"picked":"Empty Cage"}],"items_purged_floors":[13],"is_endless":false,"potions_floor_spawned":[1,4,11,16,19,21,23],"killed_by":"Shelled Parasite and Fungi","ascension_level":0}}