{"host":"Melcetto","time":1608854433,"event":{"mods":["AlwaysNeverKeys","BaseMod","Better Vampires","Colored Map","Colored Powertips","DeckTracker","Emptier Cage","Minty Spire (QoL Compilation)","Permanent Neow","Quick Restart","Random Character Button","Rare Cards Sparkle","Relic Sorter","Relic Stats","StSLib","Transform Curses"],"gold_per_floor":[112,128,145,70,85,118,118,148,148,148,148,167,202,202,202,276,276,296,316,316,316,331,331,362,362,362,392,392,418,436,465,465,536,536,554,194,212,229,229,259,259,291,317,337,352,352,386,399,399,399,399,399,399,88,121,121,121],"floor_reached":56,"playtime":5037,"items_purged":["Pain"],"score":2295,"play_id":"512e1ddd-339d-4ec3-99c4-3820fbaa2710","local_time":"20201224190033","is_ascension_mode":true,"campfire_choices":[{"data":"Armaments","floor":7.0,"key":"SMITH"},{"floor":10.0,"key":"REST"},{"data":"Fiend Fire","floor":15.0,"key":"SMITH"},{"data":"Immolate","floor":23.0,"key":"SMITH"},{"data":"Uppercut","floor":25.0,"key":"SMITH"},{"data":"Shrug It Off","floor":28.0,"key":"SMITH"},{"data":"Fiend Fire","floor":32.0,"key":"SMITH"},{"data":"Shrug It Off","floor":41.0,"key":"SMITH"},{"data":"Heavy Blade","floor":46.0,"key":"SMITH"},{"data":"Limit Break","floor":49.0,"key":"SMITH"},{"floor":53,"key":"REST"}],"circlet_count":0,"master_deck":["AscendersBane","Strike_R","Strike_R","Defend_R","Defend_R","Defend_R","Defend_R","Bash","Armaments+1","Battle Trance","Infernal Blade","Shrug It Off+1","Uppercut+1","Fiend Fire+1","Immolate+1","Corruption+1","Fiend Fire+1","Offering","Barricade+1","Disarm","Evolve+1","Shrug It Off+1","Limit Break+1","Carnage+1","Heavy Blade+1","Dark Embrace+1"],"relics":["Burning Blood","Bag of Preparation","Vajra","Frozen Egg 2","HornCleat","Pear","Cursed Key","StrikeDummy","Pocketwatch","Boot","Mango","MealTicket","Snecko Eye","ClockworkSouvenir","Blue Candle","Omamori","PreservedInsect","Bird Faced Urn","Strange Spoon","Mercury Hourglass"],"acts_visited":["Exordium","TheCity","TheBeyond","TheEnding"],"potions_floor_usage":[53,55,56],"damage_taken":[{"damage":15.0,"enemies":"Small Slimes","floor":1.0,"turns":4.0},{"damage":1.0,"enemies":"2 Louse","floor":2.0,"turns":4.0},{"damage":6.0,"enemies":"Cultist","floor":3.0,"turns":4.0},{"damage":2.0,"enemies":"2 Fungi Beasts","floor":5.0,"turns":4.0},{"damage":44.0,"enemies":"Gremlin Nob","floor":6.0,"turns":5.0},{"damage":15.0,"enemies":"3 Sentries","floor":8.0,"turns":11.0},{"damage":0.0,"enemies":"Large Slime","floor":12.0,"turns":2.0},{"damage":7.0,"enemies":"Lagavulin","floor":13.0,"turns":5.0},{"damage":18.0,"enemies":"The Guardian","floor":16.0,"turns":12.0},{"damage":0.0,"enemies":"Chosen","floor":18.0,"turns":2.0},{"damage":0.0,"enemies":"Spheric Guardian","floor":19.0,"turns":1.0},{"damage":7.0,"enemies":"Snecko","floor":22.0,"turns":4.0},{"damage":2.0,"enemies":"Gremlin Leader","floor":24.0,"turns":3.0},{"damage":12.0,"enemies":"Book of Stabbing","floor":27.0,"turns":3.0},{"damage":4.0,"enemies":"Slavers","floor":29.0,"turns":3.0},{"damage":2.0,"enemies":"Cultist and Chosen","floor":30.0,"turns":3.0},{"damage":1.0,"enemies":"Gremlin Leader","floor":31.0,"turns":3.0},{"damage":23.0,"enemies":"Champ","floor":33.0,"turns":5.0},{"damage":3.0,"enemies":"Orb Walker","floor":35.0,"turns":1.0},{"damage":6.0,"enemies":"3 Darklings","floor":37.0,"turns":2.0},{"damage":9.0,"enemies":"Writhing Mass","floor":38.0,"turns":4.0},{"damage":4.0,"enemies":"Nemesis","floor":40.0,"turns":5.0},{"damage":6.0,"enemies":"Reptomancer","floor":42.0,"turns":3.0},{"damage":0.0,"enemies":"4 Shapes","floor":44.0,"turns":5.0},{"damage":6.0,"enemies":"Spire Growth","floor":45.0,"turns":2.0},{"damage":6.0,"enemies":"Giant Head","floor":47.0,"turns":4.0},{"damage":0.0,"enemies":"Jaw Worm Horde","floor":48.0,"turns":3.0},{"damage":47.0,"enemies":"Awakened One","floor":50.0,"turns":17.0},{"damage":41,"enemies":"Donu and Deca","floor":51,"turns":7},{"damage":18,"enemies":"Shield and Spear","floor":55,"turns":3},{"damage":134,"enemies":"The Heart","floor":56,"turns":6}],"seed_played":"-7517820067065337459","potions_obtained":[{"floor":1.0,"key":"Fire Potion"},{"floor":5.0,"key":"Ancient Potion"},{"floor":6.0,"key":"EntropicBrew"},{"floor":8.0,"key":"ElixirPotion"},{"floor":16.0,"key":"DistilledChaos"},{"floor":22.0,"key":"EntropicBrew"},{"floor":33.0,"key":"DistilledChaos"},{"floor":39.0,"key":"DuplicationPotion"},{"floor":47.0,"key":"Fruit Juice"}],"is_trial":false,"path_per_floor":["M","M","M","?","M","E","R","E","T","R","?","M","E","?","R","B",null,"M","M","?","?","M","R","E","R","T","E","R","E","M","E","R","B",null,"M","$","M","M","?","E","R","E","T","M","M","R","E","M","R","B","B",null,"R","$","E","B"],"character_chosen":"IRONCLAD","items_purchased":["ClockworkSouvenir","Evolve+1","Shrug It Off","SneckoOil","Strange Spoon","Dark Embrace+1"],"campfire_rested":2,"item_purchase_floors":[36,36,36,54,54,54],"current_hp_per_floor":[59,64,64,64,68,30,30,21,21,43,43,49,58,51,51,39,74,80,85,85,73,72,72,76,76,76,70,70,86,90,95,95,78,94,97,99,99,96,96,98,98,98,98,99,99,99,99,99,99,60,31,82,104,104,92,0,0],"gold":121,"neow_bonus":"RANDOM_COMMON_RELIC","is_daily":false,"chose_seed":false,"campfire_upgraded":9,"win_rate":0.0,"timestamp":1608854433,"path_taken":["M","M","M","?","M","E","R","E","T","R","?","?","E","?","R","BOSS","M","M","?","?","M","R","E","R","T","E","R","E","?","E","R","BOSS","M","$","M","M","?","E","R","E","T","M","M","R","E","M","R","BOSS","BOSS","R","$","E","BOSS"],"items_purchased_type":["Relic","Card","Card","Potion","Relic","Card"],"build_version":"2020-12-18","purchased_purges":1,"victory":false,"max_hp_per_floor":[75,75,75,75,75,75,75,75,75,75,75,75,85,85,85,85,85,85,85,85,85,85,85,85,85,85,85,85,99,99,99,99,99,99,99,99,99,99,99,99,99,99,99,99,99,99,99,99,99,99,99,99,104,104,104,104,104],"relic_stats":{"counters":[31,140],"Blue Candle":[0],"PreservedInsect":207,"Bag of Preparation":[62],"Cursed Key":2,"Boot":[25],"Burning Blood":168,"Mercury Hourglass":[18],"Strange Spoon":[12],"Bird Faced Urn":[16],"Snecko Eye":[145,153,148,157],"MealTicket":2,"obtain_stats":[{"Pear":13,"Blue Candle":40,"Vajra":6,"Mango":29,"PreservedInsect":43,"Bag of Preparation":0,"Omamori":42,"Frozen Egg 2":8,"Cursed Key":17,"Boot":27,"Burning Blood":0,"ClockworkSouvenir":36,"Mercury Hourglass":55,"Strange Spoon":54,"HornCleat":9,"Bird Faced Urn":47,"Snecko Eye":34,"MealTicket":31,"StrikeDummy":24,"Pocketwatch":26},{"Pear":8,"Blue Candle":22,"Vajra":5,"Mango":15,"PreservedInsect":23,"Bag of Preparation":0,"Omamori":23,"Frozen Egg 2":6,"Cursed Key":9,"Boot":14,"Burning Blood":0,"ClockworkSouvenir":19,"Mercury Hourglass":30,"Strange Spoon":29,"HornCleat":6,"Bird Faced Urn":26,"Snecko Eye":18,"MealTicket":17,"StrikeDummy":13,"Pocketwatch":13},{"Pear":39,"Blue Candle":90,"Vajra":21,"Mango":67,"PreservedInsect":93,"Bag of Preparation":0,"Omamori":93,"Frozen Egg 2":32,"Cursed Key":51,"Boot":64,"Burning Blood":0,"ClockworkSouvenir":79,"Mercury Hourglass":134,"Strange Spoon":131,"HornCleat":32,"Bird Faced Urn":104,"Snecko Eye":78,"MealTicket":73,"StrikeDummy":61,"Pocketwatch":61}],"Pocketwatch":[69]},"card_choices":[{"not_picked":["Dropkick","Sever Soul"],"picked":"Armaments","floor":1.0},{"not_picked":["Rampage","Rupture"],"picked":"Battle Trance","floor":2.0},{"not_picked":["Intimidate","Havoc"],"picked":"Infernal Blade","floor":3.0},{"not_picked":["Thunderclap","Warcry"],"picked":"Shrug It Off","floor":5.0},{"not_picked":["Infernal Blade","Flex","Seeing Red"],"picked":"SKIP","floor":6.0},{"not_picked":["Heavy Blade","Dark Embrace+1","Warcry"],"picked":"SKIP","floor":8.0},{"not_picked":["Entrench","Heavy Blade"],"picked":"Uppercut","floor":12.0},{"not_picked":["Clash","Warcry"],"picked":"Fiend Fire","floor":13.0},{"not_picked":["Bludgeon","Berserk+1"],"picked":"Immolate","floor":16.0},{"not_picked":["Clothesline","Flex","Rage"],"picked":"SKIP","floor":18.0},{"not_picked":["True Grit","Clash","Headbutt"],"picked":"SKIP","floor":19.0},{"not_picked":["Thunderclap","Body Slam","Wild Strike"],"picked":"SKIP","floor":22.0},{"not_picked":["Clash","Whirlwind","Havoc"],"picked":"SKIP","floor":24.0},{"not_picked":["Shockwave","Pommel Strike"],"picked":"Corruption+1","floor":27.0},{"not_picked":["Battle Trance","Twin Strike"],"picked":"Fiend Fire","floor":29.0},{"not_picked":["Flex","Clothesline","Bloodletting"],"picked":"SKIP","floor":30.0},{"not_picked":["Hemokinesis","Dark Embrace+1"],"picked":"Offering","floor":31.0},{"not_picked":["Corruption+1","Brutality+1"],"picked":"Barricade+1","floor":33.0},{"not_picked":["Pommel Strike","Sentinel"],"picked":"Disarm","floor":35.0},{"not_picked":["Headbutt","Iron Wave","Thunderclap"],"picked":"SKIP","floor":37.0},{"not_picked":["Twin Strike","Burning Pact","Rage"],"picked":"SKIP","floor":38.0},{"not_picked":["Dropkick","Dark Embrace+1"],"picked":"Limit Break","floor":40.0},{"not_picked":["Anger","Fiend Fire"],"picked":"Carnage+1","floor":42.0},{"not_picked":["Warcry+1","Havoc","Clash"],"picked":"SKIP","floor":44.0},{"not_picked":["Anger+1","Sentinel"],"picked":"Heavy Blade","floor":45.0},{"not_picked":["Thunderclap","Armaments","Iron Wave+1"],"picked":"SKIP","floor":47.0},{"not_picked":["Anger+1","Pommel Strike","Searing Blow"],"picked":"SKIP","floor":48.0},{"not_picked":["Seeing Red","Reckless Charge","Clash"],"picked":"SKIP","floor":55}],"player_experience":18806124,"relics_obtained":[{"floor":6.0,"key":"Vajra"},{"floor":8.0,"key":"Frozen Egg 2"},{"floor":9.0,"key":"HornCleat"},{"floor":13.0,"key":"Pear"},{"floor":24.0,"key":"StrikeDummy"},{"floor":26.0,"key":"Pocketwatch"},{"floor":27.0,"key":"Boot"},{"floor":29.0,"key":"Mango"},{"floor":31.0,"key":"MealTicket"},{"floor":40.0,"key":"Blue Candle"},{"floor":42.0,"key":"Omamori"},{"floor":43.0,"key":"PreservedInsect"},{"floor":47.0,"key":"Bird Faced Urn"},{"floor":55,"key":"Mercury Hourglass"}],"event_choices":[{"cards_removed":["Strike_R"],"damage_healed":0.0,"max_hp_gain":0.0,"max_hp_loss":0.0,"gold_gain":0.0,"event_name":"The Cleric","player_choice":"Card Removal","floor":4.0,"gold_loss":75.0,"damage_taken":0.0},{"cards_removed":["Strike_R"],"damage_healed":0.0,"max_hp_gain":0.0,"max_hp_loss":0.0,"gold_gain":0.0,"event_name":"Purifier","player_choice":"Purged","floor":11.0,"gold_loss":0.0,"damage_taken":0.0},{"cards_removed":["Strike_R"],"damage_healed":0.0,"max_hp_gain":0.0,"max_hp_loss":0.0,"gold_gain":0.0,"event_name":"Golden Wing","player_choice":"Card Removal","floor":14.0,"gold_loss":0.0,"damage_taken":7.0},{"damage_healed":0.0,"max_hp_gain":0.0,"max_hp_loss":0.0,"gold_gain":0.0,"event_name":"The Mausoleum","player_choice":"Ignored","floor":20.0,"gold_loss":0.0,"damage_taken":0.0},{"damage_healed":0.0,"max_hp_gain":0.0,"max_hp_loss":0.0,"gold_gain":0.0,"event_name":"Wheel of Change","player_choice":"Damaged","floor":21.0,"gold_loss":0.0,"damage_taken":12.0},{"damage_healed":0.0,"max_hp_gain":0.0,"max_hp_loss":0.0,"gold_gain":0.0,"event_name":"Lab","player_choice":"Got Potions","floor":39.0,"gold_loss":0.0,"damage_taken":0.0}],"is_beta":true,"boss_relics":[{"not_picked":["Astrolabe","Calling Bell"],"picked":"Cursed Key"},{"not_picked":["Velvet Choker","Tiny House"],"picked":"Snecko Eye"}],"items_purged_floors":[36],"is_endless":false,"potions_floor_spawned":[1,5,6,8,16,18,22,29,33,40,42,44,47],"killed_by":"The Heart","ascension_level":20}}