{"host":"ezkqjaqywejtjag1","time":1608940181,"event":{"mods":["BaseMod","Colored Map","Infinite Spire","Minty Spire (QoL Compilation)","StSLib"],"gold_per_floor":[119,131,90,101,114,114,143,193,238,255,285,1,1,1,1,100,100,113,129,129,139,139,139],"floor_reached":22,"playtime":1767,"items_purged":[],"score":206,"play_id":"534de82f-a4d1-4618-826b-6a396b7a3d95","local_time":"20201225184941","is_ascension_mode":true,"campfire_choices":[{"data":"Neutralize","floor":6.0,"key":"SMITH"},{"floor":13.0,"key":"REST"},{"floor":15.0,"key":"REST"}],"circlet_count":0,"master_deck":["Strike_G","Strike_G","Strike_G","Strike_G","Strike_G","Defend_G","Defend_G","Defend_G","Defend_G","Defend_G","Survivor","Neutralize+1","Blade Dance","Well Laid Plans","Footwork","Dash","Footwork","Corpse Explosion","Flying Knee","Noxious Fumes","Cloak And Dagger","Envenom","Deadly Poison","Bane","Crippling Poison+1"],"relics":["Ring of the Snake","infinitespire:CursedDice","Singing Bowl","infinitespire:PuzzleCube","Bag of Preparation","Centennial Puzzle","TwistedFunnel","Pear","SlaversCollar","Toxic Egg 2"],"acts_visited":["Exordium","TheCity"],"potions_floor_usage":[22,22,22],"damage_taken":[{"damage":0.0,"enemies":"Cultist","floor":1.0,"turns":4.0},{"damage":0.0,"enemies":"Small Slimes","floor":2.0,"turns":3.0},{"damage":0.0,"enemies":"2 Louse","floor":4.0,"turns":3.0},{"damage":5.0,"enemies":"Large Slime","floor":5.0,"turns":8.0},{"damage":15.0,"enemies":"Gremlin Nob","floor":7.0,"turns":4.0},{"damage":0.0,"enemies":"Looter","floor":10.0,"turns":4.0},{"damage":15.0,"enemies":"3 Sentries","floor":11.0,"turns":5.0},{"damage":12.0,"enemies":"The Guardian","floor":16.0,"turns":10.0},{"damage":30.0,"enemies":"Shell Parasite","floor":18.0,"turns":6.0},{"damage":7.0,"enemies":"Chosen","floor":19.0,"turns":5.0},{"damage":24.0,"enemies":"Snake Plant","floor":21.0,"turns":5.0},{"damage":24,"enemies":"Shelled Parasite and Fungi","floor":22,"turns":8}],"seed_played":"-7279318743468181002","potions_obtained":[{"floor":4.0,"key":"Strength Potion"},{"floor":5.0,"key":"Explosive Potion"},{"floor":10.0,"key":"Weak Potion"},{"floor":11.0,"key":"Poison Potion"},{"floor":16.0,"key":"GamblersBrew"},{"floor":18.0,"key":"Poison Potion"}],"is_trial":false,"path_per_floor":["M","M","$","M","M","R","E","T","T","M","E","$","R","?","R","B",null,"M","M","?","M","M"],"character_chosen":"THE_SILENT","items_purchased":["Footwork","TwistedFunnel","Noxious Fumes","Cloak And Dagger"],"campfire_rested":2,"item_purchase_floors":[3,12,12,12],"current_hp_per_floor":[49,49,49,49,44,44,31,31,31,31,16,16,37,47,71,59,82,52,45,45,21,0,0],"gold":139,"neow_bonus":"ONE_RARE_RELIC","is_daily":false,"chose_seed":false,"campfire_upgraded":1,"win_rate":0.0,"timestamp":1608940181,"path_taken":["M","M","$","M","M","R","E","?","T","M","E","$","R","?","R","BOSS","M","M","?","M","M"],"items_purchased_type":["Card","Relic","Card","Card"],"build_version":"2020-12-22","purchased_purges":0,"victory":false,"max_hp_per_floor":[70,70,70,70,70,70,72,72,72,72,72,72,72,82,82,82,82,82,82,82,82,82,82],"card_choices":[{"not_picked":["PiercingWail","Dodge and Roll"],"picked":"Blade Dance","floor":1.0},{"not_picked":["Deadly Poison","Outmaneuver"],"picked":"Well Laid Plans","floor":2.0},{"not_picked":["Flying Knee","Bane"],"picked":"Dash","floor":4.0},{"not_picked":["Masterful Stab","Poisoned Stab"],"picked":"Footwork","floor":5.0},{"not_picked":["Dagger Spray","Dagger Throw","Bouncing Flask"],"picked":"Singing Bowl","floor":7.0},{"not_picked":["Sucker Punch","Underhanded Strike"],"picked":"Corpse Explosion","floor":10.0},{"not_picked":["Calculated Gamble","Dash"],"picked":"Flying Knee","floor":11.0},{"not_picked":["Night Terror","Tools of the Trade"],"picked":"Envenom","floor":16.0},{"not_picked":["Prepared","Poisoned Stab"],"picked":"Deadly Poison","floor":18.0},{"not_picked":["Backflip","After Image"],"picked":"Bane","floor":19.0},{"not_picked":["Expertise+1","Eviscerate"],"picked":"Crippling Poison+1","floor":21.0}],"player_experience":148264,"relics_obtained":[{"floor":7.0,"key":"Singing Bowl"},{"floor":8.0,"key":"infinitespire:PuzzleCube"},{"floor":9.0,"key":"Bag of Preparation"},{"floor":11.0,"key":"Centennial Puzzle"},{"floor":14.0,"key":"Pear"}],"event_choices":[{"damage_healed":0.0,"max_hp_gain":0.0,"max_hp_loss":0.0,"gold_gain":0.0,"event_name":"The Mausoleum","player_choice":"Opened","floor":20.0,"gold_loss":0.0,"damage_taken":0.0,"relics_obtained":["Toxic Egg 2"]}],"is_beta":false,"boss_relics":[{"not_picked":["Runic Pyramid","Empty Cage"],"picked":"SlaversCollar"}],"items_purged_floors":[],"is_endless":false,"potions_floor_spawned":[4,5,10,11,16,18],"killed_by":"Shelled Parasite and Fungi","ascension_level":1}}