{"host":"ljnkpwbnfujn5lym","time":1608922539,"event":{"mods":["Bard","BaseMod","Better Note","Colored Map","Colored Powertips","Exacting","Googly Eyes","Highlight Path","Infinite Spire","Minty Spire (QoL Compilation)","Permanent Neow","Quick Restart","Relic Sorter","Relic Stats","Replay The Spire","StSLib","The IronCluck","slay the spire mod where everything is the same but ironclad has a cowboy hat"],"gold_per_floor":[111,111,50,70,70,103,103,138,163,193,208,208,228,228,228,305,305,319,74,24,42,74,109,109,109,109,127,189,201,230,264,264,339,339,350,58,99,99,99,99,164,225,275,351,351,389,19,88,88,88],"floor_reached":51,"playtime":2355,"items_purged":["Strike_G","Strike_G","Pain","Strike_G"],"score":1585,"play_id":"dbb4a809-ec54-4aaf-b86f-26ea522adedf","local_time":"20201225125539","is_ascension_mode":true,"campfire_choices":[{"data":"Apotheosis","floor":7.0,"key":"SMITH"},{"data":"Pot Of Greed","floor":12.0,"key":"SMITH"},{"floor":15.0,"key":"REST"},{"floor":24.0,"key":"REST"},{"floor":32.0,"key":"REST"},{"data":"Pot Of Greed","floor":32.0,"key":"SMITH"},{"floor":40.0,"key":"REST"},{"data":"Noxious Fumes","floor":40.0,"key":"SMITH"},{"floor":45.0,"key":"REST"},{"data":"Pot Of Greed","floor":45.0,"key":"SMITH"},{"floor":49,"key":"REST"},{"data":"Leg Sweep","floor":49,"key":"SMITH"}],"circlet_count":0,"master_deck":["AscendersBane","Strike_G","Strike_G","Defend_G","Defend_G","Defend_G","Defend_G","Defend_G","Survivor","Neutralize","Quick Slash","ReplayTheSpireMod:??????????????????????","CommonCold","Apotheosis+1","Dagger Throw+1","Pot Of Greed+1","Pot Of Greed+1","Phantasmal Killer","Dagger Spray","Backflip","PiercingWail","Skewer","ReplayTheSpireMod:From All Sides","Noxious Fumes+1","Bullet Time","Riddle With Holes","Leg Sweep+1","Tools of the Trade","Crippling Poison","Sneak Up","A Thousand Cuts+1","ReplayUltimateDefense+1","Midas Touch","Pot Of Greed+1","Riddle With Holes","Bouncing Flask"],"relics":["Ring of the Snake","NeowsBlessing","ReplayTheSpireMod:CursedCoin","Grinning Jar","Vajra","ReplayFunnel","Bag of Marbles","Torii","Snecko Eye","Membership Card","Mirror","Potion Belt","Paper Crane","infinitespire:Magic Flask","White Beast Statue","HoveringKite","FossilizedHelix","Orrery","Frozen Egg 2","Replay:Bandana","Bag of Preparation","Blue Doll","Replay:Mystery Machine","Question Card","Replay:Accelerometer","Snake Skull","Medical Kit","Art of War"],"acts_visited":["Exordium","TheCity","TheBeyond"],"potions_floor_usage":[],"damage_taken":[{"damage":0.0,"enemies":"Jaw Worm","floor":1.0,"turns":1.0},{"damage":0.0,"enemies":"2 Louse","floor":4.0,"turns":1.0},{"damage":0.0,"enemies":"3 Sentries","floor":6.0,"turns":1.0},{"damage":0.0,"enemies":"Lagavulin","floor":8.0,"turns":4.0},{"damage":2.0,"enemies":"Gremlin Nob","floor":10.0,"turns":3.0},{"damage":0.0,"enemies":"Cultist","floor":11.0,"turns":2.0},{"damage":0.0,"enemies":"Looter","floor":13.0,"turns":2.0},{"damage":19.0,"enemies":"Slime Boss","floor":16.0,"turns":7.0},{"damage":0.0,"enemies":"3 Byrds","floor":18.0,"turns":4.0},{"damage":7.0,"enemies":"Shell Parasite","floor":21.0,"turns":3.0},{"damage":0.0,"enemies":"Centurion and Healer","floor":22.0,"turns":3.0},{"damage":31.0,"enemies":"Book of Stabbing","floor":23.0,"turns":6.0},{"damage":0.0,"enemies":"3 Cultists","floor":27.0,"turns":3.0},{"damage":18.0,"enemies":"Slavers","floor":28.0,"turns":6.0},{"damage":0.0,"enemies":"Shelled Parasite and Fungi","floor":29.0,"turns":2.0},{"damage":0.0,"enemies":"Book of Stabbing","floor":30.0,"turns":1.0},{"damage":1.0,"enemies":"Snecko","floor":31.0,"turns":3.0},{"damage":21.0,"enemies":"Collector","floor":33.0,"turns":7.0},{"damage":0.0,"enemies":"Orb Walker","floor":35.0,"turns":2.0},{"damage":1.0,"enemies":"3 Darklings","floor":41.0,"turns":3.0},{"damage":32.0,"enemies":"R_Hoarder","floor":42.0,"turns":7.0},{"damage":0.0,"enemies":"Giant Head","floor":44.0,"turns":7.0},{"damage":0.0,"enemies":"R_Hoarder","floor":46.0,"turns":9.0},{"damage":0,"enemies":"Jaw Worm Horde","floor":48,"turns":4},{"damage":0,"enemies":"infinitespire:MassOfShapes","floor":50,"turns":1}],"seed_played":"-3294622346565065260","potions_obtained":[{"floor":6.0,"key":"Reflective Coating"},{"floor":8.0,"key":"EssenceOfSteel"},{"floor":11.0,"key":"CultistPotion"},{"floor":27.0,"key":"FairyPotion"},{"floor":29.0,"key":"LiquidMemories"},{"floor":33.0,"key":"AttackPotion"},{"floor":35.0,"key":"Toxic Potion"},{"floor":44.0,"key":"Dexterity Potion"}],"is_trial":false,"path_per_floor":["M","?","$","M","?","E","R","E","T","E","M","R","M","?","R","B",null,"M","$","?","M","M","E","R","?","T","M","E","M","E","M","R","B",null,"M","$","?","?","AVR","R","M","E","T","E","R","E","$","M","R","B",null],"character_chosen":"THE_SILENT","items_purchased":["ReplayTheSpireMod:CursedCoin","Apotheosis","Membership Card","Noxious Fumes","FossilizedHelix","Orrery","Replay:Accelerometer","Snake Skull","Medical Kit"],"campfire_rested":6,"item_purchase_floors":[3,3,19,19,36,36,47,47,47],"current_hp_per_floor":[59,44,44,44,33,33,33,33,33,31,31,31,31,31,50,31,57,57,57,57,50,50,19,38,38,38,38,20,20,29,28,47,26,56,56,56,56,46,46,65,64,32,32,32,51,51,51,51,66,66],"gold":88,"neow_bonus":"THREE_ENEMY_KILL","is_daily":false,"chose_seed":false,"campfire_upgraded":6,"win_rate":0.0,"timestamp":1608922539,"path_taken":["M","?","$","M","?","E","R","E","T","E","?","R","M","?","R","BOSS","M","$","?","?","M","E","R","?","T","M","E","M","E","M","R","BOSS","M","$","?","?","AVR","R","M","E","T","E","R","E","$","M","R","BOSS"],"items_purchased_type":["Relic","Card","Relic","Card","Relic","Relic","Relic","Relic","Relic"],"build_version":"2020-12-22","purchased_purges":4,"victory":true,"max_hp_per_floor":[66,66,66,66,66,66,66,66,66,66,66,66,66,66,66,66,66,66,66,66,66,66,66,66,66,66,66,66,66,66,66,66,66,66,66,66,66,66,66,66,66,66,66,66,66,66,66,66,66,66],"relic_stats":{"Torii":22,"counters":[25,92],"Snecko Eye":[145,160,125,154],"HoveringKite":[11],"Snake Skull":[2],"Bag of Preparation":[4],"Art of War":[0],"Question Card":2,"Medical Kit":[0],"obtain_stats":[{"ReplayFunnel":8,"Replay:Accelerometer":47,"Torii":10,"Vajra":6,"HoveringKite":34,"Blue Doll":43,"Snake Skull":47,"Bag of Preparation":42,"Replay:Mystery Machine":44,"Replay:Bandana":39,"Ring of the Snake":0,"Potion Belt":23,"NeowsBlessing":0,"ReplayTheSpireMod:CursedCoin":3,"infinitespire:Magic Flask":28,"Paper Crane":26,"Frozen Egg 2":37,"Question Card":46,"Medical Kit":47,"White Beast Statue":30,"Snecko Eye":17,"Orrery":36,"Bag of Marbles":9,"Art of War":48,"Membership Card":19,"Grinning Jar":5,"Mirror":20,"FossilizedHelix":36},{"ReplayFunnel":4,"Replay:Accelerometer":23,"Torii":5,"Vajra":3,"HoveringKite":18,"Blue Doll":21,"Snake Skull":23,"Bag of Preparation":21,"Replay:Mystery Machine":22,"Replay:Bandana":19,"Ring of the Snake":0,"Potion Belt":12,"NeowsBlessing":0,"ReplayTheSpireMod:CursedCoin":1,"infinitespire:Magic Flask":14,"Paper Crane":12,"Frozen Egg 2":19,"Question Card":23,"Medical Kit":23,"White Beast Statue":16,"Snecko Eye":8,"Orrery":19,"Bag of Marbles":4,"Art of War":24,"Membership Card":9,"Grinning Jar":2,"Mirror":9,"FossilizedHelix":19},{"ReplayFunnel":7,"Replay:Accelerometer":87,"Torii":10,"Vajra":3,"HoveringKite":59,"Blue Doll":71,"Snake Skull":87,"Bag of Preparation":71,"Replay:Mystery Machine":78,"Replay:Bandana":61,"Ring of the Snake":0,"Potion Belt":37,"NeowsBlessing":0,"ReplayTheSpireMod:CursedCoin":1,"infinitespire:Magic Flask":46,"Paper Crane":37,"Frozen Egg 2":61,"Question Card":87,"Medical Kit":87,"White Beast Statue":49,"Snecko Eye":21,"Orrery":61,"Bag of Marbles":7,"Art of War":91,"Membership Card":25,"Grinning Jar":2,"Mirror":25,"FossilizedHelix":61}],"Ring of the Snake":[50]},"card_choices":[{"not_picked":["Underhanded Strike","Hidden Blade"],"picked":"Quick Slash","floor":1.0},{"not_picked":["ReplayTheSpireMod:Haul","infinitespire:FutureSight"],"picked":"ReplayTheSpireMod:??????????????????????","floor":2.0},{"not_picked":["Prepared","Underhanded Strike"],"picked":"Dagger Throw","floor":4.0},{"not_picked":["Flechettes","Acrobatics"],"picked":"Phantasmal Killer","floor":6.0},{"not_picked":["Poisoned Stab","Cloak And Dagger"],"picked":"Dagger Spray","floor":8.0},{"not_picked":["PiercingWail","Dagger Throw"],"picked":"Backflip","floor":10.0},{"not_picked":["Slice","Outmaneuver"],"picked":"PiercingWail","floor":11.0},{"not_picked":["Backflip","Flechettes"],"picked":"Skewer","floor":13.0},{"not_picked":["Tools of the Trade","Wraith Form v2"],"picked":"ReplayTheSpireMod:From All Sides","floor":16.0},{"not_picked":["Slice","PiercingWail","Deflect"],"picked":"SKIP","floor":18.0},{"not_picked":["Outmaneuver","Crippling Poison"],"picked":"Bullet Time","floor":21.0},{"not_picked":["Dodge and Roll","Acrobatics","Cloak And Dagger"],"picked":"SKIP","floor":22.0},{"not_picked":["Backflip","ReplayTheSpireMod:Necrosis","Sucker Punch+1"],"picked":"SKIP","floor":23.0},{"not_picked":["Flying Knee","Deflect","Setup"],"picked":"SKIP","floor":27.0},{"not_picked":["Hidden Blade","Cloak And Dagger","Slice"],"picked":"SKIP","floor":28.0},{"not_picked":["Cloak And Dagger","Slice"],"picked":"Leg Sweep","floor":29.0},{"not_picked":["Blade Dance","Unload","Flying Knee+1"],"picked":"SKIP","floor":30.0},{"not_picked":["Hidden Blade","Outmaneuver+1","Setup"],"picked":"SKIP","floor":31.0},{"not_picked":["Adrenaline","Replay:Bag of Tricks"],"picked":"Tools of the Trade","floor":33.0},{"not_picked":["Poisoned Stab","Tactician","Dagger Throw"],"picked":"SKIP","floor":35.0},{"not_picked":["Cloak And Dagger","Well Laid Plans+1"],"picked":"Crippling Poison","floor":36.0},{"not_picked":["Blade Dance","Skewer"],"picked":"Sneak Up","floor":36.0},{"not_picked":["Accuracy+1","Crippling Poison"],"picked":"A Thousand Cuts+1","floor":37.0},{"not_picked":["ReplayTheSpireMod:Trickstab","ReplayTheSpireMod:Uncanny Aura"],"picked":"ReplayUltimateDefense+1","floor":38.0},{"not_picked":["HandOfGreed","Good Instincts"],"picked":"Midas Touch","floor":38.0},{"not_picked":["Blur+1","PiercingWail","Flying Knee+1"],"picked":"SKIP","floor":41.0},{"not_picked":["Poisoned Stab","Fluid Movement+1"],"picked":"Riddle With Holes","floor":42.0},{"not_picked":["Venomology","Caltrops+1"],"picked":"Bouncing Flask","floor":44.0},{"not_picked":["Hidden Blade+1","Deflect","Prepared"],"picked":"SKIP","floor":46.0},{"not_picked":["Acrobatics","Escape Plan","PiercingWail","Fluid Movement+1"],"picked":"SKIP","floor":48}],"player_experience":630208,"relics_obtained":[{"floor":6.0,"key":"Vajra"},{"floor":8.0,"key":"ReplayFunnel"},{"floor":9.0,"key":"Bag of Marbles"},{"floor":10.0,"key":"Torii"},{"floor":23.0,"key":"Potion Belt"},{"floor":26.0,"key":"Paper Crane"},{"floor":28.0,"key":"infinitespire:Magic Flask"},{"floor":30.0,"key":"White Beast Statue"},{"floor":37.0,"key":"Frozen Egg 2"},{"floor":42.0,"key":"Bag of Preparation"},{"floor":43.0,"key":"Blue Doll"},{"floor":44.0,"key":"Replay:Mystery Machine"},{"floor":46.0,"key":"Question Card"},{"floor":48,"key":"Art of War"}],"event_choices":[{"damage_healed":0.0,"max_hp_gain":0.0,"max_hp_loss":0.0,"gold_gain":0.0,"event_name":"Scrap Ooze","player_choice":"Success","floor":5.0,"gold_loss":0.0,"damage_taken":11.0,"relics_obtained":["Grinning Jar"]},{"damage_healed":0.0,"max_hp_gain":0.0,"max_hp_loss":0.0,"gold_gain":0.0,"event_name":"WeMeetAgain","player_choice":"Paid Gold","floor":20.0,"gold_loss":50.0,"damage_taken":0.0,"relics_obtained":["Mirror"]},{"damage_healed":0.0,"max_hp_gain":0.0,"max_hp_loss":0.0,"gold_gain":0.0,"event_name":"The Library","player_choice":"Read","floor":25.0,"gold_loss":0.0,"damage_taken":0.0,"cards_obtained":["Riddle With Holes"]},{"damage_healed":0.0,"max_hp_gain":0.0,"max_hp_loss":0.0,"gold_gain":0.0,"event_name":"SensoryStone","player_choice":"Memory 3","floor":38.0,"gold_loss":0.0,"damage_taken":10.0}],"is_beta":false,"boss_relics":[{"not_picked":["Snecko Heart","infinitespire:Cupcake"],"picked":"Snecko Eye"},{"not_picked":["ReplayTheSpireMod:DimensionalGlitch","Velvet Choker"],"picked":"HoveringKite"}],"items_purged_floors":[19,36,39,47],"is_endless":false,"potions_floor_spawned":[6,8,11,27,29,30,31,33,35,41,42,44,46,48],"ascension_level":19}}