{"host":"l66odvkqh04jpxx0","time":1608880270,"event":{"mods":["BaseMod","Colored Powertips","Conspire","Hermit","Luminous","Minty Spire (QoL Compilation)","Quick Restart","Replay The Spire","StSLib","The Construct","The Cursed","The Mystic","The Servant 0.9.4"],"gold_per_floor":[14,14,14,24,37,50,70,70,70,70,81,81,99,154,154,252,252,272,272,292,64,64,64,64],"floor_reached":23,"playtime":2011,"items_purged":["Defend_G"],"score":183,"play_id":"3efdbce3-1fb1-4bed-8675-6ecd096c7b60","local_time":"20201225151110","is_ascension_mode":false,"campfire_choices":[{"data":"Sadistic Nature","floor":10,"key":"SMITH"},{"data":"Calculated Gamble","floor":12,"key":"SMITH"},{"floor":15,"key":"REST"}],"circlet_count":0,"master_deck":["Strike_G","Strike_G","Strike_G","Strike_G","Defend_G","Defend_G","Defend_G","Defend_G","Survivor","Neutralize","Sadistic Nature+1","Terror","Calculated Gamble+1","Unload","Acrobatics","Neutralize"],"relics":["Ring of the Snake","Omamori","conspire:Dentures","Regal Pillow","DollysMirror","MutagenicStrength"],"acts_visited":["Exordium","TheCity"],"potions_floor_usage":[16,16,23],"damage_taken":[{"damage":0,"enemies":"Jaw Worm","floor":1,"turns":6},{"damage":0,"enemies":"Small Slimes","floor":4,"turns":5},{"damage":0,"enemies":"Cultist","floor":5,"turns":3},{"damage":11,"enemies":"Large Slime","floor":6,"turns":6},{"damage":2,"enemies":"Looter","floor":7,"turns":3},{"damage":0,"enemies":"Blue Slaver","floor":11,"turns":4},{"damage":0,"enemies":"Red Slaver","floor":13,"turns":4},{"damage":54,"enemies":"The Guardian","floor":16,"turns":14},{"damage":41,"enemies":"Spheric Guardian","floor":18,"turns":6},{"damage":15,"enemies":"Shell Parasite","floor":20,"turns":5},{"damage":14,"enemies":"Gremlin Leader","floor":23,"turns":2}],"seed_played":"-2863710375138123674","potions_obtained":[{"floor":6,"key":"Fire Potion"},{"floor":11,"key":"construct:ShiftPotion"},{"floor":13,"key":"LiquidBronze"},{"floor":20,"key":"Explosive Potion"}],"is_trial":false,"path_per_floor":["M","?","?","M","M","M","M","?","T","R","M","R","M","T","R","B",null,"M","?","M","$","?","E"],"character_chosen":"THE_SILENT","items_purchased":["DollysMirror"],"campfire_rested":1,"item_purchase_floors":[21],"current_hp_per_floor":[70,52,45,45,45,34,32,32,32,32,32,32,32,32,68,14,70,29,29,14,14,14,0,0],"gold":64,"neow_bonus":"RANDOM_COLORLESS_2","is_daily":false,"chose_seed":false,"campfire_upgraded":2,"win_rate":0.0,"timestamp":1608880270,"path_taken":["M","?","?","M","M","M","M","?","T","R","?","R","M","?","R","BOSS","M","?","M","$","?","E"],"items_purchased_type":["Relic"],"build_version":"2020-12-22","purchased_purges":1,"victory":false,"max_hp_per_floor":[70,70,70,70,70,70,70,70,70,70,70,70,70,70,70,70,70,70,70,70,70,70,70,70],"card_choices":[{"not_picked":["Mayhem","Secret Technique"],"picked":"Sadistic Nature","floor":0},{"not_picked":["Deflect","Flechettes","Escape Plan"],"picked":"SKIP","floor":1},{"not_picked":["Accuracy","Masterful Stab","Cloak And Dagger"],"picked":"SKIP","floor":4},{"not_picked":["Backflip","Distraction"],"picked":"Terror","floor":5},{"not_picked":["Deadly Poison","Tactician","Deflect"],"picked":"SKIP","floor":6},{"not_picked":["Sneak Up","Hidden Blade","Flying Knee"],"picked":"SKIP","floor":7},{"not_picked":["conspire:DoublingDagger","Dagger Spray"],"picked":"Calculated Gamble","floor":11},{"not_picked":["Bullet Time","Deflect","Flechettes"],"picked":"SKIP","floor":13},{"not_picked":["Burst","Phantasmal Killer"],"picked":"Unload","floor":16},{"not_picked":["Prepared","Replay:Poison Smokescreen"],"picked":"Acrobatics","floor":18},{"not_picked":["Dagger Spray","Accuracy","ReplayTheSpireMod:Shiv Toss+1"],"picked":"SKIP","floor":20}],"player_experience":66168,"relics_obtained":[{"floor":9,"key":"conspire:Dentures"},{"floor":14,"key":"Regal Pillow"}],"event_choices":[{"damage_healed":0,"gold_gain":0,"player_choice":"Success","damage_taken":18,"relics_obtained":["Omamori"],"max_hp_gain":0,"max_hp_loss":0,"event_name":"Scrap Ooze","floor":2,"gold_loss":0},{"cards_removed":["Strike_G"],"damage_healed":0,"gold_gain":0,"player_choice":"Card Removal","damage_taken":7,"max_hp_gain":0,"max_hp_loss":0,"event_name":"Golden Wing","floor":3,"gold_loss":0},{"damage_healed":0,"gold_gain":0,"player_choice":"Ignored","damage_taken":0,"max_hp_gain":0,"max_hp_loss":0,"event_name":"Golden Idol","floor":8,"gold_loss":0},{"damage_healed":0,"gold_gain":0,"player_choice":"Leave","damage_taken":0,"max_hp_gain":0,"max_hp_loss":0,"event_name":"conspire:Investor","floor":19,"gold_loss":0},{"damage_healed":0,"gold_gain":0,"player_choice":"Inject Mutagens","damage_taken":0,"relics_obtained":["MutagenicStrength"],"max_hp_gain":0,"max_hp_loss":0,"event_name":"Drug Dealer","floor":22,"gold_loss":0}],"is_beta":false,"boss_relics":[{"not_picked":["ReplayTheSpireMod:DimensionalGlitch","Velvet Choker","Runic Dome"]}],"items_purged_floors":[21],"is_endless":false,"potions_floor_spawned":[6,11,13,20],"killed_by":"Gremlin Leader","ascension_level":0}}