{"host":"8yg5xi2a6w9qkgsw","time":1608912072,"event":{"mods":["AchievementEnabler","BaseMod","Block Reminder","Colored Powertips","Minty Spire (QoL Compilation)","MonsterHotkey","Random Character Button","Relic Stats"],"gold_per_floor":[99,99,99,78,24,24,24,24,24,0,0,0,0,0,0,0,0,0,0,0,0,0,0,0,0,0,0,0,0,0,0,0,0,0,0,0,0,0,0,0,0,0,0,0,0,0,0,0,0,0,0,0,0,0,0,0],"floor_reached":55,"playtime":6194,"items_purged":[],"score":1234,"play_id":"f4ce70a5-fa75-4e2f-b5d3-2981b9be212d","local_time":"20201225170112","is_ascension_mode":true,"campfire_choices":[{"data":"Poisoned Stab","floor":6.0,"key":"SMITH"},{"floor":12.0,"key":"REST"},{"floor":15.0,"key":"REST"},{"data":"Catalyst","floor":23.0,"key":"SMITH"},{"data":"Night Terror","floor":25.0,"key":"SMITH"},{"data":"Neutralize","floor":30.0,"key":"SMITH"},{"floor":32.0,"key":"REST"},{"floor":41.0,"key":"REST"},{"floor":49,"key":"RECALL"},{"data":"Footwork","floor":52,"key":"SMITH"}],"circlet_count":0,"master_deck":["AscendersBane","Defend_G","Defend_G","Defend_G","Defend_G","Defend_G","Survivor","Neutralize+1","Deadly Poison","Backflip","Poisoned Stab+1","Dodge and Roll","Catalyst+1","Noxious Fumes","Corpse Explosion","Night Terror+1","Distraction+1","Sucker Punch","Storm of Steel","Bite","Bite","Bite+1","Bite","Bite+1","Backflip","Deflect","PiercingWail+1","Burst","Setup+1","Footwork+1","Footwork+1"],"relics":["Ectoplasm","Bloody Idol","Letter Opener","Pear","Lantern","HornCleat","Runic Pyramid","Happy Flower","Bottled Tornado","Whetstone","SacredBark","MealTicket","Mummified Hand","Toy Ornithopter","Pen Nib"],"acts_visited":["Exordium","TheCity","TheBeyond","TheEnding"],"potions_floor_usage":[50,55,55],"damage_taken":[{"damage":10.0,"enemies":"Small Slimes","floor":1.0,"turns":5.0},{"damage":4.0,"enemies":"Jaw Worm","floor":3.0,"turns":4.0},{"damage":21.0,"enemies":"Lagavulin","floor":7.0,"turns":7.0},{"damage":2.0,"enemies":"Cultist","floor":8.0,"turns":4.0},{"damage":4.0,"enemies":"Looter","floor":10.0,"turns":3.0},{"damage":0.0,"enemies":"Large Slime","floor":13.0,"turns":5.0},{"damage":19.0,"enemies":"Gremlin Nob","floor":14.0,"turns":4.0},{"damage":14.0,"enemies":"The Guardian","floor":16.0,"turns":10.0},{"damage":6.0,"enemies":"Spheric Guardian","floor":18.0,"turns":4.0},{"damage":28.0,"enemies":"Gremlin Leader","floor":24.0,"turns":8.0},{"damage":5.0,"enemies":"Shell Parasite","floor":27.0,"turns":3.0},{"damage":13.0,"enemies":"Book of Stabbing","floor":28.0,"turns":5.0},{"damage":0.0,"enemies":"Sentry and Sphere","floor":29.0,"turns":3.0},{"damage":8.0,"enemies":"Automaton","floor":33.0,"turns":8.0},{"damage":23.0,"enemies":"3 Darklings","floor":35.0,"turns":4.0},{"damage":0.0,"enemies":"3 Shapes","floor":37.0,"turns":3.0},{"damage":41.0,"enemies":"Transient","floor":38.0,"turns":5.0},{"damage":2.0,"enemies":"Giant Head","floor":40.0,"turns":4.0},{"damage":13.0,"enemies":"Reptomancer","floor":42.0,"turns":6.0},{"damage":0.0,"enemies":"Maw","floor":44.0,"turns":6.0},{"damage":21.0,"enemies":"Giant Head","floor":45.0,"turns":6.0},{"damage":1,"enemies":"3 Darklings","floor":46,"turns":6},{"damage":7,"enemies":"Jaw Worm Horde","floor":47,"turns":3},{"damage":7,"enemies":"Maw","floor":48,"turns":5},{"damage":2,"enemies":"Donu and Deca","floor":50,"turns":5},{"damage":33,"enemies":"Shield and Spear","floor":54,"turns":6},{"damage":57,"enemies":"The Heart","floor":55,"turns":6}],"seed_played":"5538691931767104799","potions_obtained":[{"floor":3.0,"key":"Weak Potion"},{"floor":7.0,"key":"SpeedPotion"},{"floor":10.0,"key":"SkillPotion"},{"floor":18.0,"key":"DuplicationPotion"},{"floor":27.0,"key":"SkillPotion"},{"floor":38.0,"key":"SteroidPotion"},{"floor":40.0,"key":"LiquidMemories"},{"floor":54,"key":"SpeedPotion"}],"is_trial":false,"path_per_floor":["M","?","M","?","$","R","E","M","T","M","?","R","M","E","R","B",null,"M","?","?","?","?","R","E","R","T","M","E","M","R","?","R","B",null,"M","$","M","M","?","E","R","E","T","M","E","M","M","M","R","B",null,"R","$","E","B"],"character_chosen":"THE_SILENT","items_purchased":["Poisoned Stab"],"campfire_rested":4,"item_purchase_floors":[5],"current_hp_per_floor":[53,36,32,32,32,32,11,9,19,15,8,32,32,13,37,23,66,60,60,60,56,44,44,32,32,32,31,28,30,30,30,46,56,56,43,43,43,14,14,16,32,31,31,43,34,45,43,45,45,56,56,56,56,35,0,0],"gold":0,"neow_bonus":"BOSS_RELIC","is_daily":false,"chose_seed":false,"campfire_upgraded":5,"win_rate":0.0,"timestamp":1608912072,"path_taken":["M","?","M","?","?","R","E","M","T","?","?","R","M","E","R","BOSS","M","?","?","?","?","R","E","R","T","M","E","?","R","?","R","BOSS","M","$","M","M","?","E","R","E","T","M","E","M","M","M","R","BOSS","R","$","E","BOSS"],"items_purchased_type":["Card"],"build_version":"2020-12-22","purchased_purges":0,"victory":false,"max_hp_per_floor":[70,70,70,70,70,70,70,70,80,80,80,80,80,80,80,80,80,80,80,80,56,56,56,56,56,56,56,56,56,56,56,56,56,56,56,56,56,56,56,56,56,56,56,56,56,56,56,56,56,56,56,56,56,56,56,56],"relic_stats":{"Happy Flower":[28],"counters":[27,138],"Mummified Hand":[16],"Bloody Idol":0,"MealTicket":0,"Ectoplasm":775,"Pen Nib":[0],"Letter Opener":[418],"Whetstone":["Bite","Bite"],"obtain_stats":[{"Lantern":11,"Pear":9,"Happy Flower":24,"Golden Idol":2,"SacredBark":34,"Pen Nib":54,"Letter Opener":7,"Whetstone":28,"Bottled Tornado":26,"HornCleat":14,"Mummified Hand":42,"Bloody Idol":31,"MealTicket":40,"Ectoplasm":0,"Toy Ornithopter":45,"Ring of the Snake":0,"Runic Pyramid":17},{"Lantern":5,"Pear":4,"Happy Flower":10,"Golden Idol":1,"SacredBark":14,"Pen Nib":26,"Letter Opener":3,"Whetstone":12,"Bottled Tornado":10,"HornCleat":7,"Mummified Hand":19,"Bloody Idol":13,"MealTicket":18,"Ectoplasm":0,"Toy Ornithopter":21,"Ring of the Snake":0,"Runic Pyramid":8},{"Lantern":23,"Pear":20,"Happy Flower":54,"Golden Idol":5,"SacredBark":73,"Pen Nib":132,"Letter Opener":16,"Whetstone":62,"Bottled Tornado":54,"HornCleat":32,"Mummified Hand":95,"Bloody Idol":65,"MealTicket":89,"Ectoplasm":0,"Toy Ornithopter":107,"Ring of the Snake":0,"Runic Pyramid":42}],"Toy Ornithopter":15},"card_choices":[{"not_picked":["Deflect","Outmaneuver"],"picked":"Deadly Poison","floor":1.0},{"not_picked":["Dodge and Roll","Calculated Gamble"],"picked":"Backflip","floor":3.0},{"not_picked":["Dagger Throw","Deflect"],"picked":"Dodge and Roll","floor":7.0},{"not_picked":["Tactician","Slice"],"picked":"Catalyst","floor":8.0},{"not_picked":["Escape Plan","Blade Dance"],"picked":"Noxious Fumes","floor":10.0},{"not_picked":["Acrobatics","PiercingWail"],"picked":"Corpse Explosion","floor":13.0},{"not_picked":["Poisoned Stab","Masterful Stab","Acrobatics"],"picked":"SKIP","floor":14.0},{"not_picked":["Die Die Die","Unload"],"picked":"Night Terror","floor":16.0},{"not_picked":["Deflect","Calculated Gamble"],"picked":"Distraction+1","floor":18.0},{"not_picked":["Sucker Punch","Predator","Masterful Stab"],"picked":"SKIP","floor":24.0},{"not_picked":["Deflect","Accuracy"],"picked":"Backflip","floor":27.0},{"not_picked":["Flying Knee","Quick Slash"],"picked":"Deflect","floor":28.0},{"not_picked":["Infinite Blades","Deflect"],"picked":"PiercingWail+1","floor":29.0},{"not_picked":["Malaise","Bullet Time"],"picked":"Burst","floor":33.0},{"not_picked":["Finisher","Endless Agony","Reflex+1"],"picked":"SKIP","floor":35.0},{"not_picked":["Cloak And Dagger+1","Predator","Dagger Throw"],"picked":"SKIP","floor":37.0},{"not_picked":["Slice+1","Underhanded Strike","Bouncing Flask"],"picked":"SKIP","floor":38.0},{"not_picked":["Well Laid Plans+1","Die Die Die","Terror+1"],"picked":"SKIP","floor":40.0},{"not_picked":["Deadly Poison+1","Deflect","Quick Slash+1"],"picked":"SKIP","floor":42.0},{"not_picked":["Dagger Spray","Dodge and Roll"],"picked":"Setup+1","floor":44.0},{"not_picked":["Flying Knee","Sucker Punch","Choke+1"],"picked":"SKIP","floor":45.0},{"not_picked":["Slice+1","Acrobatics+1","Setup+1"],"picked":"SKIP","floor":46},{"not_picked":["Accuracy+1","Dagger Throw+1","Heel Hook+1"],"picked":"SKIP","floor":47},{"not_picked":["Finisher","Endless Agony+1"],"picked":"Footwork","floor":48},{"not_picked":["Bullet Time","Outmaneuver"],"picked":"Footwork+1","floor":54}],"player_experience":1424367,"relics_obtained":[{"floor":7.0,"key":"Letter Opener"},{"floor":9.0,"key":"Pear"},{"floor":14.0,"key":"HornCleat"},{"floor":24.0,"key":"Happy Flower"},{"floor":26.0,"key":"Bottled Tornado"},{"floor":28.0,"key":"Whetstone"},{"floor":40.0,"key":"MealTicket"},{"floor":42.0,"key":"Mummified Hand"},{"floor":45.0,"key":"Toy Ornithopter"},{"floor":54,"key":"Pen Nib"}],"event_choices":[{"damage_healed":0.0,"max_hp_gain":0.0,"max_hp_loss":0.0,"gold_gain":0.0,"event_name":"Golden Idol","player_choice":"Take Damage","floor":2.0,"gold_loss":0.0,"damage_taken":17.0,"relics_obtained":["Golden Idol"]},{"damage_healed":0.0,"max_hp_gain":0.0,"max_hp_loss":0.0,"gold_gain":0.0,"event_name":"World of Goop","player_choice":"Left Gold","floor":4.0,"gold_loss":21.0,"damage_taken":0.0},{"damage_healed":0.0,"max_hp_gain":0.0,"max_hp_loss":0.0,"gold_gain":0.0,"event_name":"Scrap Ooze","player_choice":"Success","floor":11.0,"gold_loss":0.0,"damage_taken":7.0,"relics_obtained":["Lantern"]},{"damage_healed":0.0,"max_hp_gain":0.0,"max_hp_loss":0.0,"gold_gain":0.0,"event_name":"The Mausoleum","player_choice":"Ignored","floor":19.0,"gold_loss":0.0,"damage_taken":0.0},{"damage_healed":0.0,"max_hp_gain":0.0,"max_hp_loss":0.0,"gold_gain":0.0,"cards_transformed":["Strike_G","Strike_G"],"event_name":"Drug Dealer","player_choice":"Became Test Subject","floor":20.0,"gold_loss":0.0,"damage_taken":0.0,"cards_obtained":["Sucker Punch","Storm of Steel"]},{"damage_healed":0.0,"max_hp_gain":0.0,"max_hp_loss":24.0,"gold_gain":0.0,"event_name":"Vampires","player_choice":"Became a vampire","floor":21.0,"gold_loss":0.0,"damage_taken":0.0,"cards_obtained":["Bite","Bite","Bite","Bite","Bite"]},{"damage_healed":0.0,"max_hp_gain":0.0,"max_hp_loss":0.0,"gold_gain":0.0,"event_name":"Knowing Skull","player_choice":"POTION ","floor":22.0,"potions_obtained":["Energy Potion"],"gold_loss":0.0,"damage_taken":12.0,"cards_obtained":[]},{"damage_healed":0.0,"max_hp_gain":0.0,"max_hp_loss":0.0,"gold_gain":0.0,"event_name":"Forgotten Altar","player_choice":"Gave Idol","floor":31.0,"relics_lost":["Golden Idol"],"gold_loss":0.0,"damage_taken":0.0,"relics_obtained":["Bloody Idol"]},{"damage_healed":0.0,"max_hp_gain":0.0,"max_hp_loss":0.0,"gold_gain":0.0,"event_name":"Mysterious Sphere","player_choice":"Ignored","floor":39.0,"gold_loss":0.0,"damage_taken":0.0}],"is_beta":false,"boss_relics":[{"not_picked":["Empty Cage","Astrolabe"],"picked":"Runic Pyramid"},{"not_picked":["Velvet Choker","Sozu"],"picked":"SacredBark"}],"items_purged_floors":[],"is_endless":false,"potions_floor_spawned":[3,7,10,18,27,38,40,47,48,54],"killed_by":"The Heart","ascension_level":11}}