{"host":"i0avyit1s6jb1siw","time":1608932868,"event":{"mods":["BaseMod","DeckTracker","Dota2Spire","Highlight Path","Minty Spire (QoL Compilation)","Quick Restart","Replay The Spire","StSLib","SuperFastMode"],"gold_per_floor":[115,14,32,32,43,43,78,94,94,105,118,147,147,157,157,234,234,250,4,14,33,33,33,60,60,60,94,108,128,53,53,53,127,127,141,166,166,214,89,123,140,174,174,200,216,240,260,110,110,110,110,110,110,110,136,136],"floor_reached":57,"playtime":2068,"items_purged":["Parasite","Strike_P","Midas Touch+1","LessonLearned+1"],"score":3034,"play_id":"a0791b48-2a75-4c0c-af9f-3950438cc6d6","local_time":"20201225224748","is_ascension_mode":true,"campfire_choices":[{"data":"TalkToTheHand","floor":13.0,"key":"SMITH"},{"data":"Violence","floor":15.0,"key":"SMITH"},{"data":"Adaptation","floor":23.0,"key":"SMITH"},{"floor":25.0,"key":"REST"},{"floor":32.0,"key":"REST"},{"floor":49.0,"key":"RECALL"},{"data":"FlurryOfBlows+1","floor":53.0,"key":"PURGE"}],"circlet_count":0,"master_deck":["AscendersBane","Defend_P+1","Defend_P+1","Defend_P+1","Vigilance+1","BowlingBash+1","Tantrum+1","CrushJoints+1","TalkToTheHand+1","Adaptation+1","Meditate+1","Adaptation+1","MentalFortress+1","Scrawl+1","CurseOfTheBell","Master of Strategy+1","TalkToTheHand+1"],"relics":["PureWater","Lantern","Empty Cage","Dota2Spire:ShadowBlade","ReplayTheSpireMod:Ninjato","Dota2Spire:Vanguard","Calling Bell","Oddly Smooth Stone","Dota2Spire:OrchidMalevolence","Dota2Spire:OctarineCore","Peace Pipe","Lizard Tail","Art of War","Replay:Baseball","Dota2Spire:ArmletOfMordiggian","Unceasing Top","Pet Ghost","Golden Egg"],"acts_visited":["Exordium","TheCity","TheBeyond","TheEnding"],"potions_floor_usage":[56,56],"damage_taken":[{"damage":4.0,"enemies":"Small Slimes","floor":1.0,"turns":3.0},{"damage":4.0,"enemies":"Jaw Worm","floor":3.0,"turns":4.0},{"damage":0.0,"enemies":"2 Louse","floor":5.0,"turns":2.0},{"damage":4.0,"enemies":"Gremlin Nob","floor":7.0,"turns":3.0},{"damage":0.0,"enemies":"Large Slime","floor":8.0,"turns":2.0},{"damage":19.0,"enemies":"Blue Slaver","floor":10.0,"turns":5.0},{"damage":1.0,"enemies":"2 Fungi Beasts","floor":11.0,"turns":4.0},{"damage":0.0,"enemies":"Lagavulin","floor":12.0,"turns":4.0},{"damage":0.0,"enemies":"Looter","floor":14.0,"turns":2.0},{"damage":20.0,"enemies":"The Guardian","floor":16.0,"turns":12.0},{"damage":3.0,"enemies":"Spheric Guardian","floor":18.0,"turns":3.0},{"damage":4.0,"enemies":"3 Byrds","floor":20.0,"turns":5.0},{"damage":5.0,"enemies":"Cultist and Chosen","floor":21.0,"turns":5.0},{"damage":7.0,"enemies":"Replay:Snechameleon","floor":24.0,"turns":4.0},{"damage":18.0,"enemies":"Slavers","floor":27.0,"turns":5.0},{"damage":19.0,"enemies":"Snake Plant","floor":28.0,"turns":6.0},{"damage":0.0,"enemies":"Snecko","floor":29.0,"turns":4.0},{"damage":12.0,"enemies":"Champ","floor":33.0,"turns":9.0},{"damage":0.0,"enemies":"3 Darklings","floor":35.0,"turns":3.0},{"damage":0.0,"enemies":"Mind Bloom Boss Battle","floor":36.0,"turns":3.0},{"damage":0.0,"enemies":"2 Orb Walkers","floor":38.0,"turns":3.0},{"damage":0.0,"enemies":"Nemesis","floor":40.0,"turns":3.0},{"damage":1.0,"enemies":"3 Shapes","floor":41.0,"turns":3.0},{"damage":0.0,"enemies":"Giant Head","floor":42.0,"turns":3.0},{"damage":35.0,"enemies":"Reptomancer","floor":44.0,"turns":4.0},{"damage":0.0,"enemies":"3 Darklings","floor":45.0,"turns":2.0},{"damage":0.0,"enemies":"Spire Growth","floor":47.0,"turns":2.0},{"damage":2.0,"enemies":"Time Eater","floor":50.0,"turns":9.0},{"damage":0.0,"enemies":"Donu and Deca","floor":51.0,"turns":6.0},{"damage":23.0,"enemies":"Shield and Spear","floor":55.0,"turns":6.0},{"damage":22,"enemies":"The Heart","floor":56,"turns":8}],"seed_played":"-2904723231625461576","potions_obtained":[{"floor":3.0,"key":"EntropicBrew"},{"floor":5.0,"key":"StancePotion"},{"floor":14.0,"key":"SteroidPotion"},{"floor":16.0,"key":"SkillPotion"},{"floor":21.0,"key":"Regen Potion"},{"floor":27.0,"key":"Energy Potion"},{"floor":29.0,"key":"Swift Potion"},{"floor":35.0,"key":"Flashbang"},{"floor":36.0,"key":"Ancient Potion"},{"floor":38.0,"key":"DuplicationPotion"}],"is_trial":false,"path_per_floor":["M","$","M","?","M","?","E","M","T","M","M","E","R","M","R","B",null,"M","$","M","M","?","R","E","R","T","E","M","M","?","?","R","B",null,"M","?","?","?","$","E","M","E","T","E","M","T","M","$","R","B","B",null,"R","$","E","B",null],"character_chosen":"WATCHER","items_purchased":["FlurryOfBlows","Adaptation","Meditate+1"],"campfire_rested":2,"item_purchase_floors":[2,19,19],"current_hp_per_floor":[57,57,53,53,53,53,49,49,49,30,29,29,29,29,29,9,51,48,48,44,39,39,39,44,63,63,45,26,26,26,26,45,33,57,57,57,47,47,47,47,46,46,46,11,11,11,11,11,11,9,9,51,51,51,28,6],"gold":136,"neow_bonus":"RANDOM_COLORLESS_2","is_daily":false,"chose_seed":false,"campfire_upgraded":3,"win_rate":0.0,"timestamp":1608932868,"path_taken":["M","$","M","?","M","?","E","M","T","M","M","E","R","M","R","BOSS","M","$","M","M","?","R","E","R","T","E","M","M","?","?","R","BOSS","M","?","?","?","$","E","M","E","T","E","M","?","M","$","R","BOSS","BOSS","R","$","E","BOSS"],"items_purchased_type":["Card","Card","Card"],"build_version":"2020-12-22","purchased_purges":4,"victory":true,"max_hp_per_floor":[68,65,65,65,65,65,65,65,65,65,65,65,65,65,65,65,65,65,65,65,65,65,65,65,65,65,65,65,65,65,65,65,65,65,65,65,65,65,65,65,65,65,65,65,65,65,65,65,65,65,65,65,65,65,65,65],"card_choices":[{"not_picked":["Crow Ritual","Sadistic Nature"],"picked":"Violence","floor":0.0},{"not_picked":["WindmillStrike","FlyingSleeves","LikeWater"],"picked":"SKIP","floor":1.0},{"not_picked":["Protect","WreathOfFlame","WindmillStrike"],"picked":"SKIP","floor":3.0},{"not_picked":["Protect","EmptyBody","PathToVictory"],"picked":"SKIP","floor":5.0},{"not_picked":["PathToVictory","Wireheading","ThirdEye"],"picked":"SKIP","floor":7.0},{"not_picked":["Crescendo","InnerPeace"],"picked":"LessonLearned","floor":8.0},{"not_picked":["CutThroughFate","Replay:AtTheReady"],"picked":"CrushJoints","floor":10.0},{"not_picked":["ReachHeaven","Replay:ManipulateFuture","Consecrate"],"picked":"SKIP","floor":11.0},{"not_picked":["SashWhip","Replay:BluntJabs"],"picked":"TalkToTheHand","floor":12.0},{"not_picked":["Sanctity","Replay:AtTheReady","Judgement"],"picked":"SKIP","floor":14.0},{"not_picked":["Tantrum","Conclude+1","SandsOfTime"],"picked":"SKIP","floor":18.0},{"not_picked":["ThirdEye+1","SashWhip"],"picked":"Adaptation","floor":20.0},{"not_picked":["Evaluate","Conclude"],"picked":"MentalFortress","floor":21.0},{"not_picked":["Replay:AtTheReady","PathToVictory","Fasting2"],"picked":"SKIP","floor":24.0},{"not_picked":["FollowUp","ClearTheMind","JustLucky"],"picked":"SKIP","floor":27.0},{"not_picked":["ClearTheMind","Vengeance","Replay:BluntJabs"],"picked":"SKIP","floor":28.0},{"not_picked":["Replay:AtTheReady","WheelKick","FlyingSleeves"],"picked":"SKIP","floor":29.0},{"not_picked":["PathToVictory","BowlingBash","EmptyBody+1"],"picked":"SKIP","floor":35.0},{"not_picked":["Specialist","Sadistic Nature"],"picked":"Master of Strategy","floor":37.0},{"not_picked":["JustLucky","FollowUp+1","Replay:ManipulateFuture"],"picked":"SKIP","floor":40.0},{"not_picked":["Alpha","ReachHeaven+1","JustLucky"],"picked":"SKIP","floor":41.0},{"not_picked":["EmptyBody","Halt"],"picked":"TalkToTheHand+1","floor":42.0},{"not_picked":["DeusExMachina","PathToVictory+1","Replay:BluntJabs"],"picked":"SKIP","floor":44.0},{"not_picked":["ThirdEye","Replay:BluntJabs","Weave"],"picked":"SKIP","floor":45.0},{"not_picked":["JustLucky","Fasting2+1","CrushJoints"],"picked":"SKIP","floor":47.0},{"not_picked":["Replay:LoomingThreat","Crescendo","MentalFortress+1"],"picked":"SKIP","floor":55.0}],"player_experience":2118635,"relics_obtained":[{"floor":7.0,"key":"Lantern"},{"floor":24.0,"key":"Dota2Spire:ShadowBlade"},{"floor":26.0,"key":"ReplayTheSpireMod:Ninjato"},{"floor":27.0,"key":"Dota2Spire:Vanguard"},{"floor":34.0,"key":"Oddly Smooth Stone"},{"floor":34.0,"key":"Dota2Spire:OrchidMalevolence"},{"floor":34.0,"key":"Dota2Spire:OctarineCore"},{"floor":36.0,"key":"Peace Pipe"},{"floor":38.0,"key":"Lizard Tail"},{"floor":40.0,"key":"Art of War"},{"floor":42.0,"key":"Replay:Baseball"},{"floor":43.0,"key":"Dota2Spire:ArmletOfMordiggian"},{"floor":44.0,"key":"Unceasing Top"},{"floor":46.0,"key":"Pet Ghost"},{"floor":55.0,"key":"Golden Egg"}],"event_choices":[{"damage_healed":0.0,"max_hp_gain":0.0,"max_hp_loss":0.0,"gold_gain":0.0,"event_name":"Living Wall","player_choice":"Grow","floor":6.0,"gold_loss":0.0,"damage_taken":0.0,"cards_upgraded":["Tantrum"]},{"cards_removed":["Strike_P"],"damage_healed":0.0,"max_hp_gain":0.0,"max_hp_loss":0.0,"gold_gain":0.0,"event_name":"Beggar","player_choice":"Gave Gold","floor":30.0,"gold_loss":75.0,"damage_taken":0.0},{"damage_healed":0.0,"max_hp_gain":0.0,"max_hp_loss":0.0,"gold_gain":0.0,"cards_transformed":["Violence","Defend_P"],"event_name":"Drug Dealer","player_choice":"Became Test Subject","floor":31.0,"gold_loss":0.0,"damage_taken":0.0,"cards_obtained":["Midas Touch","Scrawl"]},{"damage_healed":0.0,"max_hp_gain":0.0,"max_hp_loss":0.0,"gold_gain":0.0,"event_name":"MindBloom","player_choice":"Fight","floor":36.0,"gold_loss":0.0,"damage_taken":0.0},{"damage_healed":0.0,"max_hp_gain":0.0,"max_hp_loss":0.0,"gold_gain":0.0,"event_name":"SensoryStone","player_choice":"Memory 3","floor":37.0,"gold_loss":0.0,"damage_taken":10.0},{"damage_healed":0.0,"max_hp_gain":0.0,"max_hp_loss":0.0,"gold_gain":0.0,"event_name":"Mysterious Sphere","player_choice":"Fight","floor":38.0,"gold_loss":0.0,"damage_taken":0.0}],"is_beta":false,"boss_relics":[{"not_picked":["ChewingGum","Snecko Eye"],"picked":"Empty Cage"},{"not_picked":["Snecko Heart","Kintsugi"],"picked":"Calling Bell"}],"items_purged_floors":[2,19,39,48],"is_endless":false,"potions_floor_spawned":[3,5,14,16,21,27,29,35,36,38,44,45,55],"ascension_level":20}}