{"host":"z9811rt50ti81n54","time":1608895780,"event":{"mods":["BaseMod","Minty Spire (QoL Compilation)"],"gold_per_floor":[149,209,244,279,279,279,22,103,103,103,143,194,254,294,294,417,417,430,89,130,130,183,183,234,234,234,234,194,253,298,298,298,427,727,739,739,739,961,447,447,447],"floor_reached":40,"playtime":4081,"items_purged":["Strike_G","Strike_G","Strike_G+1"],"score":686,"play_id":"99aa7f1a-9796-485a-a045-ef102005e845","local_time":"20201225202940","is_ascension_mode":true,"campfire_choices":[{"data":"HandOfGreed","floor":6.0,"key":"SMITH"},{"data":"Skewer","floor":10.0,"key":"SMITH"},{"data":"Well Laid Plans","floor":15,"key":"SMITH"},{"floor":23,"key":"RECALL"},{"floor":32,"key":"REST"}],"circlet_count":0,"master_deck":["Strike_G+1","Defend_G","Defend_G","Defend_G","Defend_G","Survivor","Neutralize","HandOfGreed+1","Skewer+1","Dagger Spray+1","Predator+1","Prepared","Leg Sweep","Dagger Spray","Infinite Blades","Crippling Poison","Well Laid Plans+1","Corpse Explosion","Dodge and Roll","Cloak And Dagger","Adrenaline","Adrenaline","PiercingWail","Ghostly","Ghostly","Ghostly","Ghostly","Ghostly","Envenom","Prepared","Footwork","Noxious Fumes+1","Acrobatics","A Thousand Cuts","CurseOfTheBell","Mayhem+1"],"relics":["Ring of the Snake","Whetstone","Pantograph","Bottled Lightning","Fusion Hammer","DollysMirror","Red Mask","Regal Pillow","Turnip","Nunchaku","StoneCalendar","Calling Bell","Lantern","Frozen Egg 2","Old Coin","Toolbox","Orichalcum"],"acts_visited":["Exordium","TheCity","TheBeyond"],"potions_floor_usage":[16,16,16,33,33,36],"damage_taken":[{"damage":1.0,"enemies":"Small Slimes","floor":1.0,"turns":4.0},{"damage":0.0,"enemies":"2 Louse","floor":2.0,"turns":3.0},{"damage":0.0,"enemies":"Jaw Worm","floor":3.0,"turns":4.0},{"damage":16.0,"enemies":"Blue Slaver","floor":4.0,"turns":5.0},{"damage":7.0,"enemies":"3 Sentries","floor":8.0,"turns":5.0},{"damage":0.0,"enemies":"2 Fungi Beasts","floor":11.0,"turns":2.0},{"damage":15.0,"enemies":"Lagavulin","floor":12.0,"turns":7.0},{"damage":7,"enemies":"3 Louse","floor":13,"turns":4},{"damage":7,"enemies":"Gremlin Gang","floor":14,"turns":3},{"damage":0,"enemies":"Slime Boss","floor":16,"turns":6},{"damage":15,"enemies":"Shell Parasite","floor":18,"turns":6},{"damage":0,"enemies":"3 Byrds","floor":20,"turns":2},{"damage":2,"enemies":"Masked Bandits","floor":22,"turns":2},{"damage":4,"enemies":"Book of Stabbing","floor":24,"turns":8},{"damage":0,"enemies":"Gremlin Leader","floor":29,"turns":8},{"damage":0,"enemies":"Snake Plant","floor":30,"turns":5},{"damage":5,"enemies":"Champ","floor":33,"turns":11},{"damage":6,"enemies":"Orb Walker","floor":35,"turns":7},{"damage":0,"enemies":"3 Darklings","floor":36,"turns":2},{"damage":46,"enemies":"Giant Head","floor":40,"turns":8}],"seed_played":"8908275305257126178","potions_obtained":[{"floor":1.0,"key":"CunningPotion"},{"floor":4.0,"key":"AttackPotion"},{"floor":8.0,"key":"SteroidPotion"},{"floor":11.0,"key":"EntropicBrew"},{"floor":13,"key":"LiquidMemories"},{"floor":24,"key":"DistilledChaos"},{"floor":28,"key":"SmokeBomb"}],"is_trial":false,"path_per_floor":["M","M","M","M","?","R","$","E","T","R","M","E","M","M","R","B",null,"M","$","M","?","?","R","E","T","T","?","?","E","M","T","R","B",null,"M","M","?","?","$","E"],"character_chosen":"THE_SILENT","items_purchased":["Leg Sweep","Dagger Spray","Infinite Blades","DollysMirror","Strength Potion","Swift Potion","Toolbox","Orichalcum","Dexterity Potion","Energy Potion"],"campfire_rested":1,"item_purchase_floors":[7,7,7,19,19,19,39,39,39,39],"current_hp_per_floor":[62,62,62,46,33,33,33,26,26,26,26,26,19,12,12,37,63,48,48,48,31,29,29,25,25,25,25,25,25,25,25,31,26,31,25,25,25,25,25,0,0],"gold":447,"neow_bonus":"RANDOM_COLORLESS_2","is_daily":false,"chose_seed":false,"campfire_upgraded":3,"win_rate":0.0,"timestamp":1608895780,"path_taken":["M","M","M","M","?","R","$","E","T","R","M","E","M","M","R","BOSS","M","$","M","?","?","R","E","?","T","?","?","E","?","?","R","BOSS","M","M","?","?","$","E"],"items_purchased_type":["Card","Card","Card","Relic","Potion","Potion","Relic","Relic","Potion","Potion"],"build_version":"2020-12-22","purchased_purges":3,"victory":false,"max_hp_per_floor":[63,63,63,63,63,63,63,63,63,63,63,63,63,63,63,63,63,63,63,63,31,31,31,31,31,31,31,31,31,31,31,31,31,31,31,31,31,31,31,31,31],"card_choices":[{"not_picked":["Chrysalis","Secret Technique"],"picked":"HandOfGreed","floor":0.0},{"not_picked":["Blade Dance","Underhanded Strike"],"picked":"Skewer","floor":1.0},{"not_picked":["Flying Knee","Sucker Punch"],"picked":"Dagger Spray","floor":2.0},{"not_picked":["Tactician","Dodge and Roll"],"picked":"Predator","floor":3.0},{"not_picked":["Finisher","Dagger Throw"],"picked":"Prepared","floor":4.0},{"not_picked":["Flying Knee","Outmaneuver"],"picked":"Crippling Poison","floor":8.0},{"not_picked":["Deadly Poison","Acrobatics"],"picked":"Well Laid Plans","floor":11.0},{"not_picked":["Bane","Dash"],"picked":"Corpse Explosion","floor":12.0},{"not_picked":["Sucker Punch","Prepared"],"picked":"Dodge and Roll","floor":13},{"not_picked":["Eviscerate","Sucker Punch"],"picked":"Cloak And Dagger","floor":14},{"not_picked":["Storm of Steel","Corpse Explosion"],"picked":"Adrenaline","floor":16},{"not_picked":["Flying Knee","Sucker Punch","Dagger Throw+1"],"picked":"SKIP","floor":18},{"not_picked":["Dodge and Roll","Poisoned Stab"],"picked":"PiercingWail","floor":20},{"not_picked":["Escape Plan","Sucker Punch"],"picked":"Envenom","floor":24},{"not_picked":["Acrobatics","Backflip+1"],"picked":"Noxious Fumes+1","floor":29},{"not_picked":["Outmaneuver","Noxious Fumes"],"picked":"Acrobatics","floor":30},{"not_picked":["Corpse Explosion","Unload"],"picked":"A Thousand Cuts","floor":33},{"not_picked":["Slice","Bane+1","Outmaneuver"],"picked":"SKIP","floor":35},{"not_picked":["Jack Of All Trades","Blind"],"picked":"Mayhem+1","floor":37}],"player_experience":209902,"relics_obtained":[{"floor":8.0,"key":"Whetstone"},{"floor":9.0,"key":"Pantograph"},{"floor":12.0,"key":"Bottled Lightning"},{"floor":22,"key":"Red Mask"},{"floor":24,"key":"Regal Pillow"},{"floor":25,"key":"Turnip"},{"floor":29,"key":"Nunchaku"},{"floor":31,"key":"StoneCalendar"},{"floor":34,"key":"Lantern"},{"floor":34,"key":"Frozen Egg 2"},{"floor":34,"key":"Old Coin"}],"event_choices":[{"damage_healed":0.0,"max_hp_gain":0.0,"max_hp_loss":0.0,"gold_gain":0.0,"event_name":"Shining Light","player_choice":"Entered Light","floor":5.0,"gold_loss":0.0,"damage_taken":13.0,"cards_upgraded":["Dagger Spray","Strike_G"]},{"damage_healed":0,"gold_gain":0,"player_choice":"Became a Ghost","damage_taken":0,"max_hp_gain":0,"max_hp_loss":32,"event_name":"Ghosts","floor":21,"gold_loss":0,"cards_obtained":["Ghostly","Ghostly","Ghostly","Ghostly","Ghostly"]},{"damage_healed":0,"gold_gain":0,"player_choice":"Fought Bandits","damage_taken":0,"max_hp_gain":0,"max_hp_loss":0,"event_name":"Masked Bandits","floor":22,"gold_loss":0},{"damage_healed":0,"gold_gain":0,"cards_transformed":["Defend_G","Strike_G"],"player_choice":"Became Test Subject","damage_taken":0,"max_hp_gain":0,"max_hp_loss":0,"event_name":"Drug Dealer","floor":27,"gold_loss":0,"cards_obtained":["Prepared","Footwork"]},{"damage_healed":0,"gold_gain":0,"player_choice":"Bought 3 Potions","damage_taken":0,"max_hp_gain":0,"max_hp_loss":0,"event_name":"The Woman in Blue","floor":28,"gold_loss":0},{"damage_healed":0,"gold_gain":0,"player_choice":"Memory 1","damage_taken":0,"max_hp_gain":0,"max_hp_loss":0,"event_name":"SensoryStone","floor":37,"gold_loss":0},{"damage_healed":0,"gold_gain":222,"player_choice":"Wore Mask","damage_taken":0,"max_hp_gain":0,"max_hp_loss":0,"event_name":"Tomb of Lord Red Mask","floor":38,"gold_loss":0}],"is_beta":false,"boss_relics":[{"not_picked":["Ring of the Serpent","Ectoplasm"],"picked":"Fusion Hammer"},{"not_picked":["Velvet Choker","Runic Pyramid"],"picked":"Calling Bell"}],"items_purged_floors":[7,19,39],"is_endless":false,"potions_floor_spawned":[1,4,8,11,13,24,29,36],"killed_by":"Giant Head","ascension_level":4}}