{"host":"x8sop9v6zw8yitbt","time":1608870046,"event":{"mods":["BaseMod","Block Reminder","Colored Powertips","DeckTracker","Minty Spire (QoL Compilation)","Permanent Neow","Quick Restart","Relic Stats","Slay-I","StSLib"],"gold_per_floor":[117,42,42,42,55,55,81,81],"floor_reached":7,"playtime":118,"items_purged":["Strike_G"],"score":78,"play_id":"508d5bf5-7998-4ca4-a5a6-a9e9783fba7c","local_time":"20201224232046","is_ascension_mode":true,"campfire_choices":[{"data":"Neutralize","floor":6,"key":"SMITH"}],"circlet_count":0,"master_deck":["Strike_G","Strike_G","Strike_G","Strike_G","Defend_G","Defend_G","Defend_G","Defend_G","Defend_G","Survivor","Neutralize+1"],"relics":["Ring of the Snake","NeowsBlessing","Tiny Chest"],"acts_visited":["Exordium"],"potions_floor_usage":[5],"damage_taken":[{"damage":0,"enemies":"Jaw Worm","floor":1,"turns":1},{"damage":0,"enemies":"Cultist","floor":5,"turns":1},{"damage":0,"enemies":"3 Sentries","floor":7,"turns":1}],"seed_played":"5889502298793077911","potions_obtained":[{"floor":3,"key":"Explosive Potion"},{"floor":3,"key":"FairyPotion"},{"floor":3,"key":"Fruit Juice"},{"floor":5,"key":"DistilledChaos"}],"is_trial":false,"path_per_floor":["M","$","?","$","M","R","E"],"character_chosen":"THE_SILENT","items_purchased":[],"campfire_rested":0,"item_purchase_floors":[],"current_hp_per_floor":[70,70,70,70,75,75,75,75],"gold":81,"neow_bonus":"THREE_ENEMY_KILL","is_daily":false,"chose_seed":false,"campfire_upgraded":1,"win_rate":0.0,"timestamp":1608870046,"path_taken":["M","$","?","$","M","R","E"],"items_purchased_type":[],"build_version":"2020-12-22","purchased_purges":1,"victory":false,"max_hp_per_floor":[70,70,70,70,75,75,75,75],"relic_stats":{"counters":[3,3],"Tiny Chest":0,"obtain_stats":[{"NeowsBlessing":0,"Tiny Chest":7,"Ring of the Snake":0},{"NeowsBlessing":0,"Tiny Chest":3,"Ring of the Snake":0},{"NeowsBlessing":0,"Tiny Chest":3,"Ring of the Snake":0}],"Ring of the Snake":[6]},"card_choices":[{"not_picked":["Bane","Outmaneuver","Poisoned Stab"],"picked":"SKIP","floor":5},{"not_picked":["Bane","Outmaneuver","Poisoned Stab"],"picked":"SKIP","floor":5}],"player_experience":876417,"relics_obtained":[{"floor":7,"key":"Tiny Chest"}],"event_choices":[{"damage_healed":0,"gold_gain":0,"player_choice":"Got Potions","damage_taken":0,"max_hp_gain":0,"max_hp_loss":0,"event_name":"Lab","floor":3,"gold_loss":0}],"is_beta":false,"boss_relics":[],"items_purged_floors":[2],"is_endless":false,"potions_floor_spawned":[5],"killed_by":"3 Sentries","ascension_level":1}}