{"host":"mmqs5ul2bvb60kyc","time":1608898029,"event":{"mods":["BaseMod","Minty Spire (QoL Compilation)","StSLib"],"gold_per_floor":[111,122,137,137,62,62,96,110,110,142,142,142,15,26,26,130,130,144,157,157,170,187,216,231,231,231,241,259,259,289,301,301,402,402,417,144,160,176,190,190,224,224,251,282,282,311,324,344,344,344,344,344,123,153,153],"floor_reached":56,"playtime":3991,"items_purged":["Strike_R","Strike_R","Strike_R","Defend_R"],"score":1795,"play_id":"53719a0d-b516-4ead-8cb7-1e1d1d7c9420","local_time":"20201225200709","is_ascension_mode":true,"campfire_choices":[{"data":"Armaments","floor":6.0,"key":"SMITH"},{"data":"Demon Form","floor":11.0,"key":"SMITH"},{"data":"Sword Boomerang","floor":15.0,"key":"SMITH"},{"floor":25.0,"key":"RECALL"},{"data":"Body Slam","floor":29.0,"key":"SMITH"},{"data":"Barricade","floor":32.0,"key":"SMITH"},{"data":"Burning Pact","floor":40.0,"key":"SMITH"},{"data":"Demon Form","floor":49.0,"key":"SMITH"},{"data":"Second Wind","floor":52,"key":"SMITH"}],"circlet_count":0,"master_deck":["Defend_R","Defend_R","Defend_R","Bash","Body Slam+1","Carnage","Armaments+1","Feed","Demon Form+1","Shrug It Off","Sword Boomerang+1","Impervious","CurseOfTheBell","Reaper","Power Through","Feel No Pain","Whirlwind","Barricade+1","Brutality","Shrug It Off","Second Wind+1","Demon Form+1","Feel No Pain+1","Brutality","Burning Pact+1","Entrench+1","True Grit+1","Sentinel","Madness","Madness","Shockwave+1","Feel No Pain","Evolve+1"],"relics":["Burning Blood","Prayer Wheel","Art of War","Mummified Hand","Bird Faced Urn","Calling Bell","Ancient Tea Set","Singing Bowl","Calipers","Ornamental Fan","Magic Flower","Torii","Sozu","DollysMirror","Gremlin Horn","Bag of Marbles","Red Skull","Shuriken","Pear"],"acts_visited":["Exordium","TheCity","TheBeyond","TheEnding"],"potions_floor_usage":[55],"damage_taken":[{"damage":6.0,"enemies":"2 Louse","floor":1.0,"turns":3.0},{"damage":5.0,"enemies":"Small Slimes","floor":2.0,"turns":4.0},{"damage":6.0,"enemies":"Cultist","floor":3.0,"turns":4.0},{"damage":27.0,"enemies":"Gremlin Nob","floor":7.0,"turns":4.0},{"damage":2.0,"enemies":"Large Slime","floor":8.0,"turns":8.0},{"damage":32.0,"enemies":"3 Sentries","floor":10.0,"turns":8.0},{"damage":10.0,"enemies":"Exordium Thugs","floor":14.0,"turns":6.0},{"damage":0.0,"enemies":"Slime Boss","floor":16.0,"turns":7.0},{"damage":0.0,"enemies":"2 Thieves","floor":18.0,"turns":5.0},{"damage":13.0,"enemies":"Shell Parasite","floor":19.0,"turns":5.0},{"damage":27.0,"enemies":"Centurion and Healer","floor":21.0,"turns":6.0},{"damage":27.0,"enemies":"3 Cultists","floor":22.0,"turns":6.0},{"damage":53.0,"enemies":"Book of Stabbing","floor":23.0,"turns":6.0},{"damage":15.0,"enemies":"Cultist and Chosen","floor":24.0,"turns":7.0},{"damage":53.0,"enemies":"Centurion and Healer","floor":27.0,"turns":9.0},{"damage":39.0,"enemies":"3 Cultists","floor":28.0,"turns":6.0},{"damage":18.0,"enemies":"Gremlin Leader","floor":30.0,"turns":9.0},{"damage":15.0,"enemies":"Shelled Parasite and Fungi","floor":31.0,"turns":7.0},{"damage":18.0,"enemies":"Automaton","floor":33.0,"turns":11.0},{"damage":18.0,"enemies":"3 Shapes","floor":35.0,"turns":6.0},{"damage":21.0,"enemies":"Orb Walker","floor":37.0,"turns":6.0},{"damage":27.0,"enemies":"Spire Growth","floor":38.0,"turns":5.0},{"damage":22.0,"enemies":"Sphere and 2 Shapes","floor":39.0,"turns":7.0},{"damage":14.0,"enemies":"Giant Head","floor":41.0,"turns":9.0},{"damage":10.0,"enemies":"Reptomancer","floor":44.0,"turns":7.0},{"damage":69.0,"enemies":"Nemesis","floor":46.0,"turns":11.0},{"damage":46.0,"enemies":"4 Shapes","floor":47.0,"turns":10.0},{"damage":39.0,"enemies":"Spire Growth","floor":48.0,"turns":6.0},{"damage":73,"enemies":"Awakened One","floor":50,"turns":9},{"damage":28,"enemies":"Shield and Spear","floor":54,"turns":10},{"damage":83,"enemies":"The Heart","floor":55,"turns":15}],"seed_played":"3106992631215614849","potions_obtained":[{"floor":3.0,"key":"Dexterity Potion"},{"floor":7.0,"key":"SkillPotion"},{"floor":16.0,"key":"EntropicBrew"},{"floor":21.0,"key":"Energy Potion"},{"floor":22.0,"key":"FearPotion"},{"floor":23.0,"key":"BloodPotion"},{"floor":27.0,"key":"Fire Potion"},{"floor":33.0,"key":"AttackPotion"}],"is_trial":false,"path_per_floor":["M","M","M","?","$","R","E","M","T","E","R","?","$","M","R","B",null,"M","M","?","M","M","E","M","R","T","M","M","R","E","M","R","B",null,"M","$","M","M","M","R","E","?","T","E","?","E","M","M","R","B",null,"R","$","E","B",null],"character_chosen":"IRONCLAD","items_purchased":["Shrug It Off","DollysMirror","Feel No Pain"],"campfire_rested":0,"item_purchase_floors":[13,36,53],"current_hp_per_floor":[72,72,72,72,72,72,51,58,58,32,32,25,25,26,26,38,71,83,80,80,67,55,33,62,62,62,52,102,102,115,118,118,109,116,119,119,128,121,130,130,135,118,118,137,137,143,148,149,149,155,155,155,155,168,163],"gold":153,"neow_bonus":"ONE_RARE_RELIC","is_daily":false,"chose_seed":false,"campfire_upgraded":8,"win_rate":0.0,"timestamp":1608898029,"path_taken":["M","M","M","?","$","R","E","M","T","E","R","?","$","M","R","BOSS","M","M","?","M","M","E","M","R","T","M","M","R","E","?","R","BOSS","M","$","M","M","M","R","E","?","T","E","?","E","?","M","R","BOSS","R","$","E","BOSS"],"items_purchased_type":["Card","Relic","Card"],"build_version":"2020-12-22","purchased_purges":4,"victory":true,"max_hp_per_floor":[72,72,72,72,72,72,72,75,75,75,75,75,75,78,78,82,82,86,88,88,94,101,103,105,105,105,107,112,112,115,118,118,118,118,123,123,128,130,130,130,135,135,135,137,137,143,148,152,152,155,155,155,155,168,168],"card_choices":[{"not_picked":["Wild Strike","Iron Wave"],"picked":"Body Slam","floor":1.0},{"not_picked":["Anger","Dropkick","Warcry"],"picked":"SKIP","floor":1.0},{"not_picked":["Clothesline","Sword Boomerang"],"picked":"Carnage","floor":2.0},{"not_picked":["Pommel Strike","Sword Boomerang"],"picked":"Armaments","floor":2.0},{"not_picked":["Warcry","Wild Strike","Pummel"],"picked":"SKIP","floor":3.0},{"not_picked":["Carnage","Clothesline","Rampage"],"picked":"SKIP","floor":3.0},{"not_picked":["Sentinel","Disarm"],"picked":"Feed","floor":7.0},{"not_picked":["Heavy Blade","Armaments","Dropkick"],"picked":"SKIP","floor":8.0},{"not_picked":["Wild Strike","Pommel Strike","Sever Soul"],"picked":"SKIP","floor":8.0},{"not_picked":["Twin Strike","Juggernaut"],"picked":"Demon Form","floor":10.0},{"not_picked":["Heavy Blade","Pummel"],"picked":"Sword Boomerang","floor":14.0},{"not_picked":["Intimidate","Flex","Iron Wave"],"picked":"SKIP","floor":14.0},{"not_picked":["Offering","Fiend Fire"],"picked":"Impervious","floor":16.0},{"not_picked":["Pummel+1","Iron Wave","Intimidate+1"],"picked":"Singing Bowl","floor":18.0},{"not_picked":["Warcry","Bloodletting","Sword Boomerang"],"picked":"Singing Bowl","floor":18.0},{"not_picked":["Flex","Rampage","Sentinel"],"picked":"Singing Bowl","floor":19.0},{"not_picked":["Spot Weakness","Flex"],"picked":"Reaper","floor":19.0},{"not_picked":["Rampage","Intimidate+1"],"picked":"Power Through","floor":21.0},{"not_picked":["Heavy Blade+1","Havoc","Flex+1"],"picked":"Singing Bowl","floor":21.0},{"not_picked":["Perfected Strike+1","Thunderclap","Sword Boomerang"],"picked":"Singing Bowl","floor":22.0},{"not_picked":["Carnage","Twin Strike","Flex"],"picked":"Singing Bowl","floor":22.0},{"not_picked":["Anger","Clash","Clothesline"],"picked":"Singing Bowl","floor":23.0},{"not_picked":["Flex+1","True Grit","Hemokinesis"],"picked":"Singing Bowl","floor":24.0},{"not_picked":["Flame Barrier","Power Through"],"picked":"Feel No Pain","floor":24.0},{"not_picked":["Flex","Dropkick+1","Iron Wave"],"picked":"Singing Bowl","floor":27.0},{"not_picked":["Carnage","Dropkick+1"],"picked":"Whirlwind","floor":27.0},{"not_picked":["Pummel+1","Hemokinesis+1","Wild Strike+1"],"picked":"Singing Bowl","floor":28.0},{"not_picked":["Combust","Intimidate"],"picked":"Barricade","floor":28.0},{"not_picked":["Dropkick","Sword Boomerang"],"picked":"Brutality","floor":30.0},{"not_picked":["Perfected Strike","Sword Boomerang"],"picked":"Shrug It Off","floor":31.0},{"not_picked":["Cleave","Entrench"],"picked":"Second Wind","floor":31.0},{"not_picked":["Bludgeon","Exhume"],"picked":"Demon Form","floor":33.0},{"not_picked":["Wild Strike+1","Pummel+1"],"picked":"Feel No Pain+1","floor":35.0},{"not_picked":["Seeing Red+1","Searing Blow","Warcry"],"picked":"Singing Bowl","floor":35.0},{"not_picked":["Pommel Strike","Clash+1","Thunderclap+1"],"picked":"Singing Bowl","floor":37.0},{"not_picked":["Pommel Strike+1","Heavy Blade"],"picked":"Burning Pact","floor":37.0},{"not_picked":["Searing Blow","Intimidate","Clash+1"],"picked":"Singing Bowl","floor":38.0},{"not_picked":["Twin Strike","Wild Strike"],"picked":"Entrench+1","floor":38.0},{"not_picked":["Perfected Strike+1","Corruption"],"picked":"True Grit+1","floor":39.0},{"not_picked":["Bloodletting+1","Anger+1"],"picked":"Sentinel","floor":39.0},{"not_picked":["Second Wind","Twin Strike+1","Headbutt+1"],"picked":"Singing Bowl","floor":41.0},{"not_picked":["Cleave+1","Pommel Strike+1","Power Through"],"picked":"Singing Bowl","floor":44.0},{"not_picked":["Headbutt+1","Reaper","Rampage"],"picked":"Singing Bowl","floor":46.0},{"not_picked":["True Grit","Rage","Cleave+1"],"picked":"Singing Bowl","floor":47.0},{"not_picked":["Cleave+1","Anger"],"picked":"Shockwave+1","floor":47.0},{"not_picked":["Seeing Red","Power Through","Carnage"],"picked":"Singing Bowl","floor":48.0},{"not_picked":["Pommel Strike","Flex+1","Second Wind+1"],"picked":"Singing Bowl","floor":48.0},{"not_picked":["Pummel+1","Clash"],"picked":"Evolve+1","floor":54}],"player_experience":207368,"relics_obtained":[{"floor":7.0,"key":"Art of War"},{"floor":9.0,"key":"Mummified Hand"},{"floor":10.0,"key":"Bird Faced Urn"},{"floor":17.0,"key":"Ancient Tea Set"},{"floor":17.0,"key":"Singing Bowl"},{"floor":17.0,"key":"Calipers"},{"floor":23.0,"key":"Magic Flower"},{"floor":30.0,"key":"Torii"},{"floor":41.0,"key":"Gremlin Horn"},{"floor":43.0,"key":"Bag of Marbles"},{"floor":44.0,"key":"Red Skull"},{"floor":46.0,"key":"Shuriken"},{"floor":54,"key":"Pear"}],"event_choices":[{"cards_removed":["Strike_R"],"damage_healed":0.0,"max_hp_gain":0.0,"max_hp_loss":0.0,"gold_gain":0.0,"event_name":"Living Wall","player_choice":"Forget","floor":4.0,"gold_loss":0.0,"damage_taken":0.0},{"cards_removed":["Strike_R"],"damage_healed":0.0,"max_hp_gain":0.0,"max_hp_loss":0.0,"gold_gain":0.0,"event_name":"Golden Wing","player_choice":"Card Removal","floor":12.0,"gold_loss":0.0,"damage_taken":7.0},{"damage_healed":0.0,"max_hp_gain":0.0,"max_hp_loss":0.0,"gold_gain":0.0,"event_name":"WeMeetAgain","player_choice":"Gave Potion","floor":20.0,"gold_loss":0.0,"damage_taken":0.0,"relics_obtained":["Ornamental Fan"]},{"damage_healed":0.0,"max_hp_gain":0.0,"max_hp_loss":0.0,"gold_gain":0.0,"event_name":"Winding Halls","player_choice":"Embrace Madness","floor":42.0,"gold_loss":0.0,"damage_taken":17.0,"cards_obtained":["Madness","Madness"]},{"damage_healed":0.0,"max_hp_gain":0.0,"max_hp_loss":0.0,"gold_gain":0.0,"event_name":"The Woman in Blue","player_choice":"Bought 0 Potions","floor":45.0,"gold_loss":0.0,"damage_taken":0.0}],"is_beta":false,"boss_relics":[{"not_picked":["Astrolabe","Velvet Choker"],"picked":"Calling Bell"},{"not_picked":["Fusion Hammer","Empty Cage"],"picked":"Sozu"}],"items_purged_floors":[5,13,36,53],"is_endless":false,"potions_floor_spawned":[3,7,16,21,22,23,27,33,35,37,38,48],"ascension_level":8}}