{"host":"rvh455abssmal91i","time":1608914562,"event":{"mods":["AchievementEnabler","Aspiration","BaseMod","BetterRewards","Colored Map","Colored Powertips","Gold Saver","Googly Eyes","Highlight Path","Infinite Spire","Mimic Mod","Minty Spire (QoL Compilation)","Spikes Relics","StSLib"],"gold_per_floor":[493,510,385,385,385,385,275,291,291,291,325,325,325,342,342,444,444,463,490,490,490,505,505,536,558,558,560,572,572],"floor_reached":28,"playtime":1509,"items_purged":[],"score":248,"play_id":"7e38018c-a76f-43a1-8b38-9ffccde7cb92","local_time":"20201225114242","is_ascension_mode":true,"campfire_choices":[{"data":"Rip and Tear","floor":6,"key":"SMITH"},{"data":"Rip and Tear","floor":13,"key":"SMITH"},{"data":"aspiration:Polymerization","floor":15,"key":"SMITH"},{"floor":23,"key":"REST"}],"circlet_count":0,"master_deck":["Strike_B","Strike_B","Strike_B","Strike_B","Defend_B","Defend_B","Defend_B","Defend_B","Zap+1","Dualcast","Rip and Tear+1","Compile Driver","Enlightenment","Rip and Tear+1","Gash+1","Ball Lightning+1","aspiration:Polymerization+1","Amplify","Gash+1","Genetic Algorithm","Writhe","Cleave+1","Beam Cell+1"],"relics":["Cracked Core","Molten Egg 2","PreservedInsect","HornCleat","aspiration:ChemicalBlood","infinitespire:Joker Card","aspiration:IroncladSkillbook","Red Mask","aspiration:RitualStick","infinitespire:Midas Blood","infinitespire:PuzzleCube","Blue Candle"],"acts_visited":["Exordium","TheCity"],"potions_floor_usage":[19,22,24,24,25,27,28,28],"damage_taken":[{"damage":6,"enemies":"Jaw Worm","floor":1,"turns":3},{"damage":0,"enemies":"Small Slimes","floor":2,"turns":2},{"damage":0,"enemies":"Cultist","floor":8,"turns":2},{"damage":13,"enemies":"Lagavulin","floor":11,"turns":4},{"damage":0,"enemies":"2 Fungi Beasts","floor":14,"turns":2},{"damage":27,"enemies":"Hexaghost","floor":16,"turns":8},{"damage":10,"enemies":"Chosen","floor":18,"turns":3},{"damage":30,"enemies":"Masked Bandits","floor":19,"turns":4},{"damage":5,"enemies":"2 Thieves","floor":22,"turns":3},{"damage":20,"enemies":"Slavers","floor":24,"turns":4},{"damage":6,"enemies":"Chosen and Byrds","floor":25,"turns":3},{"damage":17,"enemies":"Snecko","floor":27,"turns":4},{"damage":22,"enemies":"Centurion and Healer","floor":28,"turns":5}],"seed_played":"3171784822025737727","potions_obtained":[{"floor":8,"key":"Dexterity Potion"},{"floor":16,"key":"Energy Potion"},{"floor":18,"key":"Block Potion"},{"floor":22,"key":"Ancient Potion"},{"floor":24,"key":"Fire Potion"}],"is_trial":false,"path_per_floor":["M","M","$","?","?","R","?","M","T","?","E","T","R","M","R","B",null,"M","?","?","?","M","R","E","M","T","M","M"],"character_chosen":"DEFECT","items_purchased":["Enlightenment","Rip and Tear"],"campfire_rested":1,"item_purchase_floors":[3,3],"current_hp_per_floor":[69,69,69,69,69,69,69,69,69,69,56,56,56,56,56,29,75,69,43,28,28,27,49,33,31,31,18,0,0],"gold":572,"neow_bonus":"UPGRADE_CARD","is_daily":false,"chose_seed":false,"campfire_upgraded":3,"win_rate":0.0,"timestamp":1608914562,"path_taken":["M","M","$","?","?","R","?","?","T","?","E","?","R","M","R","BOSS","M","?","?","?","?","R","E","M","T","M","M"],"items_purchased_type":["Card","Card"],"build_version":"2020-12-22","purchased_purges":0,"victory":false,"max_hp_per_floor":[75,75,75,75,75,75,75,75,75,75,75,75,75,75,75,75,75,75,75,75,75,75,75,75,75,75,75,75,75],"card_choices":[{"not_picked":["Stack","Recycle"],"picked":"Rip and Tear","floor":1},{"not_picked":["Consume","DiskWipe"],"picked":"Compile Driver","floor":2},{"not_picked":["Blizzard+1","Go for the Eyes+1"],"picked":"Gash+1","floor":8},{"not_picked":["Fusion","Aggregate"],"picked":"Ball Lightning+1","floor":11},{"not_picked":["Compile Driver+1","Coolheaded"],"picked":"aspiration:Polymerization","floor":14},{"not_picked":["Machine Learning","Creative AI"],"picked":"Amplify","floor":16},{"not_picked":["Darkness","Clash+1","Shrug It Off"],"picked":"Gash+1","floor":18},{"not_picked":["Barrage+1","Wild Strike+1","Thunder Strike+1"],"picked":"Genetic Algorithm","floor":19},{"not_picked":["Sword Boomerang+1","Inflame","Coolheaded"],"picked":"Cleave+1","floor":22},{"not_picked":["Hologram","Scrape+1","aspiration:Polymerization","Wild Strike+1"],"picked":"SKIP","floor":24},{"not_picked":["Headbutt+1","Ball Lightning+1","Havoc"],"picked":"Beam Cell+1","floor":25}],"player_experience":140644,"relics_obtained":[{"floor":9,"key":"HornCleat"},{"floor":11,"key":"aspiration:ChemicalBlood"},{"floor":12,"key":"infinitespire:Joker Card"},{"floor":19,"key":"Red Mask"},{"floor":24,"key":"infinitespire:PuzzleCube"},{"floor":26,"key":"Blue Candle"}],"event_choices":[{"damage_healed":0,"gold_gain":0,"player_choice":"Paid Gold","damage_taken":0,"relics_obtained":["PreservedInsect"],"max_hp_gain":0,"max_hp_loss":0,"event_name":"WeMeetAgain","floor":7,"gold_loss":110},{"cards_removed":["Injury"],"damage_healed":0,"gold_gain":0,"player_choice":"Forget","damage_taken":0,"max_hp_gain":0,"max_hp_loss":0,"event_name":"Living Wall","floor":10,"gold_loss":0},{"damage_healed":0,"gold_gain":0,"player_choice":"Fought Bandits","damage_taken":0,"max_hp_gain":0,"max_hp_loss":0,"event_name":"Masked Bandits","floor":19,"gold_loss":0},{"damage_healed":0,"gold_gain":0,"player_choice":"Opened","damage_taken":0,"relics_obtained":["infinitespire:Midas Blood"],"max_hp_gain":0,"max_hp_loss":0,"event_name":"The Mausoleum","floor":21,"gold_loss":0,"cards_obtained":["Writhe"]}],"is_beta":false,"boss_relics":[{"not_picked":["Empty Cage","Sandwich"],"picked":"aspiration:IroncladSkillbook"}],"items_purged_floors":[],"is_endless":false,"potions_floor_spawned":[8,16,18,22],"killed_by":"Centurion and Healer","ascension_level":1}}