{"host":"7rpm0wkjc4s9e9bg","time":1608929496,"event":{"mods":["BaseMod","Colored Map","Colored Powertips","Downfall","Minty Spire (QoL Compilation)","StSLib"],"gold_per_floor":[99,116,136,148,165,197,197,197,224,251,264,264,249,259,269,378,378,378,397,397,212,212,205,205,238,263,113,153,179,179,194,221,332,332,332,344,394,407,74,74,153,138,156,176,176,207,207,74,93,93],"floor_reached":51,"playtime":4611,"items_purged":["Writhe","hexamod:InspiringFlames+1"],"score":860,"play_id":"5a756d92-e05b-48e1-b546-9515539bd3d7","local_time":"20201225175136","is_ascension_mode":true,"campfire_choices":[{"data":"hexamod:Float","floor":1.0,"key":"SMITH"},{"floor":12.0,"key":"REST"},{"floor":18.0,"key":"RECALL"},{"data":"hexamod:HeatMetal","floor":27,"key":"SMITH"},{"data":"hexamod:VolcanoVisage","floor":35,"key":"SMITH"},{"data":"hexamod:FastForward","floor":45,"key":"SMITH"},{"floor":47,"key":"REST"}],"circlet_count":0,"master_deck":["hexamod:Strike+1","hexamod:Strike+1","hexamod:Strike+1","hexamod:Defend+1","hexamod:Defend+1","hexamod:Defend+1","hexamod:Defend+1","hexamod:Sear+1","hexamod:Float+1","hexamod:ThermalTransfer+1","hexamod:EmpoweredFlame+1","hexamod:AdvancingGuard+1","hexamod:ThermalTransfer+1","hexamod:CrushingStance+1","hexamod:DynamicBlow+1","hexamod:EmpoweredFlame+1","hexamod:SoulSteal+1","hexamod:HeatMetal+1","hexamod:ThermalTransfer+1","hexamod:HeatShield+1","hexamod:FastForward+1","hexamod:VolcanoVisage+1","hexamod:ParanormalForm","hexamod:HeatMetal+1","expansioncontent:ChargeUp","hexamod:BurningTouch+1","hexamod:SearingWound"],"relics":["hexamod:SpiritBrand","Regal Pillow","hexamod:MatchstickCase","White Beast Statue","SlaversCollar","Incense Burner","Toy Ornithopter","downfall:HeartBlessingRed","downfall:HeartBlessingBlue","Kunai","hexamod:TheBrokenSeal","Sozu","Calipers","Molten Egg 2","Ancient Tea Set","InkBottle","Lee\u0027s Waffle"],"acts_visited":["Exordium","TheCity","TheBeyond"],"potions_floor_usage":[33],"damage_taken":[{"damage":0.0,"enemies":"Small Slimes","floor":2.0,"turns":3.0},{"damage":0.0,"enemies":"Cultist","floor":3.0,"turns":3.0},{"damage":0.0,"enemies":"2 Louse","floor":4.0,"turns":3.0},{"damage":5.0,"enemies":"Large Slime","floor":5.0,"turns":6.0},{"damage":18.0,"enemies":"Lagavulin","floor":6.0,"turns":6.0},{"damage":0.0,"enemies":"Blue Slaver","floor":9.0,"turns":5.0},{"damage":5.0,"enemies":"2 Fungi Beasts","floor":10.0,"turns":7.0},{"damage":9.0,"enemies":"Exordium Wildlife","floor":11.0,"turns":5.0},{"damage":0.0,"enemies":"downfall:FleeingMerchant","floor":13.0,"turns":4.0},{"damage":0.0,"enemies":"Blue Slaver","floor":14.0,"turns":3.0},{"damage":12.0,"enemies":"3 Louse","floor":15.0,"turns":6.0},{"damage":45.0,"enemies":"downfall:Silent","floor":16.0,"turns":14.0},{"damage":15.0,"enemies":"3 Byrds","floor":19.0,"turns":7.0},{"damage":0.0,"enemies":"downfall:FleeingMerchant","floor":21.0,"turns":4.0},{"damage":0.0,"enemies":"downfall:FleeingMerchant","floor":23.0,"turns":4.0},{"damage":8,"enemies":"Book of Stabbing","floor":25,"turns":6},{"damage":8,"enemies":"Sentry and Sphere","floor":26,"turns":7},{"damage":12,"enemies":"Slavers","floor":28,"turns":4},{"damage":35,"enemies":"Cultist and Chosen","floor":29,"turns":7},{"damage":7,"enemies":"Chosen and Byrds","floor":31,"turns":7},{"damage":6,"enemies":"Centurion and Healer","floor":32,"turns":7},{"damage":36,"enemies":"downfall:Watcher","floor":33,"turns":10},{"damage":6,"enemies":"3 Darklings","floor":36,"turns":6},{"damage":13,"enemies":"Mind Bloom Boss Battle","floor":37,"turns":6},{"damage":0,"enemies":"Orb Walker","floor":38,"turns":3},{"damage":1,"enemies":"downfall:FleeingMerchant","floor":42,"turns":4},{"damage":0,"enemies":"Maw","floor":43,"turns":6},{"damage":0,"enemies":"4 Shapes","floor":44,"turns":4},{"damage":41,"enemies":"Nemesis","floor":46,"turns":5},{"damage":0,"enemies":"downfall:FleeingMerchant","floor":48,"turns":3},{"damage":0,"enemies":"3 Darklings","floor":49,"turns":4},{"damage":0,"enemies":"downfall:Ironclad","floor":50,"turns":9}],"seed_played":"3181246461331954793","potions_obtained":[{"floor":3.0,"key":"Regen Potion"},{"floor":6.0,"key":"SkillPotion"},{"floor":9.0,"key":"Fruit Juice"},{"floor":10.0,"key":"FearPotion"},{"floor":14.0,"key":"Ancient Potion"},{"floor":23,"key":"PowerPotion"},{"floor":29,"key":"FairyPotion"},{"floor":33,"key":"Block Potion"}],"is_trial":false,"path_per_floor":["R","M","M","M","M","E","T","?","M","M","M","R","$","M","M","B",null,"R","M","?","$","?","$","T","E","M","R","E","M","?","M","M","B",null,"R","M","?","M","?","?","T","$","M","M","R","E","R","$","M","B",null],"character_chosen":"THE_SPIRIT","items_purchased":["hexamod:FourthSeal","hexamod:SoulSteal","InkBottle","Lee\u0027s Waffle"],"campfire_rested":2,"item_purchase_floors":[21,21,48,48],"current_hp_per_floor":[70,70,70,70,65,47,47,47,52,47,38,75,75,75,63,18,75,75,67,67,74,74,74,74,73,72,82,77,49,33,33,34,95,95,95,89,76,76,107,107,107,106,106,106,106,65,107,114,114,114],"gold":93,"neow_bonus":"RANDOM_COMMON_RELIC","is_daily":false,"chose_seed":false,"campfire_upgraded":4,"win_rate":0.0,"timestamp":1608929496,"path_taken":["R","M","M","M","M","E","T","?","?","M","M","R","$","M","M","BOSS","R","M","?","$","?","$","T","E","M","R","E","M","?","M","M","BOSS","R","M","?","M","?","?","T","$","M","M","R","E","R","$","M","BOSS"],"items_purchased_type":["Card","Card","Relic","Relic"],"build_version":"2020-12-22","purchased_purges":2,"victory":true,"max_hp_per_floor":[70,70,70,70,70,70,70,70,75,75,75,75,75,75,75,75,75,75,75,75,75,75,75,75,75,75,85,85,85,85,85,85,95,95,95,95,95,95,107,107,107,107,107,107,107,107,107,114,114,114],"card_choices":[{"not_picked":["hexamod:NightmareStrike","hexamod:HauntingEcho","hexamod:Hexaguard"],"picked":"SKIP","floor":2.0},{"not_picked":["hexamod:HeatMetal","hexamod:InspiringFlames"],"picked":"hexamod:FifthSeal","floor":3.0},{"not_picked":["hexamod:BacktrackSmack","hexamod:Rewind"],"picked":"hexamod:ThermalTransfer","floor":4.0},{"not_picked":["hexamod:InspiringFlames","hexamod:BacktrackSmack"],"picked":"hexamod:EmpoweredFlame","floor":5.0},{"not_picked":["hexamod:ThirdSeal","hexamod:SixthSeal"],"picked":"hexamod:SecondSeal","floor":6.0},{"not_picked":["hexamod:HauntingEcho","hexamod:GhostOfSpirePast"],"picked":"hexamod:SixthSeal","floor":6.0},{"not_picked":["hexamod:ShieldOfDarkness","hexamod:InspiringFlames"],"picked":"hexamod:AdvancingGuard","floor":9.0},{"not_picked":["hexamod:HeatCrush","hexamod:EtherealExpedition","hexamod:BacktrackSmack"],"picked":"SKIP","floor":10.0},{"not_picked":["hexamod:Hexaguard","hexamod:NecessarySacrifice","hexamod:BacktrackSmack"],"picked":"SKIP","floor":11.0},{"not_picked":["hexamod:ShieldOfDarkness","hexamod:HauntingEcho","hexamod:NightmareGuise"],"picked":"SKIP","floor":13.0},{"not_picked":["hexamod:HauntingEcho","hexamod:NightmareStrike","hexamod:GiftsFromTheDead"],"picked":"SKIP","floor":14.0},{"not_picked":["hexamod:ThirdSeal","hexamod:FourthSeal"],"picked":"hexamod:FirstSeal","floor":15.0},{"not_picked":["hexamod:RainOfEmbers","hexamod:Hexaguard"],"picked":"hexamod:ThermalTransfer","floor":15.0},{"not_picked":["hexamod:FifthSeal","hexamod:TimeOfNeed"],"picked":"hexamod:CrushingStance","floor":16.0},{"not_picked":["hexamod:SpectralSpark+1","hexamod:HauntingEcho+1"],"picked":"hexamod:DynamicBlow+1","floor":19.0},{"not_picked":["hexamod:SkipABeat+1","hexamod:StepThrough"],"picked":"hexamod:EmpoweredFlame","floor":21.0},{"not_picked":["hexamod:EtherealExpedition+1","hexamod:GhostflameBarrier","hexamod:GhostOfSpirePast"],"picked":"SKIP","floor":23},{"not_picked":["hexamod:SixthSeal","hexamod:FourthSeal","hexamod:SecondSeal"],"picked":"SKIP","floor":25},{"not_picked":["hexamod:GhostLash","hexamod:SpectralAdrenaline","hexamod:Again"],"picked":"SKIP","floor":25},{"not_picked":["hexamod:AdvancingGuard+1","hexamod:FlamesFromBeyond"],"picked":"hexamod:HeatMetal","floor":26},{"not_picked":["hexamod:SecondSeal","hexamod:SixthSeal","hexamod:FirstSeal"],"picked":"SKIP","floor":28},{"not_picked":["hexamod:ShieldOfDarkness","hexamod:AdvancingGuard+1","hexamod:SixthSeal"],"picked":"SKIP","floor":28},{"not_picked":["hexamod:SecondSeal","hexamod:SixthSeal","hexamod:FirstSeal"],"picked":"SKIP","floor":28},{"not_picked":["hexamod:ShieldOfDarkness","hexamod:AdvancingGuard+1","hexamod:SixthSeal"],"picked":"SKIP","floor":28},{"not_picked":["hexamod:HauntingEcho","hexamod:SpectralSpark"],"picked":"hexamod:ThermalTransfer","floor":29},{"not_picked":["hexamod:SecondSeal","hexamod:FirstSeal","hexamod:FourthSeal"],"picked":"SKIP","floor":29},{"not_picked":["hexamod:SixthSeal","hexamod:FourthSeal"],"picked":"hexamod:ThirdSeal","floor":31},{"not_picked":["hexamod:GhostShield","hexamod:HeatCrush"],"picked":"hexamod:HeatShield","floor":31},{"not_picked":["hexamod:InspiringFlames","hexamod:RainOfEmbers"],"picked":"hexamod:FastForward","floor":32},{"not_picked":["hexamod:SwordOfDarkness+1","hexamod:DynamicBlow","hexamod:CatchUp"],"picked":"SKIP","floor":32},{"not_picked":["hexamod:WildfireWeapon","hexamod:ApocalypticArmor"],"picked":"hexamod:VolcanoVisage","floor":33},{"not_picked":["hexamod:CrushingStance","hexamod:GhostflameInferno"],"picked":"hexamod:ParanormalForm","floor":33},{"not_picked":["hexamod:ThermalTransfer","hexamod:GhostShield+1","hexamod:SpectersWail+1"],"picked":"SKIP","floor":36},{"not_picked":["hexamod:SoulSteal","hexamod:GhostLash"],"picked":"hexamod:HeatMetal+1","floor":37},{"not_picked":["hexamod:RainOfEmbers","hexamod:AdvancingGuard","hexamod:InspiringFlames"],"picked":"SKIP","floor":38},{"not_picked":["expansioncontent:PolyBeam","expansioncontent:DefensiveStance"],"picked":"expansioncontent:ChargeUp","floor":40},{"not_picked":["hexamod:GhostLash+1","hexamod:HeatMetal+1","hexamod:SkipABeat+1"],"picked":"SKIP","floor":42},{"not_picked":["hexamod:Hexaguard+1","hexamod:GhostLash+1","hexamod:NightmareStrike+1"],"picked":"SKIP","floor":43},{"not_picked":["hexamod:SwordOfDarkness+1","hexamod:GhostShield+1","hexamod:HauntingEcho+1"],"picked":"SKIP","floor":44},{"not_picked":["hexamod:SpectersWail+1","hexamod:HauntingEcho+1"],"picked":"hexamod:BurningTouch+1","floor":46},{"not_picked":["hexamod:RecurringNightmare+1","hexamod:InspiringFlames","hexamod:AdvancingGuard"],"picked":"SKIP","floor":48},{"not_picked":["hexamod:HeatCrush+1","hexamod:NightmareStrike+1"],"picked":"hexamod:SearingWound","floor":49}],"player_experience":132663,"relics_obtained":[{"floor":6.0,"key":"hexamod:MatchstickCase"},{"floor":7.0,"key":"White Beast Statue"},{"floor":25,"key":"Toy Ornithopter"},{"floor":28,"key":"Kunai"},{"floor":37,"key":"Calipers"},{"floor":41,"key":"Molten Egg 2"},{"floor":46,"key":"Ancient Tea Set"}],"event_choices":[{"damage_healed":0.0,"max_hp_gain":0.0,"max_hp_loss":0.0,"gold_gain":0.0,"cards_transformed":["hexamod:Strike"],"event_name":"Transmorgrifier","player_choice":"Transformed","floor":8.0,"gold_loss":0.0,"damage_taken":0.0,"cards_obtained":["hexamod:InspiringFlames"]},{"damage_healed":0.0,"max_hp_gain":0.0,"max_hp_loss":0.0,"gold_gain":0.0,"event_name":"Back to Basics","player_choice":"Simplicity","floor":22.0,"gold_loss":0.0,"damage_taken":0.0,"cards_upgraded":["hexamod:Strike","hexamod:Strike","hexamod:Defend","hexamod:Defend"]}],"is_beta":false,"boss_relics":[{"not_picked":["Tiny House","Black Star"],"picked":"SlaversCollar"},{"not_picked":["Philosopher\u0027s Stone","Runic Dome"],"picked":"Sozu"}],"items_purged_floors":[21,48],"is_endless":false,"potions_floor_spawned":[3,6,9,10,11,13,14,15,16,19,21,23,26,29,31,32,33,36,37,38,42,43,44,46,48,49],"ascension_level":1}}