{"host":"28p8ce41sjwa6lzf","time":1608933691,"event":{"mods":["AchievementEnabler","BaseMod","Colored Map","Colored Powertips","Highlight Path","Minty Spire (QoL Compilation)","Permanent Neow","Quick Restart","Random Character Button","Rare Cards Sparkle","Relic Stats","StSLib"],"gold_per_floor":[119,119,4,4,4,37,62,101,101,125,125,159,179,122,122,122,122],"floor_reached":16,"playtime":514,"items_purged":["Strike_R"],"score":282,"play_id":"67f10854-a378-4ac2-91c3-2a4240002ccc","local_time":"20201225160131","is_ascension_mode":true,"campfire_choices":[{"data":"Power Through","floor":11.0,"key":"SMITH"},{"floor":15.0,"key":"REST"}],"circlet_count":0,"master_deck":["AscendersBane","Strike_R+1","Strike_R","Strike_R+1","Strike_R","Defend_R","Defend_R","Defend_R","Defend_R","Bash","Shockwave","Burning Pact","Power Through+1","Inflame","Sever Soul"],"relics":["Burning Blood","NeowsBlessing","Golden Idol","Shuriken","Boot","Centennial Puzzle","Vajra","Oddly Smooth Stone"],"acts_visited":["Exordium"],"potions_floor_usage":[16],"damage_taken":[{"damage":0.0,"enemies":"Small Slimes","floor":1.0,"turns":1.0},{"damage":0.0,"enemies":"3 Sentries","floor":6.0,"turns":2.0},{"damage":0.0,"enemies":"2 Louse","floor":7.0,"turns":1.0},{"damage":15.0,"enemies":"Lagavulin","floor":8.0,"turns":5.0},{"damage":16.0,"enemies":"Gremlin Nob","floor":12.0,"turns":4.0},{"damage":0.0,"enemies":"Jaw Worm","floor":13.0,"turns":4.0},{"damage":47,"enemies":"Slime Boss","floor":16,"turns":9}],"seed_played":"-9049105815055476221","potions_obtained":[{"floor":7.0,"key":"Dexterity Potion"},{"floor":8.0,"key":"CultistPotion"}],"is_trial":false,"path_per_floor":["M","?","$","?","?","E","M","E","T","T","R","E","M","?","R","B"],"character_chosen":"IRONCLAD","items_purchased":["Burning Pact"],"campfire_rested":1,"item_purchase_floors":[3],"current_hp_per_floor":[74,48,48,48,25,31,37,28,28,28,28,18,24,24,46,0,0],"gold":122,"neow_bonus":"THREE_ENEMY_KILL","is_daily":false,"chose_seed":false,"campfire_upgraded":1,"win_rate":0.0,"timestamp":1608933691,"path_taken":["M","?","$","?","?","E","?","E","T","?","R","E","M","?","R","BOSS"],"items_purchased_type":["Card"],"build_version":"2020-12-22","purchased_purges":1,"victory":false,"max_hp_per_floor":[75,75,75,75,75,75,75,75,75,75,75,75,75,75,75,75,75],"relic_stats":{"Centennial Puzzle":[6],"counters":[7,26],"Golden Idol":31,"Shuriken":[1],"Boot":[0],"obtain_stats":[{"Centennial Puzzle":9,"NeowsBlessing":0,"Golden Idol":2,"Shuriken":6,"Vajra":10,"Oddly Smooth Stone":12,"Boot":8,"Burning Blood":0},{"Centennial Puzzle":4,"NeowsBlessing":0,"Golden Idol":1,"Shuriken":2,"Vajra":4,"Oddly Smooth Stone":5,"Boot":4,"Burning Blood":0},{"Centennial Puzzle":9,"NeowsBlessing":0,"Golden Idol":1,"Shuriken":3,"Vajra":9,"Oddly Smooth Stone":13,"Boot":9,"Burning Blood":0}],"Burning Blood":36},"card_choices":[{"not_picked":["Flex","Second Wind"],"picked":"Shockwave","floor":1.0},{"not_picked":["Flex","Clothesline"],"picked":"Power Through","floor":6.0},{"not_picked":["Sword Boomerang","Headbutt"],"picked":"Inflame","floor":7.0},{"not_picked":["Barricade","Havoc","Blood for Blood"],"picked":"SKIP","floor":8.0},{"not_picked":["Body Slam","Warcry","Dual Wield"],"picked":"SKIP","floor":12.0},{"not_picked":["Thunderclap","Searing Blow"],"picked":"Sever Soul","floor":13.0}],"player_experience":1039632,"relics_obtained":[{"floor":6.0,"key":"Shuriken"},{"floor":8.0,"key":"Boot"},{"floor":9.0,"key":"Centennial Puzzle"},{"floor":10.0,"key":"Vajra"},{"floor":12.0,"key":"Oddly Smooth Stone"}],"event_choices":[{"damage_healed":0.0,"max_hp_gain":0.0,"max_hp_loss":0.0,"gold_gain":0.0,"event_name":"Golden Idol","player_choice":"Take Damage","floor":2.0,"gold_loss":0.0,"damage_taken":26.0,"relics_obtained":["Golden Idol"]},{"damage_healed":0.0,"max_hp_gain":0.0,"max_hp_loss":0.0,"gold_gain":0.0,"event_name":"Liars Game","player_choice":"Ignored","floor":4.0,"gold_loss":0.0,"damage_taken":0.0},{"damage_healed":0.0,"max_hp_gain":0.0,"max_hp_loss":0.0,"gold_gain":0.0,"event_name":"Shining Light","player_choice":"Entered Light","floor":5.0,"gold_loss":0.0,"damage_taken":23.0,"cards_upgraded":["Strike_R","Strike_R"]},{"damage_healed":0.0,"max_hp_gain":0.0,"max_hp_loss":0.0,"gold_gain":0.0,"event_name":"World of Goop","player_choice":"Left Gold","floor":14.0,"gold_loss":57.0,"damage_taken":0.0}],"is_beta":false,"boss_relics":[],"items_purged_floors":[3],"is_endless":false,"potions_floor_spawned":[7,8],"killed_by":"Slime Boss","ascension_level":20}}