{"host":"wna8kqr6yweggo4i","time":1608874135,"event":{"mods":["BaseMod","Colored Powertips","Hermit","Hubris","Marisa????????","Minty Spire (QoL Compilation)","StSLib"],"gold_per_floor":[118,93,268,268,279,306,306,326,353,318,318,329,329,341,341,440,440,458,458,477,220,246,279,279,194,264,264,41,52,72,92,92,92,92],"floor_reached":33,"playtime":1128,"items_purged":[],"score":290,"play_id":"cfc2db1c-770e-4a0c-b9e0-dff8947ce45c","local_time":"20201224232855","is_ascension_mode":false,"campfire_choices":[{"data":"PowerUp","floor":7,"key":"SMITH"},{"data":"GalacticHalo","floor":13,"key":"SMITH"},{"floor":15,"key":"REST"},{"floor":24,"key":"REST"},{"data":"GrandCross","floor":27,"key":"SMITH"},{"floor":32,"key":"REST"}],"circlet_count":0,"master_deck":["Strike_MRS","Strike_MRS","Strike_MRS","Strike_MRS","Defend_MRS","Defend_MRS","Defend_MRS","Defend_MRS","MasterSpark","UpSweep+1","UnstableBomb","PowerUp+1","Doubt","GrandCross+1","UnstableBomb","UnstableBomb","GalacticHalo+1","MachineGunSpark","UltimateShortwave","GalacticHalo+1","GalacticHalo","ChargeUpSpray","DC","6A+1","Anger"],"relics":["MiniHakkero","NeowsBlessing","hubris:Towel","MealTicket","Tiny Chest","RampagingMagicTools","hubris:Icosahedron","Singing Bowl","Pen Nib","hubris:DisguiseKit","Mummified Hand","hubris:MysteriousPyramids","Lee\u0027s Waffle"],"acts_visited":["Exordium","TheCity"],"potions_floor_usage":[23,23,33],"damage_taken":[{"damage":0,"enemies":"2 Louse","floor":1,"turns":1},{"damage":0,"enemies":"Small Slimes","floor":5,"turns":1},{"damage":0,"enemies":"Gremlin Nob","floor":6,"turns":1},{"damage":1,"enemies":"Jaw Worm","floor":8,"turns":3},{"damage":12,"enemies":"3 Louse","floor":12,"turns":2},{"damage":16,"enemies":"Exordium Wildlife","floor":14,"turns":4},{"damage":52,"enemies":"The Guardian","floor":16,"turns":10},{"damage":0,"enemies":"Spheric Guardian","floor":18,"turns":3},{"damage":18,"enemies":"Shell Parasite","floor":20,"turns":4},{"damage":80,"enemies":"Gremlin Leader","floor":23,"turns":7},{"damage":23,"enemies":"Sentry and Sphere","floor":29,"turns":5},{"damage":36,"enemies":"Snake Plant","floor":30,"turns":3},{"damage":8,"enemies":"Snecko","floor":31,"turns":4},{"damage":48,"enemies":"hubris:MusketHawk","floor":33,"turns":6}],"seed_played":"695747326585711182","potions_obtained":[{"floor":5,"key":"BlessingOfTheForge"},{"floor":6,"key":"DuplicationPotion"},{"floor":14,"key":"FearPotion"},{"floor":18,"key":"FairyPotion"},{"floor":30,"key":"Dexterity Potion"},{"floor":31,"key":"Ancient Potion"}],"is_trial":false,"path_per_floor":["M","$","?","?","M","E","R","M","T","?","?","M","R","M","R","B",null,"M","?","M","$","T","E","R","?","T","R","$","M","M","M","R","B"],"character_chosen":"MARISA","items_purchased":["PowerUp","Singing Bowl","Lee\u0027s Waffle","ChargeUpSpray"],"campfire_rested":3,"item_purchase_floors":[2,21,28,28],"current_hp_per_floor":[75,75,75,75,75,75,75,74,74,75,75,63,63,47,69,17,75,75,75,57,72,72,24,47,47,47,47,84,61,25,17,42,0,0],"gold":92,"neow_bonus":"THREE_ENEMY_KILL","is_daily":false,"chose_seed":false,"campfire_upgraded":3,"win_rate":0.0,"timestamp":1608874135,"path_taken":["M","$","?","?","M","E","R","M","T","?","?","M","R","M","R","BOSS","M","?","M","$","?","E","R","?","T","R","$","?","M","M","R","BOSS"],"items_purchased_type":["Card","Relic","Relic","Card"],"build_version":"2020-12-22","purchased_purges":0,"victory":false,"max_hp_per_floor":[75,75,75,75,75,75,75,75,75,75,75,75,75,75,75,75,75,75,75,75,75,75,77,77,77,77,77,84,84,84,84,84,84,84],"card_choices":[{"not_picked":["Robbery","ShootTheMoon"],"picked":"UnstableBomb","floor":1},{"not_picked":["LuminesStrike","PulseMagic"],"picked":"GrandCross","floor":5},{"not_picked":["WitchLeyline","OrrerysSun"],"picked":"UnstableBomb","floor":6},{"not_picked":["EarthLightRay","OortCloud"],"picked":"UnstableBomb","floor":8},{"not_picked":["NonDirectionalLaser","Occultation"],"picked":"GalacticHalo","floor":12},{"not_picked":["AsteroidBelt","StarBarrage"],"picked":"MachineGunSpark","floor":14},{"not_picked":["MillisecondPulsars","EscapeVelocity"],"picked":"UltimateShortwave","floor":16},{"not_picked":["AsteroidBelt+1","OortCloud"],"picked":"GalacticHalo+1","floor":18},{"not_picked":["RefractionSpark","6A"],"picked":"GalacticHalo","floor":20},{"not_picked":["BinaryStars","IllusionStar","PulseMagic"],"picked":"Singing Bowl","floor":23},{"not_picked":["IllusionStar","Singularity","Clothesline"],"picked":"DC","floor":29},{"not_picked":["DragonMeteor","WitchLeyline+1","Uppercut"],"picked":"6A+1","floor":30},{"not_picked":["GalacticHalo","MillisecondPulsars","MilkyWay"],"picked":"Anger","floor":31}],"player_experience":377813,"relics_obtained":[{"floor":6,"key":"MealTicket"},{"floor":9,"key":"Tiny Chest"},{"floor":22,"key":"Pen Nib"},{"floor":23,"key":"hubris:DisguiseKit"},{"floor":26,"key":"hubris:MysteriousPyramids"}],"event_choices":[{"damage_healed":0,"gold_gain":175,"player_choice":"AGREE","damage_taken":0,"max_hp_gain":0,"max_hp_loss":0,"event_name":"Liars Game","floor":3,"gold_loss":0,"cards_obtained":["Doubt"]},{"damage_healed":18,"gold_gain":0,"player_choice":"Healed","damage_taken":0,"max_hp_gain":0,"max_hp_loss":0,"event_name":"The Cleric","floor":10,"gold_loss":35},{"damage_healed":0,"gold_gain":0,"player_choice":"Obtained Relic","damage_taken":0,"relics_obtained":["Mummified Hand"],"max_hp_gain":0,"max_hp_loss":0,"event_name":"Addict","floor":25,"gold_loss":85}],"is_beta":false,"boss_relics":[{"not_picked":["Astrolabe","BewitchedHakkero"],"picked":"RampagingMagicTools"}],"items_purged_floors":[],"is_endless":false,"potions_floor_spawned":[5,6,14,16,18,20,30,31],"killed_by":"hubris:MusketHawk","ascension_level":0}}