{"host":"so437kwitdq4epbi","time":1608906094,"event":{"mods":["AchievementEnabler","BaseMod","Decade(王小明)","Friendly Minions","Gremlin Mod","KinomotoSakuraMod(木之本樱)","Koishi","KomeijiMod","Lobotomy","LobotomyExtend","Marisa（F雨　魔理沙）","Minty Spire (QoL Compilation)","Quick Restart","READ ME - Snecko Mod","Replay The Spire","StSLib","The Alterego","The Bladedancer","The Bug Knight","The Construct","The Hierophant","The Mystic","The Poker Player","The Runesmith","Yuyuko","[IsaacMod]以撒尖塔","vexMod"],"gold_per_floor":[109,124,142,142,142,175,231,231,231,258,10,10,45,45,45,150,150,170,95,119,119,131,156,169,181,181,181,200,216,231,182,182,286,336,348,358,159,173,183,210,222,242,242,242,256,256,270,142,142,142,142,142,142,142,167,167],"floor_reached":57,"playtime":10268,"items_purged":[],"score":1301,"play_id":"c9b4721a-1345-4aa5-8e45-5b5452e16a54","local_time":"20201225222134","is_ascension_mode":false,"campfire_choices":[{"floor":8,"key":"RECALL"},{"floor":15,"key":"REST"},{"floor":27,"key":"REST"},{"floor":32,"key":"REST"},{"floor":44,"key":"REST"},{"floor":46,"key":"REST"},{"floor":49,"key":"REST"},{"data":"blademaster:HighVoltage","floor":53,"key":"SMITH"}],"circlet_count":0,"master_deck":["blademaster:Strike+1","blademaster:Strike+1","blademaster:Strike","blademaster:Strike","blademaster:Defend+1","blademaster:Defend+1","blademaster:Defend+1","blademaster:Defend+1","blademaster:RagingBlow","blademaster:HighVoltage+1","EpicFetus","blademaster:Gust+1","blademaster:Stability","blademaster:Thrust","blademaster:ParryingStrike","blademaster:Breeze","blademaster:Sharpen","blademaster:AspectOfLightning+1","blademaster:FuryOfTheElements","vexMod:EmailVexCard","blademaster:UnrelentingWind+1","blademaster:Reversal+1","blademaster:EyeOfTheTornado+1","blademaster:BladeCross+1","blademaster:Safeguard","blademaster:Sharpen","blademaster:Havoc+1","blademaster:Empower+1","blademaster:AncestralHealing+1","blademaster:SlyStabs","blademaster:SlyStabs","blademaster:BladeCross","blademaster:RollingTyphoon+1","blademaster:Thrust","blademaster:Discharge+1","blademaster:Havoc+1","blademaster:Flurry","blademaster:KiBarrier+1","blademaster:LeechingStrike+1","blademaster:Cut+1","blademaster:DaggerAndCloak+1","blademaster:ThunderSlash","blademaster:EyeOfTheStorm","blademaster:Breeze","blademaster:StanceMastery"],"relics":["blademaster:DancersAmulet","HushsDoor","UnicornStump","LetterFromLob","Eternal Feather","Replay:Ringing Soul","BookOfRevelations","Oddly Smooth Stone","Blood Vial","Gremlin Food","vexMod:MysteryBossChallenge","Runic Cube","vexMod:BarristanHead","Gremlin Horn","Replay:PocketPolymizer","Tiny House","DollysMirror","vexMod:FocusSash","Replay:Mystery Machine","Replay:Bottled Eggs","War Paint"],"acts_visited":["Exordium","TheCity","TheBeyond","TheEnding"],"potions_floor_usage":[13,16,25,35,38,41,50,50,56],"damage_taken":[{"damage":0,"enemies":"2 Louse","floor":1,"turns":3},{"damage":0,"enemies":"Jaw Worm","floor":2,"turns":5},{"damage":5,"enemies":"Small Slimes","floor":3,"turns":4},{"damage":0,"enemies":"Lagavulin","floor":6,"turns":7},{"damage":24,"enemies":"Gremlin Nob","floor":7,"turns":6},{"damage":20,"enemies":"Gremlin Nob","floor":10,"turns":4},{"damage":16,"enemies":"3 Sentries","floor":13,"turns":7},{"damage":0,"enemies":"The Guardian","floor":16,"turns":10},{"damage":10,"enemies":"Shell Parasite","floor":18,"turns":6},{"damage":11,"enemies":"2 Thieves","floor":19,"turns":5},{"damage":26,"enemies":"Snecko","floor":22,"turns":5},{"damage":53,"enemies":"Book of Stabbing","floor":23,"turns":7},{"damage":8,"enemies":"Centurion and Healer","floor":24,"turns":5},{"damage":0,"enemies":"Snake Plant","floor":25,"turns":5},{"damage":27,"enemies":"Cultist and Chosen","floor":28,"turns":6},{"damage":28,"enemies":"Centurion and Healer","floor":29,"turns":7},{"damage":35,"enemies":"Snecko","floor":30,"turns":6},{"damage":47,"enemies":"Collector","floor":33,"turns":9},{"damage":0,"enemies":"3 Darklings","floor":35,"turns":4},{"damage":29,"enemies":"Orb Walker","floor":36,"turns":4},{"damage":19,"enemies":"Transient","floor":38,"turns":5},{"damage":28,"enemies":"Sphere and 2 Shapes","floor":39,"turns":6},{"damage":71,"enemies":"Giant Head","floor":40,"turns":8},{"damage":42,"enemies":"Maw","floor":41,"turns":9},{"damage":9,"enemies":"4 Shapes","floor":42,"turns":3},{"damage":28,"enemies":"Jaw Worm Horde","floor":45,"turns":3},{"damage":85,"enemies":"Spire Growth","floor":47,"turns":6},{"damage":62,"enemies":"Awakened One","floor":50,"turns":13},{"damage":90,"enemies":"Shield and Spear","floor":55,"turns":7},{"damage":160,"enemies":"The Heart","floor":56,"turns":12}],"seed_played":"7705579107146830075","potions_obtained":[{"floor":3,"key":"LifebloodPotion"},{"floor":6,"key":"Venom Potion"},{"floor":10,"key":"Block Potion"},{"floor":16,"key":"LiquidBronze"},{"floor":24,"key":"Weak Potion"},{"floor":25,"key":"JyouchiReiPotion"},{"floor":36,"key":"Block Potion"},{"floor":41,"key":"Adrenaline Potion"},{"floor":42,"key":"ColorlessPotion"},{"floor":47,"key":"BlessingOfTheForge"}],"is_trial":false,"path_per_floor":["M","M","M","?","?","E","?","R","T","E","$","?","E","M","R","B",null,"M","M","T","$","M","E","M","M","T","R","M","M","M","$","R","B",null,"M","M","$","M","M","E","M","M","T","R","M","R","M","?","R","B",null,null,"R","$","E","B",null],"character_chosen":"THE_BLADEMASTER","items_purchased":["blademaster:Sharpen","Blood Vial","blademaster:AncestralHealing","vexMod:EmailVexCard","blademaster:UnrelentingWind","blademaster:Reversal","blademaster:SlyStabs","DollysMirror","blademaster:Flurry"],"campfire_rested":6,"item_purchase_floors":[11,11,11,17,17,17,31,37,37],"current_hp_per_floor":[82,82,77,77,59,62,41,50,50,33,36,36,51,51,89,94,94,87,91,91,91,70,22,19,46,46,98,100,77,75,78,130,86,141,141,115,118,101,78,48,35,39,39,110,92,162,90,90,163,103,103,165,168,168,81,7],"gold":167,"neow_bonus":"TEN_PERCENT_HP_BONUS","is_daily":false,"chose_seed":false,"campfire_upgraded":1,"win_rate":0.0,"timestamp":1608906094,"path_taken":["M","M","M","?","?","E","?","R","T","E","?","?","E","M","R","BOSS","M","M","?","$","M","E","M","M","T","R","M","M","M","$","R","BOSS","M","M","$","M","M","E","M","M","T","R","M","R","M","?","R","BOSS","R","$","E","BOSS"],"items_purchased_type":["Card","Relic","Card","Card","Card","Card","Card","Relic","Card"],"build_version":"2020-12-22","purchased_purges":0,"victory":true,"max_hp_per_floor":[82,82,82,82,82,85,88,88,88,91,94,94,97,97,97,100,94,97,100,100,100,103,106,109,112,112,115,118,121,124,127,130,133,141,141,144,147,147,150,153,156,159,159,159,162,162,165,165,165,165,165,165,168,168,171,171],"card_choices":[{"not_picked":[],"picked":"EpicFetus","floor":0},{"not_picked":["blademaster:Slice","blademaster:Sunder"],"picked":"blademaster:Gust","floor":1},{"not_picked":["blademaster:Cut","blademaster:AwakeningStrike"],"picked":"blademaster:Stability","floor":2},{"not_picked":["blademaster:Gust","blademaster:AwakeningDefend"],"picked":"blademaster:Thrust","floor":3},{"not_picked":["blademaster:Stormstrike","blademaster:Rupture"],"picked":"blademaster:ParryingStrike","floor":6},{"not_picked":["blademaster:Vortex","blademaster:Sunder"],"picked":"Bomb","floor":7},{"not_picked":["blademaster:AwakeningDefend","blademaster:ParryingStrike"],"picked":"blademaster:Breeze","floor":10},{"not_picked":["blademaster:AwakeningDefend","blademaster:CloudOfSteel"],"picked":"blademaster:AspectOfLightning","floor":13},{"not_picked":["blademaster:RollingTyphoon","blademaster:Blindside"],"picked":"blademaster:FuryOfTheElements","floor":16},{"not_picked":["blademaster:Sharpen","blademaster:ThunderSlash"],"picked":"blademaster:EyeOfTheTornado+1","floor":18},{"not_picked":["blademaster:AspectOfLightning","blademaster:DragonStrike"],"picked":"blademaster:Slice+1","floor":19},{"not_picked":["blademaster:ThunderSlash","blademaster:Thrust+1"],"picked":"blademaster:BladeCross+1","floor":22},{"not_picked":["blademaster:EyeOfTheTornado+1","blademaster:IcyWind"],"picked":"blademaster:Safeguard","floor":23},{"not_picked":["blademaster:AspectOfWind+1","blademaster:Stability"],"picked":"blademaster:Sharpen","floor":24},{"not_picked":["blademaster:Frenzy","blademaster:DeadlyDance+1"],"picked":"blademaster:Havoc+1","floor":25},{"not_picked":["blademaster:AwakeningStrike","blademaster:ThunderSlash+1"],"picked":"blademaster:Empower","floor":28},{"not_picked":["blademaster:Blockade","blademaster:Slice+1"],"picked":"blademaster:AncestralHealing","floor":29},{"not_picked":["blademaster:AwakeningDefend","blademaster:Bloodbath"],"picked":"blademaster:SlyStabs","floor":30},{"not_picked":["blademaster:Blindside","blademaster:HighVoltage"],"picked":"blademaster:RollingTyphoon","floor":33},{"not_picked":["blademaster:Meditate","blademaster:Stormstrike"],"picked":"blademaster:Thrust","floor":34},{"not_picked":["blademaster:ChargingUp","blademaster:EyeOfTheTornado+1","blademaster:Hailwind"],"picked":"SKIP","floor":35},{"not_picked":["blademaster:Sunder+1","blademaster:SlyStabs"],"picked":"blademaster:Discharge+1","floor":36},{"not_picked":["blademaster:Vortex","blademaster:Stability","blademaster:CombatPrep"],"picked":"SKIP","floor":38},{"not_picked":["blademaster:AspectOfLightning","blademaster:Thrust+1"],"picked":"blademaster:KiBarrier+1","floor":39},{"not_picked":["blademaster:Quickstep+1","blademaster:ThunderingOpener"],"picked":"blademaster:LeechingStrike+1","floor":40},{"not_picked":["blademaster:Meditate","blademaster:Sunder+1"],"picked":"blademaster:Cut+1","floor":41},{"not_picked":["blademaster:BrainBloom+1","blademaster:Blockade+1"],"picked":"blademaster:DaggerAndCloak+1","floor":42},{"not_picked":["blademaster:AncestralHealing","blademaster:DragonStrike+1"],"picked":"blademaster:ThunderSlash","floor":45},{"not_picked":["blademaster:AwakeningDefend","blademaster:Sunder"],"picked":"blademaster:EyeOfTheStorm","floor":47},{"not_picked":["blademaster:DaggerAndCloak","blademaster:ThunderSlash"],"picked":"blademaster:StanceMastery","floor":55}],"player_experience":117201,"relics_obtained":[{"floor":1,"key":"LetterFromLob"},{"floor":6,"key":"Replay:Ringing Soul"},{"floor":6,"key":"blademaster:BonusFuryPerk"},{"floor":10,"key":"Oddly Smooth Stone"},{"floor":10,"key":"blademaster:BonusComboPerk"},{"floor":13,"key":"Gremlin Food"},{"floor":13,"key":"blademaster:DextrousPerk"},{"floor":20,"key":"vexMod:BarristanHead"},{"floor":23,"key":"Gremlin Horn"},{"floor":23,"key":"blademaster:FuryEveryTurnPerk"},{"floor":26,"key":"Replay:PocketPolymizer"},{"floor":40,"key":"vexMod:FocusSash"},{"floor":40,"key":"blademaster:FinisherDrawCardPerk"},{"floor":43,"key":"Replay:Mystery Machine"},{"floor":55,"key":"blademaster:StanceHealPerk"},{"floor":55,"key":"War Paint"}],"event_choices":[{"damage_healed":0,"gold_gain":0,"player_choice":"Leave","damage_taken":0,"max_hp_gain":0,"max_hp_loss":0,"event_name":"The Cleric","floor":4,"gold_loss":0},{"damage_healed":0,"gold_gain":0,"player_choice":"Success","damage_taken":18,"relics_obtained":["Eternal Feather"],"max_hp_gain":0,"max_hp_loss":0,"event_name":"Scrap Ooze","floor":5,"gold_loss":0},{"damage_healed":0,"gold_gain":0,"player_choice":"Searched \u00272\u0027 times","damage_taken":0,"relics_obtained":["BookOfRevelations"],"max_hp_gain":0,"max_hp_loss":0,"event_name":"Dead Adventurer","floor":7,"gold_loss":0},{"damage_healed":0,"gold_gain":0,"player_choice":"Ignored","damage_taken":0,"max_hp_gain":0,"max_hp_loss":0,"event_name":"Shining Light","floor":12,"gold_loss":0},{"damage_healed":0,"gold_gain":0,"player_choice":"Paid Gold","damage_taken":0,"relics_obtained":["Replay:Bottled Eggs"],"max_hp_gain":0,"max_hp_loss":0,"event_name":"WeMeetAgain","floor":48,"gold_loss":128}],"is_beta":false,"boss_relics":[{"not_picked":["Abe\u0027s Treasure","SacredBark"],"picked":"vexMod:MysteryBossChallenge"},{"not_picked":[]},{"not_picked":["Snecko Eye","Empty Cage"],"picked":"Tiny House"},{"not_picked":[]}],"items_purged_floors":[],"is_endless":false,"potions_floor_spawned":[3,6,10,16,24,25,30,36,41,42,47],"ascension_level":0}}