{"host":"ya94u95moedzeoqz","time":1608867416,"event":{"mods":["2.2 Compatiblity","Abigail Mod","Act Like it!","Aspiration","BaseMod","Better Altar","Better Match","Better Note","Better Sensory Stone","Better Skull","BetterRewards","ChefMod","Energized Spire","Filter the Spire","GifTheSpireLib","Infinite Spire","KinomotoSakuraMod(????)","Lobotomy","LobotomyExtend","Luminous","Minty Spire (QoL Compilation)","Permanent Neow","Railgun Mod","Replay The Spire","Spicy Shops","StSLib","The Alterego","The Fake Hero","The Florist","The Forsaken","The Juggle","The Marked","The Senshi","TheArtist","TheSwordswoman","TheVelvet","Yuri Mod"],"gold_per_floor":[118,128,144,144,11,11,11,11,11,11,28,40,40,59,59,160,160,170,180,40,40,40,40,59,59,59],"floor_reached":25,"playtime":1602,"items_purged":[],"score":193,"play_id":"3f5c4edc-17d6-458f-800f-3f20fcd45eda","local_time":"20201224223656","is_ascension_mode":false,"campfire_choices":[{"data":"theMarked:MysticalArsenal","floor":6,"key":"SMITH"},{"data":"theMarked:ComboAttacks","floor":8,"key":"SMITH"},{"data":"Anger","floor":13,"key":"SMITH"},{"floor":15,"key":"REST"},{"floor":23,"key":"REST"}],"circlet_count":0,"master_deck":["theMarked:Strike","theMarked:Strike","theMarked:Strike","theMarked:Strike","theMarked:Strike","theMarked:Defend","theMarked:Defend","theMarked:Defend","theMarked:Defend","theMarked:SoldierOfQuellstein","theMarked:MysticalArsenal+1","theMarked:ComboAttacks+1","theMarked:RogueSparks","theMarked:BanishingStrike","theMarked:BanishingStrike","Dramatic Entrance","Iron Wave","Rebound","Anger+1","theMarked:ComboAttacks","theMarked:Aftermath","theMarked:SwordAndMagic","Mirror Shield","ReplayTheSpireMod:Scrap Shanks","Dagger Throw+1","Acrobatics","Terror","Backflip+1","theMarked:HeritageOfTheMarked+1"],"relics":["theMarked:ArtifactOfAir","aspiration:Nostalgia","Iron Core","LetterFromLob","Prayer Wheel","aspiration:SilentSkillbook","theForsaken:Kindling","Medical Kit"],"acts_visited":["Exordium","TheCity"],"potions_floor_usage":[3,12,14],"damage_taken":[{"damage":4,"enemies":"Cultist","floor":1,"turns":4},{"damage":8,"enemies":"2 Louse","floor":2,"turns":4},{"damage":3,"enemies":"Jaw Worm","floor":3,"turns":3},{"damage":0,"enemies":"Gremlin Gang","floor":11,"turns":3},{"damage":0,"enemies":"2 Fungi Beasts","floor":12,"turns":3},{"damage":3,"enemies":"Red Slaver","floor":14,"turns":4},{"damage":13,"enemies":"Slime Boss","floor":16,"turns":7},{"damage":23,"enemies":"3 Byrds","floor":18,"turns":5},{"damage":14,"enemies":"Spheric Guardian","floor":19,"turns":4},{"damage":32,"enemies":"Snake Plant","floor":24,"turns":4},{"damage":32,"enemies":"Slavers","floor":25,"turns":1}],"seed_played":"-6452063784121555972","potions_obtained":[{"floor":2,"key":"Energy Potion"},{"floor":3,"key":"Toxic Potion"},{"floor":12,"key":"Block Potion"},{"floor":24,"key":"DuplicationPotion"}],"is_trial":false,"path_per_floor":["M","M","M","?","$","R","$","R","T","M","M","M","R","M","R","B",null,"M","M","$","?","$","R","M","E"],"character_chosen":"THE_DEFAULT","items_purchased":["theMarked:BanishingStrike","Dramatic Entrance","theForsaken:Kindling","Medical Kit"],"campfire_rested":2,"item_purchase_floors":[5,5,20,20],"current_hp_per_floor":[66,58,55,55,55,55,55,55,55,55,55,55,55,52,70,57,70,47,33,33,33,33,59,27,0,0],"gold":59,"neow_bonus":"NOSTALGIA","is_daily":false,"chose_seed":false,"campfire_upgraded":3,"win_rate":0.0,"timestamp":1608867416,"path_taken":["M","M","M","?","$","R","$","R","T","M","M","M","R","M","R","BOSS","M","M","$","?","$","R","?","E"],"items_purchased_type":["Card","Card","Relic","Relic"],"build_version":"2020-12-22","purchased_purges":0,"victory":false,"max_hp_per_floor":[70,70,70,70,70,70,70,70,70,70,70,70,70,70,70,70,70,70,70,70,70,70,75,75,75,75],"card_choices":[{"not_picked":["theMarked:Parkour","theMarked:RepellingDischarge"],"picked":"theMarked:MysticalArsenal","floor":1},{"not_picked":["theMarked:StartUp","theMarked:TwofoldDefense"],"picked":"theMarked:ComboAttacks","floor":2},{"not_picked":["theMarked:ShockingTouch","theMarked:TakeCover"],"picked":"theMarked:RogueSparks","floor":3},{"not_picked":["Force Field","theMarked:ChainLightning"],"picked":"Iron Wave","floor":11},{"not_picked":["Hologram","theMarked:Parkour"],"picked":"Rebound","floor":11},{"not_picked":["theMarked:MagicAdept","theMarked:ElectricStrings"],"picked":"Anger","floor":12},{"not_picked":["Warcry","Beam Cell"],"picked":"theMarked:ComboAttacks","floor":12},{"not_picked":["FTL","theMarked:Generate"],"picked":"theMarked:Aftermath","floor":14},{"not_picked":["WeaponsOverheat","theMarked:EmpowerWeapon"],"picked":"theMarked:SwordAndMagic","floor":14},{"not_picked":["Double Tap","Juggernaut"],"picked":"Mirror Shield","floor":16},{"not_picked":["Bane","Sucker Punch","theMarked:PowerFlow+1"],"picked":"ReplayTheSpireMod:Scrap Shanks","floor":18},{"not_picked":["Deflect","theMarked:LightningStrikesTwice","theMarked:TurnInvisible"],"picked":"Dagger Throw+1","floor":18},{"not_picked":["Hidden Blade","theMarked:Electrify","theMarked:HeightenedSenses"],"picked":"Acrobatics","floor":19},{"not_picked":["theMarked:RepellingDischarge","ReplayTheSpireMod:Shiv Toss","theMarked:KeepCalmAndFightOn"],"picked":"Terror","floor":19},{"not_picked":["Quick Slash+1","theMarked:HeightenedSenses","Toxin Wave"],"picked":"Backflip+1","floor":24},{"not_picked":["Prepared","Crippling Poison+1","theMarked:Overthink"],"picked":"theMarked:HeritageOfTheMarked+1","floor":24}],"player_experience":467219,"relics_obtained":[{"floor":1,"key":"LetterFromLob"},{"floor":9,"key":"Prayer Wheel"}],"event_choices":[{"damage_healed":0,"gold_gain":0,"player_choice":"Ignored","damage_taken":0,"max_hp_gain":0,"max_hp_loss":0,"event_name":"betterNote:BetterNote","floor":21,"gold_loss":0,"cards_obtained":["blazmod:PerennialBeauty"]}],"is_beta":false,"boss_relics":[{"not_picked":["energizedSpire:StickyHand","ChewingGum"],"picked":"aspiration:SilentSkillbook"}],"items_purged_floors":[],"is_endless":false,"potions_floor_spawned":[2,3,12,24],"killed_by":"Slavers","ascension_level":0}}