{"host":"no7lpkw32q9rsjhi","time":1608890334,"event":{"mods":["BaseMod","Colored Map","Infinite Spire","Minty Spire (QoL Compilation)","Replay The Spire","StSLib","The Animator","The Hierophant"],"gold_per_floor":[118,125,125,138,148,134,145,145,227,227,227,227,244,191,202,210,210,277,277,285,285,285,285,299,265,265],"floor_reached":25,"playtime":1485,"items_purged":[],"score":207,"play_id":"da21d379-cf5b-48c3-8ace-91409e5361d7","local_time":"20201225045854","is_ascension_mode":false,"campfire_choices":[{"floor":8,"key":"REST"},{"floor":17,"key":"REST"}],"circlet_count":0,"master_deck":["hierophant:Strike_Hierophant","hierophant:Strike_Hierophant","hierophant:Strike_Hierophant","hierophant:Strike_Hierophant","hierophant:Punish","hierophant:Defend_Hierophant","hierophant:Defend_Hierophant","hierophant:Defend_Hierophant","hierophant:Defend_Hierophant","hierophant:ChurchCoffers","hierophant:HolyVerse","hierophant:Bribe","hierophant:Zeal","hierophant:FaithHealing","hierophant:Repentance","hierophant:Smite","hierophant:ThreeLashes","hierophant:FlamingChariot","hierophant:Doubloon","hierophant:ConvertCurrency","hierophant:Endure","hierophant:Doubloon","hierophant:Generosity","hierophant:Glossolalia+1","Spreading Infection","hierophant:WrathOfGod"],"relics":["hierophant:PropheticMaskRelic","CultistMask","MealTicket","Philosopher\u0027s Stone","ReplayTheSpireMod:Ring of Addiction","Toy Ornithopter","Ring of Panic","White Beast Statue"],"acts_visited":["Exordium","TheCity"],"potions_floor_usage":[18,18,18,23,25,25],"damage_taken":[{"damage":1,"enemies":"Jaw Worm","floor":1,"turns":7},{"damage":0,"enemies":"Cultist","floor":2,"turns":3},{"damage":0,"enemies":"2 Louse","floor":4,"turns":1},{"damage":10,"enemies":"Exordium Wildlife","floor":5,"turns":3},{"damage":43,"enemies":"3 Sentries","floor":6,"turns":7},{"damage":5,"enemies":"Lots of Slimes","floor":7,"turns":2},{"damage":6,"enemies":"2 Fungi Beasts","floor":13,"turns":3},{"damage":16,"enemies":"Large Slime","floor":15,"turns":6},{"damage":0,"enemies":"Lots of Slimes","floor":16,"turns":1},{"damage":68,"enemies":"Hexaghost","floor":18,"turns":16},{"damage":45,"enemies":"Shell Parasite","floor":20,"turns":8},{"damage":0,"enemies":"3 Byrds","floor":23,"turns":1},{"damage":38,"enemies":"Snecko","floor":24,"turns":8}],"seed_played":"7976579725514331748","potions_obtained":[{"floor":2,"key":"Elixir"},{"floor":4,"key":"Energy Potion"},{"floor":7,"key":"Doom Potion"},{"floor":16,"key":"Milkshake"},{"floor":20,"key":"Adrenaline Potion"},{"floor":21,"key":"FearPotion"},{"floor":21,"key":"SmokeBomb"},{"floor":24,"key":"FairyPotion"}],"is_trial":false,"path_per_floor":["M","M","?","M","M","E","M","R","T","PTL","PTL","$","M","$","M","M","R","B",null,"M","?","?","M","M","E"],"character_chosen":"HIEROPHANT","items_purchased":["hierophant:FlamingChariot"],"campfire_rested":2,"item_purchase_floors":[14],"current_hp_per_floor":[81,81,81,81,71,28,23,47,47,47,47,62,56,71,55,55,79,11,82,37,37,37,42,4,0,0],"gold":265,"neow_bonus":"TEN_PERCENT_HP_BONUS","is_daily":false,"chose_seed":false,"campfire_upgraded":0,"win_rate":0.0,"timestamp":1608890334,"path_taken":["M","M","?","M","M","E","M","R","T","PTL","PTL","?","M","$","M","M","R","BOSS","M","?","?","M","?","E"],"items_purchased_type":["Card"],"build_version":"2020-12-22","purchased_purges":0,"victory":false,"max_hp_per_floor":[82,82,82,82,82,82,82,82,82,82,82,82,82,82,82,82,82,82,82,82,82,82,82,82,82,82],"card_choices":[{"not_picked":["hierophant:OrnateBuckler","hierophant:PassingBell"],"picked":"hierophant:HolyVerse","floor":1},{"not_picked":["hierophant:Doubloon","hierophant:EyeForCoin"],"picked":"hierophant:Bribe","floor":2},{"not_picked":["hierophant:HammerAndAnvil","hierophant:DisplayOfPower"],"picked":"hierophant:Zeal","floor":4},{"not_picked":["hierophant:Zeal","hierophant:Chorus"],"picked":"hierophant:FaithHealing","floor":5},{"not_picked":["hierophant:AuricBeam","hierophant:FieryStrike"],"picked":"hierophant:Repentance","floor":6},{"not_picked":["hierophant:BulkyChest","hierophant:HammerAndAnvil"],"picked":"hierophant:Smite","floor":7},{"not_picked":["hierophant:AuricBeam","hierophant:Remorse"],"picked":"hierophant:ThreeLashes","floor":13},{"not_picked":["hierophant:Remorse","hierophant:Dazzle"],"picked":"hierophant:ConvertCurrency","floor":15},{"not_picked":["hierophant:OrnateBuckler","hierophant:AuricBeam"],"picked":"hierophant:Endure","floor":16},{"not_picked":["hierophant:MintersHammer","hierophant:Anathema"],"picked":"hierophant:Generosity","floor":18},{"not_picked":["hierophant:RecallFunds","hierophant:Zeal"],"picked":"hierophant:Glossolalia+1","floor":20},{"not_picked":["hierophant:HammerAndAnvil","hierophant:AuricBeam"],"picked":"hierophant:WrathOfGod","floor":24}],"player_experience":60915,"relics_obtained":[{"floor":6,"key":"MealTicket"},{"floor":21,"key":"ReplayTheSpireMod:Ring of Addiction"},{"floor":21,"key":"Toy Ornithopter"},{"floor":21,"key":"Ring of Panic"},{"floor":21,"key":"White Beast Statue"}],"event_choices":[{"damage_healed":0,"gold_gain":0,"player_choice":"Trade","damage_taken":0,"relics_obtained":["CultistMask"],"max_hp_gain":0,"max_hp_loss":0,"event_name":"FaceTrader","floor":3,"gold_loss":0},{"damage_healed":0,"gold_gain":0,"player_choice":"Ignored","damage_taken":0,"max_hp_gain":0,"max_hp_loss":0,"event_name":"NoteForYourself","floor":22,"gold_loss":0}],"is_beta":false,"boss_relics":[{"not_picked":["Velvet Choker","Empty Cage"],"picked":"Philosopher\u0027s Stone"}],"items_purged_floors":[],"is_endless":false,"potions_floor_spawned":[2,4,7,16,20,23,24],"killed_by":"Book of Stabbing","ascension_level":0}}