{"host":"3y2rtlgteqp2nuo3","time":1608859684,"event":{"mods":["2.2 Compatiblity","AchievementEnabler","BaseMod","Colored Map","DeckTracker","Highlight Path","Keyboard Shortcuts","Minty Spire (QoL Compilation)","Permanent Neow","Quick Restart","StSLib","SuperFastMode","everything is the same but u backflip on backflip"],"gold_per_floor":[114,125,144,144,0,44,44,68,120,45,45,68,99,119,119,245,245,270,290,138,138,163,163,203,203,228,228,228],"floor_reached":27,"playtime":818,"items_purged":["Strike_B","Strike_B"],"score":279,"play_id":"e8ba087b-3744-4450-bc87-1fc46c01d76d","local_time":"20201225102804","is_ascension_mode":true,"campfire_choices":[{"floor":7.0,"key":"REST"},{"data":"Zap","floor":11.0,"key":"SMITH"},{"floor":15.0,"key":"REST"},{"floor":23,"key":"REST"},{"floor":25,"key":"REST"}],"circlet_count":0,"master_deck":["Strike_B","Defend_B","Defend_B","Defend_B","Defend_B","Zap+1","Dualcast","Ball Lightning","Self Repair","Skim","Coolheaded","Conserve Battery","Echo Form","Barrage+1","Cold Snap+1","Hologram","Hologram+1","Turbo"],"relics":["Cracked Core","Golden Idol","OrangePellets","Singing Bowl","Strawberry","Art of War","SlaversCollar","SsserpentHead","Torii","Pen Nib"],"acts_visited":["Exordium","TheCity"],"potions_floor_usage":[],"damage_taken":[{"damage":7.0,"enemies":"Small Slimes","floor":1.0,"turns":3.0},{"damage":2.0,"enemies":"Jaw Worm","floor":2.0,"turns":2.0},{"damage":6.0,"enemies":"Cultist","floor":3.0,"turns":3.0},{"damage":44.0,"enemies":"Gremlin Nob","floor":6.0,"turns":5.0},{"damage":8.0,"enemies":"Large Slime","floor":8.0,"turns":6.0},{"damage":31.0,"enemies":"Gremlin Gang","floor":12.0,"turns":3.0},{"damage":3.0,"enemies":"3 Sentries","floor":13.0,"turns":9.0},{"damage":9.0,"enemies":"Blue Slaver","floor":14.0,"turns":3.0},{"damage":2.0,"enemies":"The Guardian","floor":16.0,"turns":12.0},{"damage":45.0,"enemies":"3 Byrds","floor":18.0,"turns":6.0},{"damage":14.0,"enemies":"Shell Parasite","floor":19.0,"turns":5.0},{"damage":31,"enemies":"Chosen and Byrds","floor":22,"turns":7},{"damage":28,"enemies":"Gremlin Leader","floor":24,"turns":8},{"damage":64,"enemies":"Slavers","floor":27,"turns":3}],"seed_played":"4417363413968087981","potions_obtained":[{"floor":3.0,"key":"Swift Potion"},{"floor":6.0,"key":"Weak Potion"},{"floor":12.0,"key":"ColorlessPotion"},{"floor":14.0,"key":"Weak Potion"},{"floor":18.0,"key":"SteroidPotion"},{"floor":19.0,"key":"CultistPotion"}],"is_trial":false,"path_per_floor":["M","M","M","?","$","E","R","M","T","$","R","M","E","M","R","B",null,"M","M","$","?","M","R","E","R","T","E"],"character_chosen":"DEFECT","items_purchased":["OrangePellets","Hologram"],"campfire_rested":4,"item_purchase_floors":[5,20],"current_hp_per_floor":[68,66,67,49,49,12,34,35,42,42,42,20,24,24,50,48,88,50,43,43,43,26,52,31,57,57,0,0],"gold":228,"neow_bonus":"REMOVE_CARD","is_daily":false,"chose_seed":false,"campfire_upgraded":1,"win_rate":0.0,"timestamp":1608859684,"path_taken":["M","M","M","?","$","E","R","M","T","$","R","M","E","M","R","BOSS","M","M","$","?","M","R","E","R","T","E"],"items_purchased_type":["Relic","Card"],"build_version":"2020-12-22","purchased_purges":2,"victory":false,"max_hp_per_floor":[75,75,75,75,75,75,75,77,84,84,84,86,86,88,88,88,88,88,88,88,88,88,88,88,88,88,88,88],"card_choices":[{"not_picked":["Redo","Cold Snap"],"picked":"Ball Lightning","floor":1.0},{"not_picked":["Gash","Rebound"],"picked":"Self Repair","floor":2.0},{"not_picked":["Heatsinks","Ball Lightning"],"picked":"Skim","floor":3.0},{"not_picked":["Fusion","Ball Lightning"],"picked":"Coolheaded","floor":6.0},{"not_picked":["Scrape","Redo","Tempest"],"picked":"Singing Bowl","floor":8.0},{"not_picked":["Doom and Gloom","Auto Shields","Sweeping Beam"],"picked":"Singing Bowl","floor":12.0},{"not_picked":["Meteor Strike","Rip and Tear"],"picked":"Conserve Battery","floor":13.0},{"not_picked":["Aggregate","Streamline","Hologram"],"picked":"Singing Bowl","floor":14.0},{"not_picked":["Amplify","Reboot"],"picked":"Echo Form","floor":16.0},{"not_picked":["Gash","Streamline"],"picked":"Barrage+1","floor":18.0},{"not_picked":["Ball Lightning","Beam Cell"],"picked":"Cold Snap+1","floor":19.0},{"not_picked":["Coolheaded","Chaos"],"picked":"Hologram+1","floor":22},{"not_picked":["Darkness","Conserve Battery"],"picked":"Turbo","floor":24}],"player_experience":644564,"relics_obtained":[{"floor":6.0,"key":"Singing Bowl"},{"floor":9.0,"key":"Strawberry"},{"floor":13.0,"key":"Art of War"},{"floor":24,"key":"Torii"},{"floor":26,"key":"Pen Nib"}],"event_choices":[{"damage_healed":0.0,"max_hp_gain":0.0,"max_hp_loss":0.0,"gold_gain":0.0,"event_name":"Golden Idol","player_choice":"Take Damage","floor":4.0,"gold_loss":0.0,"damage_taken":18.0,"relics_obtained":["Golden Idol"]},{"damage_healed":0,"gold_gain":0,"player_choice":"Trade","damage_taken":0,"relics_obtained":["SsserpentHead"],"max_hp_gain":0,"max_hp_loss":0,"event_name":"FaceTrader","floor":21,"gold_loss":0}],"is_beta":false,"boss_relics":[{"not_picked":["Runic Dome","Inserter"],"picked":"SlaversCollar"}],"items_purged_floors":[10,20],"is_endless":false,"potions_floor_spawned":[3,6,12,14,18,19],"killed_by":"Slavers","ascension_level":3}}