{"host":"lh9qfzqeqctr28d2","time":1608874178,"event":{"mods":["BaseMod","Minty Spire (QoL Compilation)","Quick Restart","Relic Stats","Remilia£®¿Ÿ√◊¿Ú—«£©","StSLib","The Alterego","The Wild Card"],"gold_per_floor":[115,133,153,167,178,213,213],"floor_reached":6,"playtime":517,"items_purged":[],"score":50,"play_id":"a0e6ecd2-56e6-4c52-bf7a-2b15d84b0d20","local_time":"20201225132938","is_ascension_mode":false,"campfire_choices":[],"circlet_count":0,"master_deck":["alterego_mod:Strike","alterego_mod:Strike","alterego_mod:Strike","alterego_mod:Strike","alterego_mod:Defend","alterego_mod:Defend","alterego_mod:Defend","alterego_mod:Defend","alterego_mod:Impale","alterego_mod:BigMeatyClaws","alterego_mod:BrynhildrsRune","alterego_mod:Birthday","alterego_mod:Mirror","alterego_mod:HighServant","alterego_mod:DiscoLights"],"relics":["alterego_mod:MasochisticConstitution","NeowsBlessing","MealTicket"],"acts_visited":["Exordium"],"potions_floor_usage":[6,6],"damage_taken":[{"damage":0.0,"enemies":"Cultist","floor":1.0,"turns":1.0},{"damage":0.0,"enemies":"Jaw Worm","floor":2.0,"turns":1.0},{"damage":2.0,"enemies":"2 Louse","floor":3.0,"turns":2.0},{"damage":21.0,"enemies":"Blue Slaver","floor":4.0,"turns":4.0},{"damage":0.0,"enemies":"Exordium Wildlife","floor":5.0,"turns":4.0},{"damage":48,"enemies":"Lagavulin","floor":6,"turns":12}],"seed_played":"-8948826197583348122","potions_obtained":[{"floor":1.0,"key":"PowerPotion"},{"floor":3.0,"key":"SteroidPotion"},{"floor":5.0,"key":"Energy Potion"}],"is_trial":false,"path_per_floor":["M","M","M","M","M","E"],"character_chosen":"The_Alterego","items_purchased":[],"campfire_rested":0,"item_purchase_floors":[],"current_hp_per_floor":[70,70,69,51,60,30,30],"gold":213,"neow_bonus":"THREE_ENEMY_KILL","is_daily":false,"chose_seed":false,"campfire_upgraded":0,"win_rate":0.0,"timestamp":1608874178,"path_taken":["M","M","?","M","M","E"],"items_purchased_type":[],"build_version":"2020-12-22","purchased_purges":0,"victory":false,"max_hp_per_floor":[70,70,71,72,72,73,73],"relic_stats":{"counters":[6,24],"MealTicket":0,"obtain_stats":[{"alterego_mod:MasochisticConstitution":0,"NeowsBlessing":0,"MealTicket":6},{"alterego_mod:MasochisticConstitution":0,"NeowsBlessing":0,"MealTicket":6},{"alterego_mod:MasochisticConstitution":0,"NeowsBlessing":0,"MealTicket":24}]},"card_choices":[{"not_picked":["alterego_mod:IndependentAction","alterego_mod:Bloomers"],"picked":"alterego_mod:Birthday","floor":1.0},{"not_picked":["alterego_mod:BeGentle","alterego_mod:Pet","alterego_mod:1TonWallop"],"picked":"SKIP","floor":2.0},{"not_picked":["alterego_mod:GachaTicket","alterego_mod:BeGentle"],"picked":"alterego_mod:Mirror","floor":3.0},{"not_picked":["alterego_mod:Maid","alterego_mod:GoddessCore"],"picked":"alterego_mod:HighServant","floor":4.0},{"not_picked":["alterego_mod:DestructionOfProperty","alterego_mod:Pet"],"picked":"alterego_mod:DiscoLights","floor":5.0}],"player_experience":360965,"relics_obtained":[{"floor":6,"key":"MealTicket"}],"event_choices":[],"is_beta":false,"boss_relics":[],"items_purged_floors":[],"is_endless":false,"potions_floor_spawned":[1,3,5],"killed_by":"Lagavulin","ascension_level":0}}