{"host":"nvwxkcurnqq848ao","time":1608936186,"event":{"mods":["BaseMod","Block Reminder","Downfall","Infinite Spire","Minty Spire (QoL Compilation)","Relic Sorter","Replay The Spire","StSLib"],"gold_per_floor":[99,119,134,146,15,15,15,15,0,10,185,285,301,501,515,619,619,559,576,24,26,26,26,49,75,75,75,89,110,110,98,111,224,224,224,243,269,285,287,306,306,321,341,341,341],"floor_reached":43,"playtime":3103,"items_purged":["Pain","ReplayTheSpireMod:Splinters","Writhe"],"score":822,"play_id":"0ed9a054-9643-4f54-8c30-3c1162f73b64","local_time":"20201225164306","is_ascension_mode":false,"campfire_choices":[{"data":"Sadistic Nature","floor":1,"key":"SMITH"},{"data":"Slimebound:SpikyOuterGoop","floor":6,"key":"SMITH"},{"data":"Slimebound:Equalize","floor":30,"key":"SMITH"},{"data":"Slimebound:Teamwork","floor":30,"key":"SMITH"},{"floor":35,"key":"RECALL"}],"circlet_count":0,"master_deck":["Slimebound:Strike_Slimebound","Slimebound:Strike_Slimebound","Slimebound:Strike_Slimebound","Slimebound:Tackle","Slimebound:Defend_Slimebound","Slimebound:Defend_Slimebound","Slimebound:Defend_Slimebound","Slimebound:Defend_Slimebound","Slimebound:Split","Slimebound:CorrosiveSpit","Sadistic Nature+1","Slimebound:Grow","Slimebound:ForwardTackle","Slimebound:Dissolve","Slimebound:AcidTongue","Slimebound:SplitMire","Slimebound:SpikyOuterGoop+1","Slimebound:ItLooksTasty","Slimebound:SplitMire","Slimebound:GoopSpray","Slimebound:Teamwork+1","Slimebound:MegaLick+1","Slimebound:MegaLick","Slimebound:Equalize+1","Replay:Fractal Strike","ReplayTheSpireMod:Haul","Slimebound:SplitMire","Slimebound:LeechEnergy+1","Slimebound:MinionMaster+1","Slimebound:MinionMaster+1","Slimebound:OneTwoCombo","Slimebound:Teamwork","CurseOfTheBell","Parasite","ReplayTheSpireMod:Faulty Equipment","Slimebound:MinionMaster","Slimebound:SpikyOuterGoop","expansioncontent:BronzeBeam","expansioncontent:GuardianWhirl","expansioncontent:Chronoboost","Slimebound:HauntingLick+1","Slimebound:SplitMire+1"],"relics":["Slimebound:AbsorbEndCombat","HornCleat","WarpedTongs","Coffee Dripper","Toolbox","infinitespire:Midas Blood","Replay:Arrowhead","Nunchaku","Sling","Replay:Kaleidoscope","Guide Book","Replay:Ancient Bell","Happy Flower","Shuriken","Unceasing Top"],"acts_visited":["Exordium","TheCity","TheBeyond"],"potions_floor_usage":[5,10,13,16,19,20,33,33,42,43,43],"damage_taken":[{"damage":17,"enemies":"infinitespire:Voidling","floor":2,"turns":3},{"damage":11,"enemies":"Small Slimes","floor":3,"turns":3},{"damage":4,"enemies":"2 Louse","floor":4,"turns":3},{"damage":7,"enemies":"downfall:FleeingMerchant","floor":5,"turns":4},{"damage":14,"enemies":"downfall:FleeingMerchant","floor":9,"turns":4},{"damage":12,"enemies":"Lots of Slimes","floor":10,"turns":3},{"damage":30,"enemies":"Large Slime","floor":13,"turns":4},{"damage":21,"enemies":"Blue Slaver","floor":15,"turns":4},{"damage":37,"enemies":"downfall:Silent","floor":16,"turns":5},{"damage":17,"enemies":"Chosen","floor":19,"turns":4},{"damage":22,"enemies":"downfall:FleeingMerchant","floor":20,"turns":4},{"damage":13,"enemies":"Snake Plant","floor":25,"turns":3},{"damage":4,"enemies":"Sentry and Sphere","floor":28,"turns":3},{"damage":8,"enemies":"3 Cultists","floor":29,"turns":2},{"damage":19,"enemies":"downfall:FleeingMerchant","floor":31,"turns":3},{"damage":4,"enemies":"Snecko","floor":32,"turns":4},{"damage":31,"enemies":"downfall:Ironclad","floor":33,"turns":5},{"damage":8,"enemies":"3 Shapes","floor":36,"turns":3},{"damage":18,"enemies":"Orb Walker","floor":37,"turns":3},{"damage":10,"enemies":"Spire Growth","floor":38,"turns":3},{"damage":7,"enemies":"Sphere and 2 Shapes","floor":40,"turns":3},{"damage":4,"enemies":"4 Shapes","floor":42,"turns":5},{"damage":77,"enemies":"Nightmare","floor":43,"turns":5}],"seed_played":"-8791398659736148947","potions_obtained":[{"floor":2,"key":"Block Potion"},{"floor":3,"key":"ColorlessPotion"},{"floor":10,"key":"AttackPotion"},{"floor":13,"key":"Swift Potion"},{"floor":16,"key":"Fire Potion"},{"floor":19,"key":"SneckoOil"},{"floor":25,"key":"Weak Potion"},{"floor":29,"key":"LiquidMemories"},{"floor":33,"key":"Slimebound:SpawnSlimePotion"},{"floor":36,"key":"LifebloodPotion"},{"floor":38,"key":"Slimebound:SlimedPotion"}],"is_trial":false,"path_per_floor":["R","M","M","M","$","R","T","?","$","M","?","?","M","?","M","B",null,"R","M","$","?","?","T","T","M","AVR","?","M","M","R","$","M","B",null,"R","M","M","M","?","M","T","M","NM"],"character_chosen":"SLIMEBOUND","items_purchased":["Slimebound:SplitMire","Slimebound:SpikyOuterGoop","Slimebound:Equalize","Toolbox","infinitespire:Midas Blood","Slimebound:MinionMaster","Guide Book"],"campfire_rested":0,"item_purchase_floors":[5,5,20,20,20,31,31],"current_hp_per_floor":[54,45,42,46,54,54,54,54,54,54,54,54,40,40,31,18,54,54,48,51,38,38,38,38,54,54,54,54,54,54,51,54,40,54,54,54,54,54,44,51,51,54,0,0,0],"gold":341,"neow_bonus":"RANDOM_COLORLESS_2","is_daily":false,"chose_seed":false,"campfire_upgraded":4,"win_rate":0.0,"timestamp":1608936186,"path_taken":["R","M","M","?","$","R","T","?","$","?","?","?","?","?","M","BOSS","R","M","$","?","?","?","T","?","AVR","?","M","M","R","?","M","BOSS","R","M","M","M","?","M","T","M","NM"],"items_purchased_type":["Card","Card","Card","Relic","Relic","Card","Relic"],"build_version":"2020-12-22","purchased_purges":3,"victory":false,"max_hp_per_floor":[54,54,54,54,54,54,54,54,54,54,54,54,54,54,54,54,54,54,54,54,54,54,54,54,54,54,54,54,54,54,54,54,54,54,54,54,54,54,54,54,54,54,54,54,54],"card_choices":[{"not_picked":["Thinking Ahead","Violence"],"picked":"Sadistic Nature","floor":0},{"not_picked":["Slimebound:SplitLeeching","Slimebound:RollThrough"],"picked":"Slimebound:Grow","floor":2},{"not_picked":["Slimebound:GrowthPunch","Slimebound:ViciousTackle"],"picked":"Slimebound:ForwardTackle","floor":3},{"not_picked":["Slimebound:LeechEnergy","Slimebound:Chomp"],"picked":"Slimebound:Dissolve","floor":4},{"not_picked":["Slimebound:SlimeTap","Slimebound:MegaLick"],"picked":"Slimebound:AcidTongue","floor":5},{"not_picked":["Slimebound:FinishingTackle","Slimebound:SamplingLick"],"picked":"Slimebound:ItLooksTasty","floor":9},{"not_picked":["Slimebound:SplitAcid","Slimebound:FlameTackle"],"picked":"Slimebound:SplitMire","floor":10},{"not_picked":["Slimebound:PressTheAttack","Slimebound:RollThrough","Slimebound:MassRepurpose"],"picked":"SKIP","floor":13},{"not_picked":["Slimebound:DivideAndConquer","Slimebound:PressTheAttack"],"picked":"Slimebound:GoopSpray","floor":14},{"not_picked":["Slimebound:LeechingTouch","Slimebound:SlimeSpikes","Slimebound:RollThrough"],"picked":"SKIP","floor":15},{"not_picked":["Slimebound:SelfFormingGoo","Slimebound:WasteNot"],"picked":"Slimebound:Teamwork","floor":16},{"not_picked":["Slimebound:SplitAcid","Slimebound:SplitBruiser"],"picked":"Slimebound:MegaLick+1","floor":19},{"not_picked":["Slimebound:SlimeSpikes","Slimebound:LevelUp"],"picked":"Slimebound:MegaLick","floor":20},{"not_picked":["ReplayTheSpireMod:Book of Names","ReplayTheSpireMod:Haul"],"picked":"Replay:Fractal Strike","floor":21},{"not_picked":["Slimebound:SplitAcid","Slimebound:SplitLeeching","Slimebound:FinishingTackle"],"picked":"SKIP","floor":25},{"not_picked":["Slimebound:Nibble+1","Slimebound:ViciousTackle"],"picked":"Slimebound:SplitMire","floor":28},{"not_picked":["Slimebound:GrowthPunch","Slimebound:ViciousTackle","Slimebound:FinishingTackle"],"picked":"SKIP","floor":29},{"not_picked":["Slimebound:DivideAndConquer","Slimebound:GrowthPunch+1"],"picked":"Slimebound:LeechEnergy+1","floor":31},{"not_picked":["Slimebound:ViciousTackle","Slimebound:GoopSpray"],"picked":"Slimebound:OneTwoCombo","floor":32},{"not_picked":["Slimebound:TagTeam","Slimebound:PrepareCrush"],"picked":"Slimebound:Teamwork","floor":33},{"not_picked":["ReplayTheSpireMod:Restless Dread","Overencumbered"],"picked":"CurseOfTheBell","floor":34},{"not_picked":["AbeCurse","Overencumbered"],"picked":"Parasite","floor":34},{"not_picked":["Pain","hexamod:Haunted"],"picked":"ReplayTheSpireMod:Faulty Equipment","floor":34},{"not_picked":["Slimebound:FinishingTackle","Slimebound:ProtectTheBoss+1","Slimebound:SplitBruiser+1"],"picked":"SKIP","floor":36},{"not_picked":["Slimebound:ForwardTackle","Slimebound:SpikyOuterGoop"],"picked":"Slimebound:MinionMaster","floor":37},{"not_picked":["Slimebound:FirmFortitude","Slimebound:LeechingTouch"],"picked":"Slimebound:SpikyOuterGoop","floor":38},{"not_picked":["Replay:SS_hec_4","Replay:SS_fish_3"],"picked":"expansioncontent:BronzeBeam","floor":39},{"not_picked":["expansioncontent:Sear","Replay:SS_hec_1"],"picked":"expansioncontent:GuardianWhirl","floor":39},{"not_picked":["expansioncontent:GuardianWhirl","expansioncontent:SuperHexaguard"],"picked":"expansioncontent:Chronoboost","floor":39},{"not_picked":["Slimebound:LeechingTouch","Slimebound:AcidTongue+1"],"picked":"Slimebound:HauntingLick+1","floor":40},{"not_picked":["Slimebound:FirmFortitude","Slimebound:ViciousTackle+1"],"picked":"Slimebound:SplitMire+1","floor":42}],"player_experience":553297,"relics_obtained":[{"floor":7,"key":"HornCleat"},{"floor":23,"key":"Replay:Arrowhead"},{"floor":24,"key":"Nunchaku"}],"event_choices":[{"damage_healed":0,"gold_gain":0,"player_choice":"Rummage","damage_taken":0,"relics_obtained":["WarpedTongs"],"max_hp_gain":0,"max_hp_loss":0,"event_name":"Accursed Blacksmith","floor":8,"gold_loss":0,"cards_obtained":["Pain"]},{"cards_removed":["Doubt"],"damage_healed":0,"gold_gain":0,"player_choice":"Elegance","damage_taken":0,"max_hp_gain":0,"max_hp_loss":0,"event_name":"Back to Basics","floor":22,"gold_loss":0}],"is_beta":false,"boss_relics":[{"not_picked":["Ring of Chaos","Honey Jar"],"picked":"Coffee Dripper"},{"not_picked":["Velvet Choker","Philosopher\u0027s Stone"],"picked":"Replay:Ancient Bell"},{"not_picked":["Bag of Preparation","Slimebound:AggressiveSlimeRelic"],"picked":"Happy Flower"},{"not_picked":["Molten Egg 2","Pantograph"],"picked":"Shuriken"},{"not_picked":["Girya","FossilizedHelix"],"picked":"Unceasing Top"}],"items_purged_floors":[20,26,31],"is_endless":false,"potions_floor_spawned":[2,3,10,13,16,19,25,29,33,36,38],"killed_by":"Nightmare","ascension_level":0}}