{"host":"m77rrhbqzv44va4v","time":1608896621,"event":{"mods":["AchievementEnabler","BaseMod","Colored Map","DeckTracker","Minty Spire (QoL Compilation)","StSLib","SuperFastMode","everything is the same but u backflip on backflip"],"gold_per_floor":[111,111,1,11,111,136,156,186,186,186,202,202,221,233,233,334,334,346,356,73,88,88,88,88,88],"floor_reached":24,"playtime":945,"items_purged":["Strike_R"],"score":333,"play_id":"0aa762ba-4277-4cde-80e2-727dc261aeec","local_time":"20201225204341","is_ascension_mode":true,"campfire_choices":[{"data":"Corruption","floor":12,"key":"SMITH"},{"data":"Dark Embrace","floor":15,"key":"SMITH"},{"data":"Juggernaut","floor":23,"key":"SMITH"}],"circlet_count":0,"master_deck":["AscendersBane","Strike_R","Strike_R","Strike_R","Strike_R","Defend_R","Defend_R","Defend_R","Defend_R","Bash","Corruption+1","Pommel Strike","Dropkick","Twin Strike","Metallicize","Dark Embrace+1","Intimidate+1","Armaments+1","Shrug It Off+1","Juggernaut+1","Body Slam","Evolve","Shrug It Off+1"],"relics":["Burning Blood","Toxic Egg 2","Torii","Thread and Needle","Toy Ornithopter","Runic Pyramid","Sundial","Centennial Puzzle"],"acts_visited":["Exordium","TheCity"],"potions_floor_usage":[8,11,16,21,24],"damage_taken":[{"damage":5.0,"enemies":"2 Louse","floor":1.0,"turns":4.0},{"damage":2.0,"enemies":"Cultist","floor":4.0,"turns":4.0},{"damage":18.0,"enemies":"Gremlin Nob","floor":6.0,"turns":4.0},{"damage":1.0,"enemies":"Jaw Worm","floor":7.0,"turns":3.0},{"damage":21,"enemies":"3 Sentries","floor":8,"turns":7},{"damage":7,"enemies":"Gremlin Gang","floor":11,"turns":8},{"damage":9,"enemies":"Exordium Thugs","floor":13,"turns":5},{"damage":7,"enemies":"Exordium Wildlife","floor":14,"turns":5},{"damage":22,"enemies":"Hexaghost","floor":16,"turns":11},{"damage":19,"enemies":"3 Byrds","floor":18,"turns":7},{"damage":18,"enemies":"2 Thieves","floor":19,"turns":3},{"damage":31,"enemies":"Centurion and Healer","floor":21,"turns":5},{"damage":50,"enemies":"Slavers","floor":24,"turns":5}],"seed_played":"7117675487652348059","potions_obtained":[{"floor":1.0,"key":"BloodPotion"},{"floor":6.0,"key":"AttackPotion"},{"floor":8,"key":"Dexterity Potion"},{"floor":14,"key":"Energy Potion"},{"floor":19,"key":"PowerPotion"}],"is_trial":false,"path_per_floor":["M","?","$","M","?","E","M","E","T","T","M","R","M","M","R","B",null,"M","M","$","M","?","R","E"],"character_chosen":"IRONCLAD","items_purchased":["Metallicize","Sundial","Shrug It Off+1"],"campfire_rested":0,"item_purchase_floors":[3,20,20],"current_hp_per_floor":[73,73,73,77,77,65,70,55,55,55,59,59,56,55,55,44,71,58,46,46,42,42,42,0,0],"gold":88,"neow_bonus":"ONE_RANDOM_RARE_CARD","is_daily":false,"chose_seed":false,"campfire_upgraded":3,"win_rate":0.0,"timestamp":1608896621,"path_taken":["M","?","$","?","?","E","?","E","T","?","M","R","M","M","R","BOSS","M","M","$","M","?","R","E"],"items_purchased_type":["Card","Relic","Card"],"build_version":"2020-12-22","purchased_purges":1,"victory":false,"max_hp_per_floor":[80,80,80,80,80,80,80,80,80,80,80,80,80,80,80,80,80,80,80,80,80,80,80,80,80],"card_choices":[{"not_picked":["Fire Breathing","Metallicize"],"picked":"Pommel Strike","floor":1.0},{"not_picked":["Warcry","Iron Wave"],"picked":"Dark Embrace","floor":4.0},{"not_picked":["Sentinel+1","Second Wind+1"],"picked":"Intimidate+1","floor":6.0},{"not_picked":["Clash","Dark Embrace","Heavy Blade"],"picked":"SKIP","floor":7.0},{"not_picked":["Havoc+1","Double Tap+1","True Grit+1"],"picked":"SKIP","floor":8},{"not_picked":["Headbutt","Clash"],"picked":"Armaments+1","floor":11},{"not_picked":["Havoc+1","Clash"],"picked":"Shrug It Off+1","floor":13},{"not_picked":["Warcry+1","Twin Strike","Heavy Blade"],"picked":"SKIP","floor":14},{"not_picked":["Fiend Fire","Reaper"],"picked":"Juggernaut","floor":16},{"not_picked":["Flame Barrier+1","Dropkick"],"picked":"Body Slam","floor":18},{"not_picked":["Warcry+1","Wild Strike"],"picked":"Evolve","floor":19},{"not_picked":["Perfected Strike","Ghostly Armor+1","Clash"],"picked":"SKIP","floor":21}],"player_experience":802484,"relics_obtained":[{"floor":6.0,"key":"Toxic Egg 2"},{"floor":8,"key":"Torii"},{"floor":9,"key":"Thread and Needle"},{"floor":10,"key":"Toy Ornithopter"}],"event_choices":[{"damage_healed":0.0,"max_hp_gain":0.0,"max_hp_loss":0.0,"gold_gain":0.0,"event_name":"Match and Keep!","player_choice":"2 cards matched","floor":2.0,"gold_loss":0.0,"damage_taken":0.0,"cards_obtained":["Dropkick","Twin Strike"]},{"damage_healed":0.0,"max_hp_gain":0.0,"max_hp_loss":0.0,"gold_gain":100.0,"event_name":"Golden Shrine","player_choice":"Pray","floor":5.0,"gold_loss":0.0,"damage_taken":0.0},{"damage_healed":0,"gold_gain":0,"player_choice":"Opened","damage_taken":0,"relics_obtained":["Centennial Puzzle"],"max_hp_gain":0,"max_hp_loss":0,"event_name":"The Mausoleum","floor":22,"gold_loss":0}],"is_beta":false,"boss_relics":[{"not_picked":["SlaversCollar","Busted Crown"],"picked":"Runic Pyramid"}],"items_purged_floors":[3],"is_endless":false,"potions_floor_spawned":[1,6,8,14,19],"killed_by":"Slavers","ascension_level":12}}