{"host":"l66odvkqh04jpxx0","time":1608887768,"event":{"mods":["BaseMod","Colored Powertips","Conspire","Hermit","Luminous","Minty Spire (QoL Compilation)","Quick Restart","Replay The Spire","StSLib","The Construct","The Cursed","The Mystic","The Servant 0.9.4"],"gold_per_floor":[116,127,137,137,151,151,180,180,207,207,222,238,21,21,21,122,122,136,235,255,275,294,322,322,322,349,349,349,349,379,294,294,394,394,413,430,330,350,368,368,368,368,368,387,437,451,478,208,208,208],"floor_reached":51,"playtime":4432,"items_purged":["Strike_G","Outmaneuver","Defend_G"],"score":542,"play_id":"c25c5ff4-e05e-4b9e-8921-90cb54b28213","local_time":"20201225171608","is_ascension_mode":false,"campfire_choices":[{"floor":6,"key":"REST"},{"data":"Phantasmal Killer","floor":8,"key":"SMITH"},{"floor":15,"key":"REST"},{"floor":24,"key":"REST"},{"data":"Phantasmal Killer","floor":27,"key":"SMITH"},{"data":"Infinite Blades","floor":29,"key":"SMITH"},{"data":"A Thousand Cuts","floor":32,"key":"SMITH"},{"data":"Storm of Steel","floor":40,"key":"SMITH"},{"data":"Blade Dance","floor":42,"key":"SMITH"},{"floor":49,"key":"DIG"}],"circlet_count":0,"master_deck":["Strike_G","Strike_G","Strike_G","Strike_G","Defend_G","Defend_G","Defend_G","Defend_G","Survivor","Neutralize","A Thousand Cuts+1","Blade Dance+1","Cloak And Dagger","Phantasmal Killer+1","Infinite Blades+1","Terror","Phantasmal Killer+1","conspire:PoisonWeapons+1","Catalyst+1","J.A.X.","Storm of Steel+1","Blade Dance","Accuracy","Blade Dance+1","Storm of Steel"],"relics":["Ring of the Snake","Regal Pillow","Bag of Preparation","ReplayFunnel","Ring of Hypnosis","Ring of Misfortune","WristBlade","Replay:Rubber Ducky","Orichalcum","Onion Ring","Gremlin Food","Pen Nib","Runic Pyramid","Vajra","conspire:GiftBox","MealTicket","Sling","Replay:Arrowhead"],"acts_visited":["Exordium","TheCity","TheBeyond"],"potions_floor_usage":[7,11,18,21,23,33,44,50,50],"damage_taken":[{"damage":4,"enemies":"Jaw Worm","floor":1,"turns":7},{"damage":0,"enemies":"2 Louse","floor":2,"turns":4},{"damage":0,"enemies":"Small Slimes","floor":3,"turns":4},{"damage":6,"enemies":"Exordium Wildlife","floor":5,"turns":4},{"damage":15,"enemies":"Replay:BlueRogue","floor":7,"turns":6},{"damage":11,"enemies":"Large Slime","floor":11,"turns":4},{"damage":6,"enemies":"conspire:2 RoseBushes","floor":12,"turns":4},{"damage":10,"enemies":"Slime Boss","floor":16,"turns":10},{"damage":0,"enemies":"conspire:FuzzyDice","floor":18,"turns":5},{"damage":0,"enemies":"3 Byrds","floor":20,"turns":3},{"damage":11,"enemies":"Sentry and Sphere","floor":21,"turns":5},{"damage":5,"enemies":"Centurion and Healer","floor":22,"turns":3},{"damage":25,"enemies":"Replay:Snechameleon","floor":23,"turns":4},{"damage":3,"enemies":"conspire:SneckoGhost","floor":30,"turns":3},{"damage":25,"enemies":"Automaton","floor":33,"turns":5},{"damage":9,"enemies":"3 Shapes","floor":35,"turns":4},{"damage":4,"enemies":"Orb Walker","floor":36,"turns":2},{"damage":0,"enemies":"3 Darklings","floor":38,"turns":2},{"damage":13,"enemies":"4 Shapes","floor":39,"turns":3},{"damage":1,"enemies":"Writhing Mass","floor":44,"turns":2},{"damage":17,"enemies":"Mind Bloom Boss Battle","floor":45,"turns":3},{"damage":3,"enemies":"Maw","floor":46,"turns":5},{"damage":1,"enemies":"Giant Head","floor":47,"turns":4},{"damage":16,"enemies":"Replay:Hell Engine","floor":50,"turns":4}],"seed_played":"5955228631323137237","potions_obtained":[{"floor":5,"key":"Poison Potion"},{"floor":7,"key":"SkillPotion"},{"floor":12,"key":"Reflective Coating"},{"floor":16,"key":"Swift Potion"},{"floor":18,"key":"ColorlessPotion"},{"floor":30,"key":"Strength Potion"},{"floor":33,"key":"CunningPotion"},{"floor":39,"key":"Explosive Potion"},{"floor":44,"key":"Adrenaline Potion"},{"floor":45,"key":"SteroidPotion"}],"is_trial":false,"path_per_floor":["M","M","M","?","M","R","E","R","T","?","M","M","$","?","R","B",null,"M","?","M","M","M","E","R","?","T","R","T","R","E","?","R","B",null,"M","M","$","M","M","R","?","R","T","M","?","M","E","$","R","B",null],"character_chosen":"THE_SILENT","items_purchased":["Infinite Blades","Terror","Sling"],"campfire_rested":3,"item_purchase_floors":[13,13,48],"current_hp_per_floor":[45,45,45,27,21,57,42,42,42,42,31,25,25,25,61,51,70,70,70,70,59,54,29,65,65,65,65,65,65,62,62,62,37,70,61,57,57,57,44,44,44,44,44,43,26,23,22,37,37,21],"gold":208,"neow_bonus":"THREE_RARE_CARDS","is_daily":false,"chose_seed":false,"campfire_upgraded":6,"win_rate":0.0,"timestamp":1608887768,"path_taken":["M","M","M","?","M","R","E","R","T","?","?","M","$","?","R","BOSS","M","?","M","M","M","E","R","?","T","R","?","R","E","?","R","BOSS","M","M","$","M","M","R","?","R","T","M","?","M","E","$","R","BOSS"],"items_purchased_type":["Card","Card","Relic"],"build_version":"2020-12-22","purchased_purges":3,"victory":true,"max_hp_per_floor":[70,70,70,70,70,70,70,70,70,70,70,70,70,70,70,70,70,70,70,70,70,70,70,70,70,70,70,70,70,70,70,70,70,70,70,70,70,70,70,70,66,66,66,66,66,66,66,66,66,66],"card_choices":[{"not_picked":["Night Terror","ReplayTheSpireMod:From All Sides"],"picked":"A Thousand Cuts","floor":0},{"not_picked":["Sucker Punch","Catalyst"],"picked":"Outmaneuver","floor":1},{"not_picked":["Footwork","Outmaneuver"],"picked":"Blade Dance","floor":2},{"not_picked":["Slice","Escape Plan"],"picked":"Cloak And Dagger","floor":3},{"not_picked":["Flechettes","Deflect"],"picked":"ReplayTheSpireMod:Shiv Toss","floor":5},{"not_picked":["PiercingWail","Noxious Fumes"],"picked":"Phantasmal Killer","floor":7},{"not_picked":["Bane","Sucker Punch","Slice"],"picked":"SKIP","floor":11},{"not_picked":["Poisoned Stab","Quick Slash","Dagger Spray"],"picked":"SKIP","floor":12},{"not_picked":["Venomology","Wraith Form v2"],"picked":"Phantasmal Killer","floor":16},{"not_picked":["Dagger Spray+1","Dodge and Roll"],"picked":"conspire:PoisonWeapons+1","floor":18},{"not_picked":["Dodge and Roll","Deadly Poison+1","Leg Sweep"],"picked":"SKIP","floor":20},{"not_picked":["Prepared","Expertise","Noxious Fumes"],"picked":"SKIP","floor":21},{"not_picked":["Prepared","Underhanded Strike+1","Sneak Up"],"picked":"SKIP","floor":22},{"not_picked":["Predator","Dagger Spray"],"picked":"Catalyst+1","floor":23},{"not_picked":["Dagger Throw","Dodge and Roll+1","PiercingWail+1"],"picked":"SKIP","floor":30},{"not_picked":["Envenom","Venomology"],"picked":"Storm of Steel","floor":33},{"not_picked":["Prepared","Underhanded Strike+1"],"picked":"Blade Dance","floor":35},{"not_picked":["Sucker Punch","Prepared+1"],"picked":"Accuracy","floor":36},{"not_picked":["Outmaneuver+1","Deadly Poison+1","Bane"],"picked":"SKIP","floor":38},{"not_picked":["Poisoned Stab+1","Sneak Up+1"],"picked":"Blade Dance+1","floor":39},{"not_picked":["Dodge and Roll","Poisoned Stab+1","Choke"],"picked":"SKIP","floor":44},{"not_picked":["Adrenaline","Envenom"],"picked":"Storm of Steel","floor":45},{"not_picked":["Acrobatics","PiercingWail+1","Cloak And Dagger+1"],"picked":"SKIP","floor":46},{"not_picked":["Poisoned Stab+1","Distraction+1","ReplayTheSpireMod:Speed Training+1"],"picked":"SKIP","floor":47}],"player_experience":70881,"relics_obtained":[{"floor":7,"key":"Bag of Preparation"},{"floor":9,"key":"ReplayFunnel"},{"floor":14,"key":"Ring of Hypnosis"},{"floor":14,"key":"Ring of Misfortune"},{"floor":23,"key":"Replay:Rubber Ducky"},{"floor":26,"key":"Orichalcum"},{"floor":28,"key":"Onion Ring"},{"floor":30,"key":"Gremlin Food"},{"floor":43,"key":"Vajra"},{"floor":45,"key":"conspire:GiftBox"},{"floor":47,"key":"MealTicket"},{"floor":49,"key":"Replay:Arrowhead"}],"event_choices":[{"damage_healed":0,"gold_gain":0,"player_choice":"Success","damage_taken":18,"relics_obtained":["Regal Pillow"],"max_hp_gain":0,"max_hp_loss":0,"event_name":"Scrap Ooze","floor":4,"gold_loss":0},{"cards_removed":["ReplayTheSpireMod:Shiv Toss"],"damage_healed":0,"gold_gain":0,"player_choice":"Purged","damage_taken":0,"max_hp_gain":0,"max_hp_loss":0,"event_name":"Purifier","floor":10,"gold_loss":0},{"damage_healed":0,"gold_gain":99,"player_choice":"Stole From Cult","damage_taken":0,"max_hp_gain":0,"max_hp_loss":0,"event_name":"Nest","floor":19,"gold_loss":0},{"damage_healed":0,"gold_gain":0,"player_choice":"Obtain J.A.X.","damage_taken":0,"max_hp_gain":0,"max_hp_loss":0,"event_name":"Drug Dealer","floor":25,"gold_loss":0,"cards_obtained":["J.A.X."]},{"damage_healed":0,"gold_gain":0,"player_choice":"Obtained Relic","damage_taken":0,"relics_obtained":["Pen Nib"],"max_hp_gain":0,"max_hp_loss":0,"event_name":"Addict","floor":31,"gold_loss":85},{"damage_healed":0,"gold_gain":0,"player_choice":"Max HP","damage_taken":0,"max_hp_gain":0,"max_hp_loss":4,"event_name":"Winding Halls","floor":41,"gold_loss":0},{"damage_healed":0,"gold_gain":0,"player_choice":"Fight","damage_taken":0,"max_hp_gain":0,"max_hp_loss":0,"event_name":"MindBloom","floor":45,"gold_loss":0}],"is_beta":false,"boss_relics":[{"not_picked":["Busted Crown","Astrolabe"],"picked":"WristBlade"},{"not_picked":["Replay:Ancient Bell","Philosopher\u0027s Stone"],"picked":"Runic Pyramid"}],"items_purged_floors":[13,37,48],"is_endless":false,"potions_floor_spawned":[5,7,12,16,18,30,33,39,44,45],"ascension_level":0}}