{"host":"6to0pdz5g3mubtyg","time":1608940421,"event":{"mods":["Act Like it!","Aspiration","BaseMod","BetterRewards","Colored Map","Energized Spire","Hallownest","Highlight Path","Infinite Spire","Jorbs\u0027s Wanderer Trilogy","Minty Spire (QoL Compilation)","Shade Mod","StSLib","The Animator","The Blue Laboratory","The Bug Knight"],"gold_per_floor":[109,109,129,145,220,238,238,238],"floor_reached":7,"playtime":328,"items_purged":[],"score":49,"play_id":"f5da002b-a33a-4f24-b878-5da499db4fd6","local_time":"20201225165341","is_ascension_mode":true,"campfire_choices":[],"circlet_count":0,"master_deck":["Strike_R","Strike_R","Strike_R","Strike_R","Strike_R","Defend_R","Defend_R","Defend_R","Defend_R","Bash","Sever Soul","Injury","Havoc","Clash","Wild Strike"],"relics":["Burning Blood","aspiration:Nostalgia","animator:PurgingStone","Golden Idol"],"acts_visited":["Exordium"],"potions_floor_usage":[],"damage_taken":[{"damage":2.0,"enemies":"Small Slimes","floor":1.0,"turns":4.0},{"damage":9.0,"enemies":"Jaw Worm","floor":3.0,"turns":3.0},{"damage":2.0,"enemies":"2 Louse","floor":4.0,"turns":3.0},{"damage":18,"enemies":"Lots of Slimes","floor":6,"turns":4},{"damage":60,"enemies":"Lagavulin","floor":7,"turns":5}],"seed_played":"-5388879991513991051","potions_obtained":[{"floor":1.0,"key":"Weak Potion"},{"floor":4.0,"key":"blueLaboratory:FrostheartPotion"},{"floor":6,"key":"Dexterity Potion"}],"is_trial":false,"path_per_floor":["M","?","M","M","?","M","E"],"character_chosen":"IRONCLAD","items_purchased":[],"campfire_rested":0,"item_purchase_floors":[],"current_hp_per_floor":[80,80,77,80,69,57,0,0],"gold":238,"neow_bonus":"NOSTALGIA","is_daily":false,"chose_seed":false,"campfire_upgraded":0,"win_rate":0.0,"timestamp":1608940421,"path_taken":["M","?","M","M","?","M","E"],"items_purchased_type":[],"build_version":"2020-12-22","purchased_purges":0,"victory":false,"max_hp_per_floor":[80,80,80,80,80,80,80,80],"card_choices":[{"not_picked":["Heavy Blade","Armaments"],"picked":"Sever Soul","floor":1.0},{"not_picked":["Power Through","Clothesline"],"picked":"Havoc","floor":3.0},{"not_picked":["Infernal Blade","Power Through"],"picked":"Clash","floor":4.0},{"not_picked":["Dual Wield","Flex"],"picked":"Wild Strike","floor":6}],"player_experience":230858,"relics_obtained":[],"event_choices":[{"damage_healed":0.0,"max_hp_gain":0.0,"max_hp_loss":0.0,"gold_gain":0.0,"event_name":"Golden Idol","player_choice":"Take Wound","floor":2.0,"gold_loss":0.0,"damage_taken":0.0,"relics_obtained":["Golden Idol"],"cards_obtained":["Injury"]},{"damage_healed":0.0,"max_hp_gain":0.0,"max_hp_loss":0.0,"gold_gain":75.0,"event_name":"World of Goop","player_choice":"Gather Gold","floor":5.0,"gold_loss":0.0,"damage_taken":11.0}],"is_beta":false,"boss_relics":[],"items_purged_floors":[],"is_endless":false,"potions_floor_spawned":[1,4,6],"killed_by":"Lagavulin","ascension_level":3}}