{"host":"er8s5flrc5z1a07t","time":1608861189,"event":{"mods":["2.2 Compatiblity","Act Like it!","Bard","BaseMod","Better Note","Better Third Choice","Downfall","Duelist Mod","Elementarium","Energized Spire","GifTheSpireLib","Hermit","Hubris","Infinite Spire","Minty Spire (QoL Compilation)","Relic Stats","Replay The Spire","Shop Mod","StSLib","Stuff the Spire","Synergy Search","The Cursed","The Disciple","The Mystic"],"gold_per_floor":[15,15,15,36,57,57,57],"floor_reached":6,"playtime":216,"items_purged":[],"score":41,"play_id":"64589414-2249-44f8-be39-a9fa464cdf6c","local_time":"20201224205309","is_ascension_mode":true,"campfire_choices":[],"circlet_count":0,"master_deck":["Strike_P","Strike_P","Strike_P","Defend_P","Defend_P","Defend_P","Defend_P","Eruption","Vigilance","MasterReality","LikeWater","Replay:BluntJabs","BowlingBash"],"relics":["PureWater","Golden Idol"],"acts_visited":["Exordium"],"potions_floor_usage":[],"damage_taken":[{"damage":9,"enemies":"Small Slimes","floor":1,"turns":5},{"damage":4,"enemies":"Jaw Worm","floor":4,"turns":5},{"damage":4,"enemies":"2 Louse","floor":5,"turns":3},{"damage":7,"enemies":"Lagavulin","floor":6,"turns":6}],"seed_played":"6846656655101395427","potions_obtained":[],"is_trial":false,"path_per_floor":["M","?","?","M","M","E"],"character_chosen":"WATCHER","items_purchased":[],"campfire_rested":0,"item_purchase_floors":[],"current_hp_per_floor":[63,63,56,52,48,41,41],"gold":57,"neow_bonus":"THREE_RARE_CARDS","is_daily":false,"chose_seed":false,"campfire_upgraded":0,"win_rate":0.0,"timestamp":1608861189,"path_taken":["M","?","?","M","M","E"],"items_purchased_type":[],"build_version":"2020-12-22","purchased_purges":0,"victory":false,"max_hp_per_floor":[72,67,67,67,67,67,67],"relic_stats":{"counters":[4,19],"Golden Idol":8,"obtain_stats":[{"Golden Idol":2,"PureWater":0},{"Golden Idol":1,"PureWater":0},{"Golden Idol":5,"PureWater":0}]},"card_choices":[{"not_picked":["Replay:LoomingThreat","ConjureBlade"],"picked":"MasterReality","floor":0},{"not_picked":["BowlingBash","Replay:ManipulateFuture"],"picked":"LikeWater","floor":1},{"not_picked":["WindmillStrike","WheelKick"],"picked":"Replay:BluntJabs","floor":4},{"not_picked":["EmptyFist","Indignation"],"picked":"BowlingBash","floor":5}],"player_experience":1167293,"relics_obtained":[],"event_choices":[{"damage_healed":0,"gold_gain":0,"player_choice":"Lose Max HP","damage_taken":0,"relics_obtained":["Golden Idol"],"max_hp_gain":0,"max_hp_loss":5,"event_name":"Golden Idol","floor":2,"gold_loss":0},{"cards_removed":["Strike_P"],"damage_healed":0,"gold_gain":0,"player_choice":"Card Removal","damage_taken":7,"max_hp_gain":0,"max_hp_loss":0,"event_name":"Golden Wing","floor":3,"gold_loss":0}],"is_beta":false,"boss_relics":[],"items_purged_floors":[],"is_endless":false,"potions_floor_spawned":[],"killed_by":"Lagavulin","ascension_level":3}}