{"host":"xb2tau8pgi8aflss","time":1608878884,"event":{"mods":["AchievementEnabler","BaseMod","Hermit","Minty Spire (QoL Compilation)","StSLib","SuperFastMode"],"gold_per_floor":[117,68,68,93,93,126,126,144,168,168,194,208,222,251,251,356,356,370,295,329,329,181,181,195,195,195,195,195,212,32,47,47,145,145,156,173,173,173],"floor_reached":39,"playtime":1409,"items_purged":["Strike_R","Defend_R"],"score":824,"play_id":"44a28f33-fcb7-4a6a-9357-5b3811ba5699","local_time":"20201225154804","is_ascension_mode":true,"campfire_choices":[{"data":"Shrug It Off","floor":7,"key":"SMITH"},{"data":"Body Slam","floor":10,"key":"SMITH"},{"data":"Armaments","floor":15,"key":"SMITH"},{"data":"Barricade","floor":23,"key":"SMITH"},{"data":"Feel No Pain","floor":25,"key":"SMITH"},{"data":"Feel No Pain","floor":27,"key":"SMITH"},{"data":"Dark Embrace","floor":32,"key":"SMITH"}],"circlet_count":0,"master_deck":["Strike_R","Strike_R","Defend_R","Defend_R","Bash","Seeing Red","True Grit","Shrug It Off+1","Body Slam+1","Feel No Pain+1","Armaments+1","Barricade+1","Shrug It Off","Feel No Pain+1","Power Through+1","Evolve","Dark Embrace+1","Fiend Fire","Body Slam+1"],"relics":["Burning Blood","NeowsBlessing","Toy Ornithopter","Strawberry","Anchor","Red Skull","Art of War","Gremlin Horn","Philosopher\u0027s Stone","Red Mask","Thread and Needle","SacredBark"],"acts_visited":["Exordium","TheCity","TheBeyond"],"potions_floor_usage":[16,16,20,29,38,38,38],"damage_taken":[{"damage":0,"enemies":"2 Louse","floor":1,"turns":1},{"damage":0,"enemies":"Lagavulin","floor":6,"turns":1},{"damage":0,"enemies":"Jaw Worm","floor":8,"turns":1},{"damage":30,"enemies":"Gremlin Nob","floor":11,"turns":5},{"damage":0,"enemies":"Small Slimes","floor":12,"turns":2},{"damage":19,"enemies":"3 Louse","floor":13,"turns":4},{"damage":10,"enemies":"3 Sentries","floor":14,"turns":10},{"damage":43,"enemies":"Slime Boss","floor":16,"turns":17},{"damage":23,"enemies":"Spheric Guardian","floor":18,"turns":8},{"damage":38,"enemies":"Masked Bandits","floor":20,"turns":8},{"damage":0,"enemies":"Shell Parasite","floor":24,"turns":4},{"damage":0,"enemies":"Sentry and Sphere","floor":29,"turns":7},{"damage":0,"enemies":"Cultist and Chosen","floor":31,"turns":6},{"damage":46,"enemies":"Automaton","floor":33,"turns":23},{"damage":0,"enemies":"3 Shapes","floor":35,"turns":6},{"damage":5,"enemies":"3 Darklings","floor":36,"turns":9},{"damage":42,"enemies":"Awakened One","floor":38,"turns":9}],"seed_played":"-7616236139831254691","potions_obtained":[{"floor":8,"key":"ColorlessPotion"},{"floor":12,"key":"HeartOfIron"},{"floor":14,"key":"SneckoOil"},{"floor":20,"key":"Dexterity Potion"},{"floor":24,"key":"GamblersBrew"},{"floor":28,"key":"Strength Potion"},{"floor":28,"key":"LiquidBronze"},{"floor":33,"key":"BlessingOfTheForge"}],"is_trial":false,"path_per_floor":["M","$","?","T","?","E","R","M","T","R","E","M","M","E","R","B",null,"M","?","?","?","$","R","M","R","T","R","?","M","$","M","R","B",null,"M","M","?","B",null],"character_chosen":"IRONCLAD","items_purchased":["True Grit","Feel No Pain","Dark Embrace"],"campfire_rested":0,"item_purchase_floors":[2,22,30],"current_hp_per_floor":[78,78,71,71,71,77,77,83,83,83,59,65,52,48,48,21,71,54,54,27,27,27,27,33,33,33,33,33,44,44,50,50,10,68,74,75,75,51],"gold":173,"neow_bonus":"THREE_ENEMY_KILL","is_daily":false,"chose_seed":false,"campfire_upgraded":7,"win_rate":0.0,"timestamp":1608878884,"path_taken":["M","$","?","?","?","E","R","M","T","R","E","M","M","E","R","BOSS","M","?","?","?","$","R","M","R","T","R","?","?","?","M","R","BOSS","M","?","?","BOSS"],"items_purchased_type":["Card","Card","Card"],"build_version":"2020-12-22","purchased_purges":2,"victory":true,"max_hp_per_floor":[80,80,80,80,87,87,87,87,87,87,87,87,87,87,87,87,87,87,87,87,87,87,87,87,87,87,87,87,87,87,87,87,87,87,87,87,87,87],"card_choices":[{"not_picked":["True Grit","Clothesline"],"picked":"Seeing Red","floor":1},{"not_picked":["Iron Wave","Twin Strike"],"picked":"Shrug It Off","floor":6},{"not_picked":["Cleave","Burning Pact"],"picked":"Body Slam","floor":8},{"not_picked":["Flame Barrier","Headbutt","Sword Boomerang"],"picked":"SKIP","floor":11},{"not_picked":["Impervious","Combust"],"picked":"Feel No Pain","floor":12},{"not_picked":["Uppercut","Searing Blow"],"picked":"Armaments","floor":13},{"not_picked":["Twin Strike","Disarm","Thunderclap"],"picked":"SKIP","floor":14},{"not_picked":["Limit Break","Double Tap"],"picked":"Barricade","floor":16},{"not_picked":["Cleave+1","Body Slam"],"picked":"Shrug It Off","floor":18},{"not_picked":["Headbutt+1","Reckless Charge+1"],"picked":"Power Through+1","floor":24},{"not_picked":["Headbutt","Clash+1"],"picked":"Evolve","floor":29},{"not_picked":["Havoc","Clothesline","Pommel Strike"],"picked":"SKIP","floor":31},{"not_picked":["Limit Break","Corruption"],"picked":"Fiend Fire","floor":33},{"not_picked":["Headbutt+1","Havoc","Dropkick"],"picked":"SKIP","floor":35},{"not_picked":["Warcry+1","Clash+1"],"picked":"Body Slam+1","floor":36}],"player_experience":760360,"relics_obtained":[{"floor":4,"key":"Toy Ornithopter"},{"floor":6,"key":"Anchor"},{"floor":9,"key":"Red Skull"},{"floor":11,"key":"Art of War"},{"floor":14,"key":"Gremlin Horn"},{"floor":20,"key":"Red Mask"},{"floor":26,"key":"Thread and Needle"}],"event_choices":[{"cards_removed":["Strike_R"],"damage_healed":0,"gold_gain":0,"player_choice":"Card Removal","damage_taken":7,"max_hp_gain":0,"max_hp_loss":0,"event_name":"Golden Wing","floor":3,"gold_loss":0},{"damage_healed":0,"gold_gain":0,"player_choice":"Success","damage_taken":7,"relics_obtained":["Strawberry"],"max_hp_gain":0,"max_hp_loss":0,"event_name":"Scrap Ooze","floor":5,"gold_loss":0},{"cards_removed":["Strike_R"],"damage_healed":0,"gold_gain":0,"player_choice":"Gave Gold","damage_taken":0,"max_hp_gain":0,"max_hp_loss":0,"event_name":"Beggar","floor":19,"gold_loss":75},{"damage_healed":0,"gold_gain":0,"player_choice":"Fought Bandits","damage_taken":0,"max_hp_gain":0,"max_hp_loss":0,"event_name":"Masked Bandits","floor":20,"gold_loss":0},{"cards_removed":["Defend_R"],"damage_healed":0,"gold_gain":0,"player_choice":"Elegance","damage_taken":0,"max_hp_gain":0,"max_hp_loss":0,"event_name":"Back to Basics","floor":21,"gold_loss":0},{"damage_healed":0,"gold_gain":0,"player_choice":"Got Potions","damage_taken":0,"max_hp_gain":0,"max_hp_loss":0,"event_name":"Lab","floor":28,"gold_loss":0},{"damage_healed":0,"gold_gain":0,"player_choice":"Took Portal","damage_taken":0,"max_hp_gain":0,"max_hp_loss":0,"event_name":"SecretPortal","floor":37,"gold_loss":0}],"is_beta":false,"boss_relics":[{"not_picked":["Ectoplasm","Sozu"],"picked":"Philosopher\u0027s Stone"},{"not_picked":["Cursed Key","Busted Crown"],"picked":"SacredBark"}],"items_purged_floors":[22,30],"is_endless":false,"potions_floor_spawned":[8,12,14,20,24,33,35],"ascension_level":6}}