{"host":"88hg6ocvqrqxrx5h","time":1608877299,"event":{"mods":["BaseMod","Colored Map","Minty Spire (QoL Compilation)","Unceasing Turn Reminder","slay the spire mod where everything is the same but ironclad has a cowboy hat"],"gold_per_floor":[116,134,147,147,164,199,199,229,229,229,229],"floor_reached":10,"playtime":679,"items_purged":[],"score":94,"play_id":"6f817fec-274d-4076-bdcf-f51ad487b276","local_time":"20201224222139","is_ascension_mode":true,"campfire_choices":[{"floor":7,"key":"REST"}],"circlet_count":0,"master_deck":["Strike_R","Strike_R","Strike_R","Strike_R","Defend_R","Defend_R","Defend_R","Defend_R","Bash","Normality","Clothesline","Blood for Blood","Iron Wave","Feel No Pain","Shockwave"],"relics":["Burning Blood","Peace Pipe","Shuriken","Paper Frog","Bottled Lightning"],"acts_visited":[],"potions_floor_usage":[8,10,10],"damage_taken":[{"damage":18,"enemies":"Cultist","floor":1,"turns":6},{"damage":7,"enemies":"Jaw Worm","floor":2,"turns":4},{"damage":2,"enemies":"2 Louse","floor":3,"turns":3},{"damage":39,"enemies":"Gremlin Gang","floor":5,"turns":6},{"damage":20,"enemies":"Gremlin Nob","floor":6,"turns":5},{"damage":31,"enemies":"3 Sentries","floor":8,"turns":6},{"damage":25,"enemies":"Lagavulin","floor":10,"turns":4}],"seed_played":"3274548968689484096","potions_obtained":[{"floor":5,"key":"GamblersBrew"},{"floor":6,"key":"PowerPotion"},{"floor":8,"key":"BlessingOfTheForge"}],"is_trial":false,"path_per_floor":["M","M","M","?","M","E","R","E","T","E"],"character_chosen":"IRONCLAD","items_purchased":[],"campfire_rested":1,"item_purchase_floors":[],"current_hp_per_floor":[68,67,71,71,38,24,48,23,23,0,0],"gold":229,"neow_bonus":"ONE_RARE_RELIC","is_daily":false,"chose_seed":false,"campfire_upgraded":0,"win_rate":0.0,"timestamp":1608877299,"path_taken":["M","?","M","?","M","E","R","E","T","E"],"items_purchased_type":[],"build_version":"2020-12-22","purchased_purges":0,"victory":false,"max_hp_per_floor":[80,80,80,80,80,80,80,80,80,80,80],"card_choices":[{"not_picked":["Havoc","Body Slam"],"picked":"Clothesline","floor":1},{"not_picked":["Cleave","Evolve"],"picked":"Blood for Blood","floor":2},{"not_picked":["Havoc","Disarm"],"picked":"Iron Wave","floor":3},{"not_picked":["Seeing Red","Pommel Strike"],"picked":"Feel No Pain","floor":6},{"not_picked":["Heavy Blade","Anger"],"picked":"Shockwave","floor":8}],"player_experience":124880,"relics_obtained":[{"floor":6,"key":"Shuriken"},{"floor":8,"key":"Paper Frog"},{"floor":9,"key":"Bottled Lightning"}],"event_choices":[{"cards_removed":["Strike_R"],"damage_healed":0,"gold_gain":0,"player_choice":"Purged","damage_taken":0,"max_hp_gain":0,"max_hp_loss":0,"event_name":"Purifier","floor":4,"gold_loss":0}],"is_beta":false,"boss_relics":[],"items_purged_floors":[],"is_endless":false,"potions_floor_spawned":[5,6,8],"killed_by":"Lagavulin","ascension_level":4}}