{"host":"yuhy0i501zzmn1iz","time":1608862689,"event":{"mods":["AchievementEnabler","AlwaysNeverKeys","BaseMod","Bestiary","Better Match","Better Third Choice","Curses Come First","Downfall","Minty Spire (QoL Compilation)","StSLib","The Blue Laboratory","slay the spire mod where everything is the same but ironclad has a cowboy hat"],"gold_per_floor":[99,109,109,129,144,144,144,144,144,158,333,362,362,397,412,412,412,412],"floor_reached":16,"playtime":788,"items_purged":[],"score":110,"play_id":"f4becf80-dfdc-4eba-8531-20828152cc27","local_time":"20201224211809","is_ascension_mode":false,"campfire_choices":[{"data":"Slimebound:Split","floor":1.0,"key":"SMITH"},{"data":"Slimebound:Nibble","floor":6.0,"key":"SMITH"},{"data":"Slimebound:SpikyOuterGoop","floor":9.0,"key":"SMITH"},{"data":"Slimebound:ForwardTackle","floor":13.0,"key":"SMITH"}],"circlet_count":0,"master_deck":["Slimebound:Strike_Slimebound","Slimebound:Strike_Slimebound","Slimebound:Strike_Slimebound","Slimebound:Tackle","Slimebound:Defend_Slimebound","Slimebound:Defend_Slimebound","Slimebound:Defend_Slimebound","Slimebound:Defend_Slimebound","Slimebound:Split+1","Slimebound:CorrosiveSpit","Slimebound:SlimeSpikes","Slimebound:Nibble+1","Slimebound:SpikyOuterGoop+1","Slimebound:Schlurp","Doubt","Slimebound:ForwardTackle+1","Slimebound:MegaLick","Slimebound:SplitBruiser"],"relics":["Slimebound:AbsorbEndCombat","downfall:BrokenWingStatue","Mercury Hourglass","Calipers","WingedGreaves","Blue Candle"],"acts_visited":["Exordium"],"potions_floor_usage":[16,16],"damage_taken":[{"damage":8.0,"enemies":"2 Louse","floor":2.0,"turns":2.0},{"damage":12.0,"enemies":"Jaw Worm","floor":4.0,"turns":3.0},{"damage":8.0,"enemies":"Small Slimes","floor":5.0,"turns":3.0},{"damage":31.0,"enemies":"Exordium Thugs","floor":10.0,"turns":3.0},{"damage":21.0,"enemies":"Lagavulin","floor":12.0,"turns":5.0},{"damage":33.0,"enemies":"3 Sentries","floor":14.0,"turns":4.0},{"damage":11.0,"enemies":"Red Slaver","floor":15.0,"turns":3.0},{"damage":42,"enemies":"downfall:Defect","floor":16,"turns":6}],"seed_played":"535800962260031019","potions_obtained":[{"floor":4.0,"key":"blueLaboratory:BottledHope"},{"floor":12.0,"key":"Explosive Potion"},{"floor":14.0,"key":"blueLaboratory:LouseDecoction"},{"floor":15.0,"key":"blueLaboratory:BottledHope"}],"is_trial":false,"path_per_floor":["R","M","?","M","M","R","T","T","R","M","?","E","R","E","M","B"],"character_chosen":"SLIMEBOUND","items_purchased":[],"campfire_rested":0,"item_purchase_floors":[],"current_hp_per_floor":[66,66,66,64,60,60,60,60,60,49,49,46,46,25,28,0,0,0],"gold":412,"neow_bonus":"TEN_PERCENT_HP_BONUS","is_daily":false,"chose_seed":false,"campfire_upgraded":4,"win_rate":0.0,"timestamp":1608862689,"path_taken":["R","M","?","M","M","R","T","?","R","M","?","E","R","E","M","BOSS"],"items_purchased_type":[],"build_version":"2020-12-22","purchased_purges":0,"victory":false,"max_hp_per_floor":[66,66,66,66,66,66,66,66,66,66,66,66,66,66,66,66,66,66],"card_choices":[{"not_picked":["Slimebound:LeechEnergy","Slimebound:DivideAndConquer"],"picked":"Slimebound:SlimeSpikes","floor":2.0},{"not_picked":["Slimebound:GrowthPunch","Slimebound:Repurpose"],"picked":"Slimebound:Nibble","floor":4.0},{"not_picked":["Slimebound:SlimeBarrage","Slimebound:ViciousTackle"],"picked":"Slimebound:SpikyOuterGoop","floor":5.0},{"not_picked":["Slimebound:SamplingLick","Slimebound:Nibble"],"picked":"Slimebound:Schlurp","floor":10.0},{"not_picked":["Slimebound:ServeAndProtect","Slimebound:Prepare"],"picked":"Slimebound:ForwardTackle","floor":12.0},{"not_picked":["Slimebound:DivideAndConquer","Slimebound:SplitMire"],"picked":"Slimebound:MegaLick","floor":14.0},{"not_picked":["Slimebound:Grow","Slimebound:SplitAcid"],"picked":"Slimebound:SplitBruiser","floor":15.0}],"player_experience":240165,"relics_obtained":[{"floor":7.0,"key":"Mercury Hourglass"},{"floor":8.0,"key":"Calipers"},{"floor":12.0,"key":"WingedGreaves"},{"floor":14.0,"key":"Blue Candle"}],"event_choices":[],"is_beta":false,"boss_relics":[],"items_purged_floors":[],"is_endless":false,"potions_floor_spawned":[4,12,14,15],"killed_by":"downfall:Defect","ascension_level":0}}