{"host":"4myl0piycjadqnwl","time":1608860568,"event":{"mods":["BaseMod","Colored Map","Downfall","Minty Spire (QoL Compilation)","StSLib"],"gold_per_floor":[99,111,111,131,41,52,52,52,52,52,78,78,78,107,122,221,221,221,237,248,248,263,290,290,310,160,2,102,114,132,164,182,281,281,281,295,295,308,325,350,350,380,394,394,425,69,69,104,121,121],"floor_reached":51,"playtime":4897,"items_purged":["champ:Strike"],"score":1184,"play_id":"f0428a57-3acf-48bb-85b7-24e631c785f5","local_time":"20201225024248","is_ascension_mode":true,"campfire_choices":[{"data":"champ:Taunt","floor":1.0,"key":"SMITH"},{"data":"champ:ViciousMockery","floor":8,"key":"SMITH"},{"data":"champ:FocusedBerserking","floor":10,"key":"SMITH"},{"floor":13,"key":"REST"},{"floor":18,"key":"RECALL"},{"floor":26,"key":"REST"},{"floor":35,"key":"REST"},{"floor":47,"key":"REST"}],"circlet_count":0,"master_deck":["champ:Strike","champ:Strike","champ:Defend","champ:Defend","champ:Execute","champ:Taunt+1","champ:BringItOn","champ:GutPunch","champ:FocusedBerserking+1","champ:ViciousMockery+1","champ:DefensiveStyle","champ:BerserkersShout","champ:AdrenalArmor","champ:CrookedStrike","champ:VampiricStrike","champ:DefensiveStyle","champ:Circumvent","Ghostly","Ghostly","Ghostly","Ghostly","Ghostly","champ:DeathBlow","champ:DefensiveStyle","champ:Lariat","champ:Backstep","champ:Lariat","champ:ShieldSigil+1","champ:EnchantCrown","champ:HeartStrike","expansioncontent:YouAreMine","champ:ShieldThrow","champ:ShieldSigil","champ:Backstep","champ:AdrenalArmor+1","champ:BerserkerStyle","champ:RecklessLeap"],"relics":["champ:ChampionCrown","Calipers","champ:DeflectingBracers","Odd Mushroom","Juzu Bracelet","Fusion Hammer","Pen Nib","Gremlin Horn","downfall:HeartBlessingRed","downfall:HeartBlessingGreen","Bronze Scales","downfall:GremlinWheel","Guardian:PocketSentry","Philosopher\u0027s Stone","Potion Belt","Boot","Happy Flower","Mummified Hand","Art of War","Omamori"],"acts_visited":["Exordium","TheCity","TheBeyond"],"potions_floor_usage":[16,16,40],"damage_taken":[{"damage":9.0,"enemies":"Jaw Worm","floor":2.0,"turns":3.0},{"damage":5.0,"enemies":"Cultist","floor":4.0,"turns":3.0},{"damage":16,"enemies":"downfall:FleeingMerchant","floor":5,"turns":4},{"damage":14,"enemies":"Small Slimes","floor":6,"turns":3},{"damage":46,"enemies":"The Mushroom Lair","floor":11,"turns":4},{"damage":36,"enemies":"3 Sentries","floor":14,"turns":5},{"damage":52,"enemies":"Gremlin Gang","floor":15,"turns":5},{"damage":31,"enemies":"downfall:Ironclad","floor":16,"turns":7},{"damage":47,"enemies":"3 Byrds","floor":19,"turns":5},{"damage":54,"enemies":"Spheric Guardian","floor":20,"turns":4},{"damage":8,"enemies":"Shelled Parasite and Fungi","floor":22,"turns":5},{"damage":67,"enemies":"Gremlin Leader","floor":23,"turns":9},{"damage":8,"enemies":"3 Cultists","floor":25,"turns":5},{"damage":14,"enemies":"downfall:FleeingMerchant","floor":27,"turns":4},{"damage":5,"enemies":"downfall:FleeingMerchant","floor":28,"turns":4},{"damage":8,"enemies":"Snake Plant","floor":29,"turns":3},{"damage":5,"enemies":"Snecko","floor":30,"turns":5},{"damage":14,"enemies":"Book of Stabbing","floor":31,"turns":5},{"damage":34,"enemies":"Chosen and Byrds","floor":32,"turns":5},{"damage":42,"enemies":"downfall:Watcher","floor":33,"turns":9},{"damage":27,"enemies":"3 Shapes","floor":36,"turns":4},{"damage":10,"enemies":"Orb Walker","floor":38,"turns":4},{"damage":33,"enemies":"Jaw Worm Horde","floor":39,"turns":6},{"damage":27,"enemies":"Reptomancer","floor":40,"turns":6},{"damage":27,"enemies":"Nemesis","floor":42,"turns":9},{"damage":39,"enemies":"Spire Growth","floor":43,"turns":4},{"damage":21,"enemies":"Reptomancer","floor":45,"turns":6},{"damage":9,"enemies":"downfall:FleeingMerchant","floor":46,"turns":4},{"damage":41,"enemies":"Nemesis","floor":48,"turns":7},{"damage":18,"enemies":"4 Shapes","floor":49,"turns":5},{"damage":47,"enemies":"downfall:Defect","floor":50,"turns":6}],"seed_played":"2832709072524878744","potions_obtained":[{"floor":4.0,"key":"Dexterity Potion"},{"floor":15,"key":"Dexterity Potion"},{"floor":22,"key":"SkillPotion"},{"floor":23,"key":"Fire Potion"},{"floor":25,"key":"FearPotion"},{"floor":45,"key":"Fire Potion"},{"floor":48,"key":"BlessingOfTheForge"},{"floor":49,"key":"SteroidPotion"}],"is_trial":false,"path_per_floor":["R","M","?","M","$","M","T","R","?","R","?","?","R","E","M","B",null,"R","M","M","?","M","E","T","M","R","$","?","M","M","E","M","B",null,"R","M","?","M","M","E","T","E","M","?","E","?","R","E","M","B",null],"character_chosen":"THE_CHAMP","items_purchased":["Bronze Scales","Mummified Hand","champ:BerserkerStyle"],"campfire_rested":4,"item_purchase_floors":[27,46,46],"current_hp_per_floor":[81,77,42,42,42,42,42,42,42,42,26,26,50,32,17,6,62,62,51,32,32,40,40,40,40,40,40,40,40,40,40,40,40,40,40,40,40,40,40,40,40,40,40,40,40,40,40,40,40,40],"gold":121,"neow_bonus":"ONE_RARE_RELIC","is_daily":false,"chose_seed":false,"campfire_upgraded":3,"win_rate":0.0,"timestamp":1608860568,"path_taken":["R","M","?","M","?","?","T","R","?","R","?","?","R","E","M","BOSS","R","M","M","?","M","E","T","M","R","$","?","M","M","E","M","BOSS","R","M","?","M","M","E","T","E","M","?","E","?","R","E","M","BOSS"],"items_purchased_type":["Relic","Relic","Card"],"build_version":"2020-12-22","purchased_purges":1,"victory":true,"max_hp_per_floor":[81,81,81,81,81,81,81,81,81,81,81,81,81,81,81,81,81,81,81,81,40,40,40,40,40,40,40,40,40,40,40,40,40,40,40,40,40,40,40,40,40,40,40,40,40,40,40,40,40,40],"card_choices":[{"not_picked":["champ:TornadoPunch","champ:CalledShot"],"picked":"champ:BringItOn","floor":2.0},{"not_picked":["champ:PreciseThrust","champ:BringItOn"],"picked":"champ:GutPunch","floor":4.0},{"not_picked":["champ:PerfectedStrike","champ:RapidStrikes"],"picked":"champ:FocusedBerserking","floor":5},{"not_picked":["champ:BladeFlurry","champ:GladiatorStyle"],"picked":"champ:ViciousMockery","floor":6},{"not_picked":["champ:PerfectedStrike","champ:SwordSigil"],"picked":"champ:DefensiveStyle","floor":11},{"not_picked":["champ:FocusedGladiator","champ:Aggression"],"picked":"champ:AdrenalArmor","floor":14},{"not_picked":["champ:GladiatorStyle","champ:BerserkersShout"],"picked":"champ:CrookedStrike","floor":15},{"not_picked":["champ:CheapShot","champ:PerfectForm"],"picked":"champ:VampiricStrike","floor":16},{"not_picked":["champ:GladiatorsShout+1","champ:SkillfulDodge+1"],"picked":"champ:DefensiveStyle","floor":19},{"not_picked":["champ:CalledShot","champ:RisingSlash+1"],"picked":"champ:Circumvent","floor":20},{"not_picked":["champ:GladiatorStyle","champ:BerserkersShout"],"picked":"champ:DeathBlow","floor":22},{"not_picked":["champ:ShieldSigil+1","champ:StrikeOfGenius"],"picked":"champ:DefensiveStyle","floor":23},{"not_picked":["champ:BerserkerStyle","champ:FanOfKnives"],"picked":"champ:Lariat","floor":25},{"not_picked":["champ:AdrenalArmor","champ:RageSigil+1"],"picked":"champ:Backstep","floor":27},{"not_picked":["champ:BladeFlurry","champ:DefensiveShout","champ:GladiatorsShout"],"picked":"SKIP","floor":29},{"not_picked":["champ:ViciousMockery","champ:CalledShot"],"picked":"champ:Lariat","floor":30},{"not_picked":["champ:BerserkersShout","champ:TornadoPunch","champ:DancingMaster"],"picked":"SKIP","floor":31},{"not_picked":["champ:PerfectedStrike","champ:DefensiveStyle"],"picked":"champ:ShieldSigil+1","floor":32},{"not_picked":["champ:PerfectForm","champ:HoldFirm"],"picked":"champ:EnchantCrown","floor":33},{"not_picked":["champ:DefensiveShout+1","champ:FalseCounter"],"picked":"champ:HeartStrike","floor":36},{"not_picked":["champ:FanOfKnives","champ:PerfectedStrike","champ:BladeFlurry+1"],"picked":"SKIP","floor":38},{"not_picked":["champ:StanceDance+1","champ:AdrenalArmor"],"picked":"champ:ShieldThrow","floor":39},{"not_picked":["champ:PerfectedStrike","champ:ViciousMockery"],"picked":"champ:ShieldSigil","floor":40},{"not_picked":["champ:Encircle","champ:TornadoPunch+1","champ:BladeFlurry+1"],"picked":"SKIP","floor":42},{"not_picked":["champ:FlashCut","champ:TornadoPunch"],"picked":"champ:Backstep","floor":43},{"not_picked":["champ:FalseCounter","champ:TornadoPunch"],"picked":"champ:AdrenalArmor+1","floor":45},{"not_picked":["champ:GladiatorsShout","champ:SteelEdge","champ:TornadoPunch"],"picked":"SKIP","floor":46},{"not_picked":["champ:GutPunch+1","champ:Haymaker","champ:Encircle+1"],"picked":"SKIP","floor":48},{"not_picked":["champ:BerserkersShout","champ:RageSigil+1"],"picked":"champ:RecklessLeap","floor":49}],"player_experience":1385317,"relics_obtained":[{"floor":7,"key":"champ:DeflectingBracers"},{"floor":11,"key":"Odd Mushroom"},{"floor":14,"key":"Juzu Bracelet"},{"floor":23,"key":"Pen Nib"},{"floor":24,"key":"Gremlin Horn"},{"floor":28,"key":"downfall:GremlinWheel"},{"floor":31,"key":"Guardian:PocketSentry"},{"floor":40,"key":"Potion Belt"},{"floor":42,"key":"Boot"},{"floor":45,"key":"Happy Flower"},{"floor":47,"key":"Art of War"},{"floor":48,"key":"Omamori"}],"event_choices":[{"cards_removed":["champ:Strike"],"damage_healed":0,"gold_gain":0,"player_choice":"Card Removal","damage_taken":0,"max_hp_gain":0,"max_hp_loss":0,"event_name":"The Cleric","floor":9,"gold_loss":0},{"damage_healed":0,"gold_gain":0,"player_choice":"Fought Mushrooms","damage_taken":0,"max_hp_gain":0,"max_hp_loss":0,"event_name":"Mushrooms","floor":11,"gold_loss":0},{"damage_healed":0,"gold_gain":0,"cards_transformed":["champ:Defend"],"player_choice":"Change","damage_taken":0,"max_hp_gain":0,"max_hp_loss":0,"event_name":"Living Wall","floor":12,"gold_loss":0,"cards_obtained":["champ:BerserkersShout"]},{"damage_healed":0,"gold_gain":0,"player_choice":"Became a Ghost","damage_taken":0,"max_hp_gain":0,"max_hp_loss":41,"event_name":"Ghosts","floor":21,"gold_loss":0,"cards_obtained":["Ghostly","Ghostly","Ghostly","Ghostly","Ghostly"]},{"cards_removed":["champ:Defend"],"damage_healed":0,"gold_gain":0,"player_choice":"Removed Skill","damage_taken":0,"max_hp_gain":0,"max_hp_loss":0,"event_name":"Falling","floor":44,"gold_loss":0},{"damage_healed":0,"gold_gain":0,"player_choice":"Relic","damage_taken":0,"max_hp_gain":0,"max_hp_loss":0,"event_name":"Wheel of Change","floor":47,"gold_loss":0}],"is_beta":false,"boss_relics":[{"not_picked":["Pandora\u0027s Box","Velvet Choker"],"picked":"Fusion Hammer"},{"not_picked":["Tiny House","Calling Bell"],"picked":"Philosopher\u0027s Stone"}],"items_purged_floors":[5],"is_endless":false,"potions_floor_spawned":[4,15,22,23,25,28,29,36,39,45,48,49],"ascension_level":5}}