{"host":"ssbj2e5691x5ub3h","time":1608904844,"event":{"mods":["BaseMod","Duelist Mod","Minty Spire (QoL Compilation)","StSLib"],"gold_per_floor":[138,152,162,173,173,173,191,165,165,210,210,239,579,604,604,700,700,739,739,1014,1029,1044,1106,1106,1139,1187,1187,1187,1202,1257,1271,1271,1406,1406,1432,1468,1487,1500,1500,1500,1542,1542,1565,1490,1517,1265,1297,1297,1297,1297],"floor_reached":51,"playtime":4098,"items_purged":["Injury","theDuelist:EvigishkiTetrogre"],"score":1033,"play_id":"bf92a08f-e0eb-4416-90d2-b21d58f0f1dc","local_time":"20201225120044","is_ascension_mode":true,"campfire_choices":[{"data":"theDuelist:EvigishkiGustkraken","floor":6,"key":"SMITH"},{"data":"theDuelist:LegendaryOcean","floor":11,"key":"SMITH"},{"data":"theDuelist:BlizzardThunderbird","floor":15,"key":"SMITH"},{"data":"theDuelist:Umi","floor":24,"key":"SMITH"},{"data":"theDuelist:Umi","floor":28,"key":"SMITH"},{"floor":32,"key":"REST"},{"data":"theDuelist:TorrentialReborn","floor":40,"key":"SMITH"},{"data":"theDuelist:AquaSnake","floor":42,"key":"SMITH"},{"data":"theDuelist:Umi","floor":49,"key":"SMITH"}],"circlet_count":0,"master_deck":["theDuelist:SevenColoredFish","theDuelist:SevenColoredFish","theDuelist:AquaSpirit","theDuelist:CastleWalls","theDuelist:CastleWalls","theDuelist:IslandTurtle","theDuelist:IslandTurtle","theDuelist:RevivalJam","theDuelist:Sparks","theDuelist:EvigishkiGustkraken+1","theDuelist:MermailAbyssalacia","theDuelist:BoulderTortoise","theDuelist:Hyosube","theDuelist:LegendaryOcean+1","theDuelist:BlizzardThunderbird+1","theDuelist:Dewdark","theDuelist:SwampFrog","theDuelist:TorrentialReborn+1","theDuelist:GishkiReliever","theDuelist:Umi+1","theDuelist:Umi+1","theDuelist:DewlorenTigerKing","theDuelist:AquaSnake+1","theDuelist:LegendaryOcean+1","theDuelist:Skystarray","theDuelist:Monokeros","theDuelist:GraydleAlligator+1","theDuelist:Skystarray","theDuelist:Umi+1","theDuelist:GraydleAlligator+1","theDuelist:Dewdark","theDuelist:Umi+1"],"relics":["theDuelist:MillenniumPuzzle","theDuelist:CardPoolRelic","theDuelist:CardPoolBasicRelic","theDuelist:BoosterPackPoolRelic","theDuelist:CardPoolAddRelic","theDuelist:CardPoolMinusRelic","theDuelist:CardPoolSaveRelic","theDuelist:CardPoolOptionsRelic","Ornamental Fan","theDuelist:KaibaToken","Old Coin","Sozu","Mummified Hand","Du-Vu Doll","Centennial Puzzle","Orichalcum","SlaversCollar","Lantern","theDuelist:DuelistTeaSet","Bag of Preparation","Regal Pillow"],"acts_visited":["Exordium","TheCity","TheBeyond"],"potions_floor_usage":[18],"damage_taken":[{"damage":0,"enemies":"Small Slimes","floor":1,"turns":4},{"damage":0,"enemies":"2 Louse","floor":2,"turns":2},{"damage":0,"enemies":"Jaw Worm","floor":3,"turns":3},{"damage":3,"enemies":"Red Slaver","floor":4,"turns":5},{"damage":8,"enemies":"Blue Slaver","floor":7,"turns":2},{"damage":7,"enemies":"Gremlin Nob","floor":10,"turns":4},{"damage":1,"enemies":"Gremlin Gang","floor":12,"turns":2},{"damage":2,"enemies":"3 Sentries","floor":13,"turns":5},{"damage":0,"enemies":"Red Slaver","floor":14,"turns":3},{"damage":2,"enemies":"Hexaghost","floor":16,"turns":9},{"damage":8,"enemies":"2 Thieves","floor":18,"turns":3},{"damage":8,"enemies":"Spheric Guardian","floor":21,"turns":5},{"damage":1,"enemies":"Snecko","floor":22,"turns":6},{"damage":4,"enemies":"theDuelist:KaibaA2","floor":23,"turns":5},{"damage":29,"enemies":"3 Cultists","floor":25,"turns":6},{"damage":0,"enemies":"Centurion and Healer","floor":29,"turns":6},{"damage":0,"enemies":"Book of Stabbing","floor":30,"turns":6},{"damage":0,"enemies":"Cultist and Chosen","floor":31,"turns":5},{"damage":4,"enemies":"Champ","floor":33,"turns":8},{"damage":0,"enemies":"Orb Walker","floor":35,"turns":2},{"damage":3,"enemies":"3 Darklings","floor":36,"turns":5},{"damage":7,"enemies":"Spire Growth","floor":37,"turns":4},{"damage":3,"enemies":"4 Shapes","floor":38,"turns":6},{"damage":1,"enemies":"Reptomancer","floor":41,"turns":4},{"damage":0,"enemies":"3 Darklings","floor":45,"turns":3},{"damage":0,"enemies":"Giant Head","floor":47,"turns":7},{"damage":44,"enemies":"Awakened One","floor":50,"turns":9}],"seed_played":"-6654513393945140651","potions_obtained":[{"floor":3,"key":"ColorlessPotion"},{"floor":13,"key":"Block Potion"},{"floor":14,"key":"Energy Potion"},{"floor":16,"key":"DuplicationPotion"}],"is_trial":false,"path_per_floor":["M","M","M","M","?","R","M","?","T","E","R","M","E","M","R","B",null,"M","?","?","M","M","E","R","M","T","?","R","M","E","M","R","B",null,"M","M","M","M","?","R","E","R","T","$","M","$","E","?","R","B",null],"character_chosen":"THE_DUELIST","items_purchased":["Bag of Preparation"],"campfire_rested":1,"item_purchase_floors":[46],"current_hp_per_floor":[88,88,88,85,78,78,70,70,70,63,63,62,60,60,60,58,81,73,73,73,65,64,60,60,31,31,31,31,31,31,31,57,53,79,79,76,69,66,66,66,65,65,65,65,65,65,65,65,65,21],"gold":1297,"neow_bonus":"TEN_PERCENT_HP_BONUS","is_daily":false,"chose_seed":false,"campfire_upgraded":8,"win_rate":0.0,"timestamp":1608904844,"path_taken":["M","M","M","M","?","R","M","?","T","E","R","M","E","M","R","BOSS","M","?","?","M","?","E","R","M","T","?","R","?","E","M","R","BOSS","M","M","M","?","?","R","E","R","T","$","?","?","E","?","R","BOSS"],"items_purchased_type":["Relic"],"build_version":"2020-12-22","purchased_purges":2,"victory":true,"max_hp_per_floor":[88,88,88,88,88,88,88,88,88,88,88,88,88,88,88,88,88,88,88,88,88,88,88,88,88,88,88,88,88,88,88,88,88,88,88,88,88,88,88,88,88,88,88,88,88,88,88,88,88,88],"card_choices":[{"not_picked":["theDuelist:GemKnightAmethyst","theDuelist:EvigishkiSoulOgre"],"picked":"theDuelist:EvigishkiGustkraken","floor":1},{"not_picked":["theDuelist:TorrentialReborn","theDuelist:SeaLordAmulet","theDuelist:EvigishkiSoulOgre","theDuelist:ColdEnchanter"],"picked":"theDuelist:MermailAbyssalacia","floor":2},{"not_picked":["theDuelist:GishkiBeast","theDuelist:GishkiAvance","theDuelist:Dewdark","theDuelist:GraydleDragon"],"picked":"theDuelist:BoulderTortoise","floor":3},{"not_picked":["theDuelist:ThunderSeaHorse","theDuelist:Dorover","theDuelist:CatShark","theDuelist:AmphibiousBugroth"],"picked":"theDuelist:Hyosube","floor":4},{"not_picked":["theDuelist:FishKicks","theDuelist:FishSwaps","theDuelist:WaterHazard","theDuelist:CallAtlanteans"],"picked":"theDuelist:LegendaryOcean","floor":7},{"not_picked":["theDuelist:SevenColoredFish","theDuelist:GraydleSlimeJr","theDuelist:FishSwaps","theDuelist:BoulderTortoise"],"picked":"theDuelist:BlizzardThunderbird","floor":10},{"not_picked":["theDuelist:EnchantingMermaid","theDuelist:GraydleDragon","theDuelist:CallAtlanteans","theDuelist:EagleShark"],"picked":"theDuelist:Dewdark","floor":12},{"not_picked":["theDuelist:OhFish","theDuelist:AquaSpirit","theDuelist:RevivalJam","theDuelist:AtlanteanHeavyInfantry"],"picked":"theDuelist:SwampFrog","floor":13},{"not_picked":["theDuelist:DepthShark","theDuelist:GraydleSlime","theDuelist:IslandTurtle","theDuelist:ColdWave"],"picked":"theDuelist:EvigishkiTetrogre","floor":14},{"not_picked":["theDuelist:SplashCapture","theDuelist:FishborgArcher","theDuelist:DewlorenTigerKing","theDuelist:ColdEnchanter"],"picked":"theDuelist:TorrentialReborn","floor":16},{"not_picked":["theDuelist:NightmarePenguin","theDuelist:CallAtlanteans","theDuelist:EvigishkiMindAugus","theDuelist:CyberShark+1"],"picked":"theDuelist:GishkiReliever","floor":18},{"not_picked":["theDuelist:DiamondDust","theDuelist:CallAtlanteans+1","theDuelist:LegendaryOcean","theDuelist:Wetlands"],"picked":"theDuelist:Umi","floor":21},{"not_picked":["theDuelist:LegendaryOcean","theDuelist:TorrentialReborn"],"picked":"theDuelist:Umi","floor":22},{"not_picked":["theDuelist:FishborgBlaster","theDuelist:FishDepthCharge"],"picked":"theDuelist:DewlorenTigerKing","floor":23},{"not_picked":["theDuelist:MermailAbyssalacia","theDuelist:DewlorenTigerKing","theDuelist:Cryomancer","theDuelist:LostBlueBreaker"],"picked":"theDuelist:AquaSnake","floor":25},{"not_picked":["theDuelist:TorrentialReborn","theDuelist:Umi"],"picked":"theDuelist:LegendaryOcean+1","floor":29},{"not_picked":["theDuelist:OldWhiteTurtle+1","theDuelist:AbyssDweller+1","theDuelist:AtlanteanAttackSquad","theDuelist:AbyssWarrior"],"picked":"theDuelist:Skystarray","floor":30},{"not_picked":["theDuelist:DepthShark+1","theDuelist:AbyssWarrior","theDuelist:SevenColoredFish","theDuelist:GishkiShadow","theDuelist:FuriousSeaKing"],"picked":"SKIP","floor":31},{"not_picked":["theDuelist:FishborgArcher","theDuelist:EvigishkiSoulOgre","theDuelist:DewlorenTigerKing","theDuelist:AquaactressArowana"],"picked":"theDuelist:Monokeros","floor":33},{"not_picked":["theDuelist:RageDeepSea","theDuelist:GishkiAvance","theDuelist:EnchantingMermaid+1","theDuelist:ToadallyAwesome"],"picked":"theDuelist:GraydleAlligator+1","floor":35},{"not_picked":["theDuelist:LeviairSeaDragon","theDuelist:IslandTurtle","theDuelist:EnchantingMermaid+1","theDuelist:SpearfishSoldier"],"picked":"theDuelist:Skystarray","floor":36},{"not_picked":["theDuelist:CatShark","theDuelist:BlizzardThunderbird","theDuelist:AbyssWarrior+1","theDuelist:ImperialCustom","theDuelist:FishborgDoctor"],"picked":"SKIP","floor":37},{"not_picked":["theDuelist:LegendaryOcean","theDuelist:TorrentialReborn+1","theDuelist:HeartUnderdog+1"],"picked":"theDuelist:Umi+1","floor":38},{"not_picked":["theDuelist:MermailAbyssalacia","theDuelist:DewlorenTigerKing","theDuelist:AquaSnake","theDuelist:Skystarray"],"picked":"theDuelist:GraydleAlligator+1","floor":41},{"not_picked":["theDuelist:RageDeepSea+1","theDuelist:ImperialCustom","theDuelist:FishSwaps+1","theDuelist:GraydleSlimeJr+1"],"picked":"theDuelist:Dewdark","floor":45},{"not_picked":["theDuelist:FishKicks","theDuelist:FishSwaps","theDuelist:LegendaryOcean+1","theDuelist:CallAtlanteans"],"picked":"theDuelist:Umi","floor":47}],"player_experience":212875,"relics_obtained":[{"floor":9,"key":"Ornamental Fan"},{"floor":10,"key":"theDuelist:KaibaToken"},{"floor":13,"key":"Old Coin"},{"floor":23,"key":"Du-Vu Doll"},{"floor":26,"key":"Centennial Puzzle"},{"floor":30,"key":"Orichalcum"},{"floor":41,"key":"Lantern"},{"floor":43,"key":"theDuelist:DuelistTeaSet"},{"floor":47,"key":"Regal Pillow"}],"event_choices":[{"cards_removed":["theDuelist:FairyGift"],"damage_healed":0,"gold_gain":0,"player_choice":"Card Removal","damage_taken":7,"max_hp_gain":0,"max_hp_loss":0,"event_name":"Golden Wing","floor":5,"gold_loss":0},{"damage_healed":0,"gold_gain":0,"player_choice":"Left Gold","damage_taken":0,"max_hp_gain":0,"max_hp_loss":0,"event_name":"World of Goop","floor":8,"gold_loss":26},{"damage_healed":0,"gold_gain":0,"player_choice":"Opened","damage_taken":0,"relics_obtained":["Mummified Hand"],"max_hp_gain":0,"max_hp_loss":0,"event_name":"The Mausoleum","floor":19,"gold_loss":0},{"damage_healed":0,"gold_gain":275,"player_choice":"Desecrate","damage_taken":0,"max_hp_gain":0,"max_hp_loss":0,"event_name":"Golden Shrine","floor":20,"gold_loss":0,"cards_obtained":["Regret"]},{"damage_healed":0,"gold_gain":0,"cards_transformed":["Regret"],"player_choice":"Transformed","damage_taken":0,"max_hp_gain":0,"max_hp_loss":0,"event_name":"Transmorgrifier","floor":27,"gold_loss":0,"cards_obtained":["Injury"]},{"cards_removed":["theDuelist:Sparks"],"damage_healed":0,"gold_gain":0,"player_choice":"Offered Basic","damage_taken":0,"max_hp_gain":0,"max_hp_loss":0,"event_name":"Bonfire Elementals","floor":39,"gold_loss":0},{"damage_healed":0,"gold_gain":0,"player_choice":"Leave","duelist":true,"damage_taken":0,"max_hp_gain":0,"max_hp_loss":0,"event_name":"Battle City","floor":48,"gold_loss":0}],"is_beta":false,"boss_relics":[{"not_picked":["Astrolabe","Black Star"],"picked":"Sozu"},{"not_picked":["Pandora\u0027s Box","Inserter"],"picked":"SlaversCollar"}],"items_purged_floors":[44,46],"is_endless":false,"potions_floor_spawned":[3,13,14,16,23,25,29,31,41,45,47],"ascension_level":5}}