{"host":"gk9qdtkqd8dwfeg2","time":1608879455,"event":{"mods":["Aspiration","BaseMod","Colored Powertips","Minty Spire (QoL Compilation)","Quick Restart","Replay The Spire","Shop Mod","StSLib","TestMod","The Servant 0.9.4","Waifu the Spire"],"gold_per_floor":[114,129,129,144,159,189,204,234,234,264,279,309,384,384,384,484,484,499,499,174,89,7,7,37,37,87,135,135,205,240,302,302,460,460,503,421,421,446,446,512,512,572,572,572,620,101,167,167,167,185],"floor_reached":51,"playtime":2938,"items_purged":[],"score":1663,"play_id":"37dea490-300b-4ca3-9c77-1c68eaf95774","local_time":"20201225145735","daily_mods":["Draft","Purple Cards","Elite Swarm"],"is_ascension_mode":false,"campfire_choices":[{"data":"Embodiment","floor":15.0,"key":"SMITH"},{"data":"Solidify","floor":23,"key":"SMITH"},{"data":"TheWorld","floor":25,"key":"SMITH"},{"data":"ForgedInTime","floor":32,"key":"SMITH"},{"data":"BestPractice","floor":41,"key":"SMITH"},{"floor":44,"key":"REST"},{"data":"Discovery","floor":49,"key":"SMITH"}],"circlet_count":0,"master_deck":["Starlight","Moondial","Moonlight","Defy","Comet+1","Rewind","SpecialFormula+1","BottledTime","MoonPhase","DancingSilver","Ricochet","SurpressingFire","Rearm","Spin","Reset","InstantArmor","FanOfKnives","Manipulate","Solidify+1","SpecialFormula+1","Embodiment+1","TheWorld+1","SilverBlades","SoulSculpture","FlawlessForm","DualDimension+1","Defy+1","Master of Strategy","Dilation+1","ForgedInTime+1","Luminosity","BestPractice+1","Solidify","Discovery+1","Survey Options"],"relics":["Uniform","testmod-TestBox","testmod-Alchemist","Pen Nib","Toy Ornithopter","testmod-InfectionSource","ReplayTheSpireMod:Ninjato","Counterbalance","Ring of the Snake","Black Star","MerchantsRug","Juzu Bracelet","Replay:Bandana","Akabeko","Anchor","aspiration:AnachronicSnailShell","Du-Vu Doll","Durian","Replay:Towering Pillar of Hats","aspiration:TrustyKnives","aspiration:FutureDiary","Bronze Scales","Kunai","Replay:Bottled Eggs","Blue Candle","testmod-LifeArmor","Gremlin Food","Happy Flower","Molten Egg 2","aspiration:KaomsHeart"],"acts_visited":["Exordium","TheCity","TheBeyond"],"potions_floor_usage":[24,31],"damage_taken":[{"damage":3.0,"enemies":"Small Slimes","floor":1.0,"turns":3.0},{"damage":0.0,"enemies":"Cultist","floor":2.0,"turns":3.0},{"damage":0.0,"enemies":"2 Louse","floor":4.0,"turns":2.0},{"damage":0.0,"enemies":"Large Slime","floor":5.0,"turns":4.0},{"damage":19.0,"enemies":"3 Sentries","floor":6.0,"turns":5.0},{"damage":0.0,"enemies":"Exordium Wildlife","floor":7.0,"turns":4.0},{"damage":0.0,"enemies":"Gremlin Nob","floor":8.0,"turns":3.0},{"damage":0.0,"enemies":"Replay:BlueRogue","floor":10.0,"turns":5.0},{"damage":4.0,"enemies":"Blue Slaver","floor":11.0,"turns":4.0},{"damage":9.0,"enemies":"Lagavulin","floor":12.0,"turns":5.0},{"damage":0.0,"enemies":"The Guardian","floor":16.0,"turns":6.0},{"damage":0,"enemies":"Spheric Guardian","floor":18,"turns":2},{"damage":0,"enemies":"Gremlin Leader","floor":24,"turns":6},{"damage":3,"enemies":"Slavers","floor":27,"turns":2},{"damage":0,"enemies":"Replay:Snechameleon","floor":29,"turns":4},{"damage":0,"enemies":"Chosen","floor":30,"turns":3},{"damage":0,"enemies":"Slavers","floor":31,"turns":4},{"damage":0,"enemies":"Pondfish","floor":33,"turns":7},{"damage":0,"enemies":"Orb Walker","floor":35,"turns":3},{"damage":0,"enemies":"R_Hoarder","floor":40,"turns":7},{"damage":0,"enemies":"Giant Head","floor":42,"turns":6},{"damage":0,"enemies":"Reptomancer","floor":45,"turns":5},{"damage":0,"enemies":"Giant Head","floor":47,"turns":5},{"damage":0,"enemies":"Donu and Deca","floor":50,"turns":8}],"seed_played":"-567031674859551473","potions_obtained":[{"floor":4.0,"key":"Energy Potion"},{"floor":5.0,"key":"Dexterity Potion"},{"floor":8.0,"key":"SpeedPotion"},{"floor":12.0,"key":"LiquidBronze"},{"floor":16.0,"key":"Adrenaline Potion"},{"floor":24,"key":"PowerPotion"},{"floor":30,"key":"Explosive Potion"},{"floor":33,"key":"Elixir"}],"is_trial":false,"path_per_floor":["M","M","?","M","M","E","M","E","T","E","M","E","?","?","R","B",null,"M","?","$","?","$","R","E","R","T","E","?","E","M","E","R","B",null,"M","$","?","T","?","E","R","E","T","R","E","$","E","?","R","B",null],"character_chosen":"THE_SERVANT","items_purchased":["MerchantsRug","Master of Strategy","Dilation+1","BestPractice","aspiration:KaomsHeart"],"campfire_rested":1,"item_purchase_floors":[20,20,22,36,46],"current_hp_per_floor":[65,65,59,64,65,46,51,61,61,65,65,56,45,45,45,55,65,65,57,57,57,57,57,65,65,65,62,62,70,70,70,70,70,70,70,70,66,66,60,66,66,66,66,66,66,166,166,156,156,166],"gold":185,"neow_bonus":"","is_daily":true,"chose_seed":false,"campfire_upgraded":6,"win_rate":0.0,"timestamp":1608879455,"path_taken":["M","M","?","M","?","E","M","E","T","E","M","E","?","?","R","BOSS","M","?","$","?","?","R","E","R","T","E","?","E","M","E","R","BOSS","M","$","?","?","?","E","R","E","T","R","E","$","E","?","R","BOSS"],"items_purchased_type":["Relic","Card","Card","Card","Relic"],"build_version":"2020-12-22","purchased_purges":0,"victory":true,"max_hp_per_floor":[65,65,65,65,65,65,65,65,65,65,65,65,65,65,65,65,65,65,65,65,65,65,65,65,65,65,65,65,70,70,70,70,70,70,70,70,66,66,66,66,66,66,66,66,66,166,166,166,166,166],"card_choices":[{"not_picked":["FastForward","Snipe"],"picked":"Starlight","floor":0.0},{"not_picked":["Rearm","ReturningBlade"],"picked":"Moondial","floor":0.0},{"not_picked":["Unruled","Advance"],"picked":"Moonlight","floor":0.0},{"not_picked":["Replace","FastForward"],"picked":"Defy","floor":0.0},{"not_picked":["Replace","Moondial"],"picked":"Comet","floor":0.0},{"not_picked":["DoubleEdge","Unruled"],"picked":"Rewind","floor":0.0},{"not_picked":["Unruled","FastForward"],"picked":"SpecialFormula","floor":0.0},{"not_picked":["Potential","Unruled"],"picked":"BottledTime","floor":0.0},{"not_picked":["Comet","Spin"],"picked":"MoonPhase","floor":0.0},{"not_picked":["Rewind","TimeWarp"],"picked":"DancingSilver","floor":0.0},{"not_picked":["Replace","ShatteredReality"],"picked":"Ricochet","floor":0.0},{"not_picked":["TimeTheft","Defy"],"picked":"SurpressingFire","floor":0.0},{"not_picked":["Rewind","Alleviate"],"picked":"Rearm","floor":0.0},{"not_picked":["Misdirection","Rewind"],"picked":"Spin","floor":0.0},{"not_picked":["Unruled","Starlight"],"picked":"Reset","floor":0.0},{"not_picked":["Deadline","Sabotage"],"picked":"InstantArmor","floor":1.0},{"not_picked":["TimeWarp","Rewind","Defy"],"picked":"SKIP","floor":2.0},{"not_picked":["DoubleEdge","ShatteredReality"],"picked":"FanOfKnives","floor":4.0},{"not_picked":["DoubleEdge","FastForward"],"picked":"Manipulate","floor":5.0},{"not_picked":["SoulSculpture","Dilation"],"picked":"Solidify","floor":6.0},{"not_picked":["Potential","Rewind"],"picked":"SpecialFormula","floor":7.0},{"not_picked":["Solidify","Sunlight"],"picked":"Embodiment","floor":8.0},{"not_picked":["SilverMatrix","TrueSight"],"picked":"TheWorld","floor":10.0},{"not_picked":["Potential","Spin"],"picked":"SilverBlades","floor":11.0},{"not_picked":["KillingDoll","LightFlow"],"picked":"SoulSculpture","floor":12.0},{"not_picked":["KillingDoll","SilverMatrix"],"picked":"FlawlessForm","floor":16.0},{"not_picked":["Advance","TimeWarp"],"picked":"DualDimension+1","floor":18},{"not_picked":["ShatteredReality+1","Ricochet+1"],"picked":"Defy+1","floor":19},{"not_picked":["Embodiment","TrueSight","LightFlow"],"picked":"SKIP","floor":24},{"not_picked":["PendulumOfEternity","Deny","Duplication"],"picked":"SKIP","floor":27},{"not_picked":["Initiator","Duplication"],"picked":"ForgedInTime","floor":29},{"not_picked":["GearUp","DoubleEdge+1"],"picked":"Luminosity","floor":30},{"not_picked":["FlawlessForm","Embodiment","Initiator"],"picked":"SKIP","floor":31},{"not_picked":["Ricochet+1","Foresight+1","Rearm+1"],"picked":"SKIP","floor":35},{"not_picked":["Duplication","Deny","SilverMatrix"],"picked":"SKIP","floor":40},{"not_picked":["TrueSight","SoulSculpture"],"picked":"Solidify","floor":42},{"not_picked":["Duplication","FlawlessForm","KillingDoll+1"],"picked":"SKIP","floor":45},{"not_picked":["Duplication","FloweringNight","TrueSight"],"picked":"SKIP","floor":47},{"not_picked":["Specialist","testmod-LimitFlipper"],"picked":"Discovery","floor":48},{"not_picked":["Specialist","Blind"],"picked":"Survey Options","floor":48}],"player_experience":551922,"relics_obtained":[{"floor":6.0,"key":"Pen Nib"},{"floor":8.0,"key":"Toy Ornithopter"},{"floor":9.0,"key":"testmod-InfectionSource"},{"floor":10.0,"key":"ReplayTheSpireMod:Ninjato"},{"floor":12.0,"key":"Counterbalance"},{"floor":19,"key":"PrismaticShard"},{"floor":24,"key":"Replay:Bandana"},{"floor":24,"key":"Akabeko"},{"floor":26,"key":"Anchor"},{"floor":27,"key":"aspiration:AnachronicSnailShell"},{"floor":27,"key":"Du-Vu Doll"},{"floor":29,"key":"Pet Ghost"},{"floor":29,"key":"Durian"},{"floor":31,"key":"Replay:Towering Pillar of Hats"},{"floor":31,"key":"aspiration:TrustyKnives"},{"floor":38,"key":"Bronze Scales"},{"floor":40,"key":"Kunai"},{"floor":40,"key":"Replay:Bottled Eggs"},{"floor":42,"key":"Blue Candle"},{"floor":42,"key":"testmod-LifeArmor"},{"floor":43,"key":"Gremlin Food"},{"floor":45,"key":"Happy Flower"},{"floor":45,"key":"Molten Egg 2"},{"floor":47,"key":"aspiration:KMNothing"},{"floor":47,"key":"aspiration:KMNothing"}],"event_choices":[{"damage_healed":0.0,"max_hp_gain":0.0,"max_hp_loss":0.0,"gold_gain":0.0,"event_name":"Wheel of Change","player_choice":"Damaged","floor":3.0,"gold_loss":0.0,"damage_taken":6.0},{"damage_healed":0.0,"max_hp_gain":0.0,"max_hp_loss":0.0,"gold_gain":75.0,"event_name":"World of Goop","player_choice":"Gather Gold","floor":13.0,"gold_loss":0.0,"damage_taken":11.0},{"damage_healed":0.0,"max_hp_gain":0.0,"max_hp_loss":0.0,"gold_gain":0.0,"event_name":"给自己的盒子","player_choice":"Swap Relic","floor":14.0,"relics_lost":["aspiration:Nostalgia"],"gold_loss":0.0,"damage_taken":0.0,"relics_obtained":["aspiration:Nostalgia"]},{"damage_healed":0,"gold_gain":0,"player_choice":"Obtained Relic","damage_taken":0,"relics_obtained":["Juzu Bracelet"],"max_hp_gain":0,"max_hp_loss":0,"event_name":"Addict","floor":21,"gold_loss":85},{"damage_healed":0,"gold_gain":0,"player_choice":"Ignored","damage_taken":0,"max_hp_gain":0,"max_hp_loss":0,"event_name":"Vampires","floor":28,"gold_loss":0},{"damage_healed":0,"gold_gain":0,"player_choice":"Max HP","damage_taken":0,"max_hp_gain":0,"max_hp_loss":4,"event_name":"Winding Halls","floor":37,"gold_loss":0},{"damage_healed":0,"gold_gain":0,"player_choice":"Damaged","damage_taken":6,"max_hp_gain":0,"max_hp_loss":0,"event_name":"Wheel of Change","floor":39,"gold_loss":0},{"damage_healed":0,"gold_gain":0,"player_choice":"Memory 3","damage_taken":10,"max_hp_gain":0,"max_hp_loss":0,"event_name":"SensoryStone","floor":48,"gold_loss":0}],"is_beta":false,"boss_relics":[{"not_picked":["Busted Crown","Empty Cage"],"picked":"Black Star"},{"not_picked":["aspiration:DefectSkillbook","Cursed Key"],"picked":"aspiration:FutureDiary"}],"items_purged_floors":[],"is_endless":false,"potions_floor_spawned":[4,5,8,12,16,24,27,30,33,45,47],"ascension_level":0}}