{"host":"od099uxc49ip1k8b","time":1608883657,"event":{"mods":["Act Like it!","BaseMod","Downfall","Gensokyo","Hermit","Highlight Path","Koishi","Marisa????????","Minty Spire (QoL Compilation)","Rare Cards Sparkle","Remilia??????","StSLib","Td1madao Mod","The Administrix","The Animator","The Cursed","The Gatherer","The Servant 0.9.4","The Wild Card","Waifu the Spire","WarShipGirlsR/????R mod","Yuyuko"],"gold_per_floor":[117,134,151,166,186,186,186,214,237,17,34,34,34,34,34,34,34],"floor_reached":16,"playtime":1571,"items_purged":[],"score":102,"play_id":"bf933488-9203-4097-8215-6aaff87ae9c2","local_time":"20201225030737","is_ascension_mode":false,"campfire_choices":[{"data":"rmod:guardianhero","floor":6,"key":"SMITH"},{"floor":13,"key":"REST"},{"data":"rmod:chargemoney","floor":15,"key":"SMITH"}],"circlet_count":0,"master_deck":["rmod:strick","rmod:strick","rmod:strick","rmod:strick","rmod:defend","rmod:defend","rmod:defend","rmod:defend","rmod:basicallowance","rmod:maingunfire+1","rmod:diamondstrike","rmod:stealaluminum","rmod:ring","rmod:intelligenceanalysis+1","rmod:guardianhero+1","rmod:intelligenceanalysis","rmod:acesubmarine","rmod:chargemoney+1","rmod:generalist","rmod:sl","theWildCard:Odin"],"relics":["rmod:firstchargereward","Unceasing Top","Whetstone"],"acts_visited":["Exordium"],"potions_floor_usage":[],"damage_taken":[{"damage":2,"enemies":"2 Louse","floor":1,"turns":4},{"damage":0,"enemies":"Jaw Worm","floor":2,"turns":3},{"damage":6,"enemies":"Cultist","floor":3,"turns":3},{"damage":1,"enemies":"2 Fungi Beasts","floor":4,"turns":4},{"damage":9,"enemies":"Lots of Slimes","floor":5,"turns":3},{"damage":15,"enemies":"3 Sentries","floor":8,"turns":7},{"damage":5,"enemies":"Blue Slaver","floor":11,"turns":4},{"damage":68,"enemies":"Slime Boss","floor":16,"turns":10}],"seed_played":"5253181010351080457","potions_obtained":[{"floor":2,"key":"GamblersBrew"},{"floor":3,"key":"champ:CounterPotion"},{"floor":4,"key":"BlessingOfTheForge"}],"is_trial":false,"path_per_floor":["M","M","M","M","M","R","?","E","T","$","M","?","R","?","R","B"],"character_chosen":"PRAEFECT","items_purchased":["rmod:acesubmarine","rmod:chargemoney","rmod:generalist"],"campfire_rested":1,"item_purchase_floors":[10,10,10],"current_hp_per_floor":[80,80,74,73,64,64,64,49,49,49,44,44,68,68,68,0,0],"gold":34,"neow_bonus":"TEN_PERCENT_HP_BONUS","is_daily":false,"chose_seed":false,"campfire_upgraded":2,"win_rate":0.0,"timestamp":1608883657,"path_taken":["M","M","M","M","M","R","?","E","T","?","M","?","R","?","R","BOSS"],"items_purchased_type":["Card","Card","Card"],"build_version":"2020-12-22","purchased_purges":0,"victory":false,"max_hp_per_floor":[82,82,82,82,82,82,82,82,82,82,82,82,82,82,82,82,82],"card_choices":[{"not_picked":["rmod:circuitoustactics","rmod:ammunitionsupply"],"picked":"rmod:diamondstrike","floor":1},{"not_picked":["rmod:bulid","rmod:circuitoustactics"],"picked":"rmod:stealaluminum","floor":2},{"not_picked":["rmod:tearstotiara","rmod:circuitoustactics"],"picked":"rmod:ring","floor":3},{"not_picked":["rmod:capitalist","rmod:supportescort"],"picked":"rmod:intelligenceanalysis","floor":4},{"not_picked":["rmod:maintain","rmod:goodsister"],"picked":"rmod:guardianhero","floor":5},{"not_picked":["rmod:bulid","rmod:smokecover"],"picked":"rmod:intelligenceanalysis","floor":8},{"not_picked":["rmod:intelligenceanalysis","rmod:diaomin"],"picked":"rmod:sl","floor":11}],"player_experience":58719,"relics_obtained":[{"floor":8,"key":"Unceasing Top"},{"floor":9,"key":"Whetstone"}],"event_choices":[{"damage_healed":0,"gold_gain":0,"player_choice":"Ignored","damage_taken":0,"max_hp_gain":0,"max_hp_loss":0,"event_name":"Golden Wing","floor":7,"gold_loss":0},{"damage_healed":0,"gold_gain":0,"player_choice":"Ignored","damage_taken":0,"max_hp_gain":0,"max_hp_loss":0,"event_name":"NoteForYourself","floor":14,"gold_loss":0}],"is_beta":false,"boss_relics":[],"items_purged_floors":[],"is_endless":false,"potions_floor_spawned":[2,3,4,5],"killed_by":"Slime Boss","ascension_level":0}}