{"host":"cjhtzh7tp54jdfyv","time":1608919560,"event":{"mods":["AchievementEnabler","BaseMod","Colored Map","Colored Powertips","Curses Come First","DeckTracker","Filter the Spire","Minty Spire (QoL Compilation)","RNG Fix","Relic Sorter","Relic Stats","StSLib","The Cursed","The Marked","Waifu the Spire","ojb\u0027s Better Paths Mod","ojb\u0027s Info Mod"],"gold_per_floor":[114,129,146,166,241,241,272,272,297,297,310,2,22,22,22,101,101,113,113,113,13,63,90,7,20,20,51,69,95,15,34,34,113,113,124,139,139,95,95,95],"floor_reached":39,"playtime":3834,"items_purged":["TheCursedMod:Strike_TheCursed","TheCursedMod:Strike_TheCursed+1"],"score":878,"play_id":"54c5eeb1-1d8d-441d-9b71-6114897da79c","local_time":"20201225130600","is_ascension_mode":true,"campfire_choices":[{"data":"TheCursedMod:CursedStaff","floor":6,"key":"SMITH"},{"floor":8,"key":"REST"},{"data":"TheCursedMod:SpitefulPlan","floor":15,"key":"SMITH"},{"data":"TheCursedMod:StingEye","floor":32,"key":"SMITH"}],"circlet_count":0,"master_deck":["AscendersBane","TheCursedMod:Defend_TheCursed","TheCursedMod:Defend_TheCursed","TheCursedMod:Defend_TheCursed","TheCursedMod:Defend_TheCursed","TheCursedMod:CursedWand+1","TheCursedMod:CleanUpWorkshop","TheCursedMod:Dregs","TheCursedMod:CursedShiv","TheCursedMod:Hemoplague","TheCursedMod:CursedStaff+1","TheCursedMod:StingEye+1","TheCursedMod:SpitefulPlan+1","TheCursedMod:SoulReap","TheCursedMod:SoulReap","TheCursedMod:Neurasthenia","TheCursedMod:ManaBullet","TheCursedMod:Stretching","Shame","TheCursedMod:DoubleShield+1","TheCursedMod:TroublousMinions+1","TheCursedMod:SmokeScreen+1","Regret","TheCursedMod:ManaBullet","TheCursedMod:StingEye+1","TheCursedMod:AshesToAshes+1","TheCursedMod:RapidMovement+1","TheCursedMod:Grudge+1","TheCursedMod:DemonicPact","TheCursedMod:Wield","TheCursedMod:Mangle+1","TheCursedMod:ReleasedStrength+1"],"relics":["SacredBark","Vajra","Whetstone","Orichalcum","Happy Flower","Cursed Key","Toy Ornithopter","Toxic Egg 2","HornCleat","Shuriken","Anchor","SlaversCollar"],"acts_visited":["Exordium","TheCity","TheBeyond"],"potions_floor_usage":[4,16,25,27,27,33],"damage_taken":[{"damage":4,"enemies":"2 Louse","floor":1,"turns":3},{"damage":4,"enemies":"Jaw Worm","floor":2,"turns":5},{"damage":7,"enemies":"Small Slimes","floor":3,"turns":4},{"damage":0,"enemies":"3 Louse","floor":4,"turns":1},{"damage":31,"enemies":"Gremlin Nob","floor":7,"turns":4},{"damage":12,"enemies":"Exordium Thugs","floor":11,"turns":4},{"damage":4,"enemies":"Red Slaver","floor":13,"turns":2},{"damage":6,"enemies":"Hexaghost","floor":16,"turns":9},{"damage":2,"enemies":"3 Byrds","floor":18,"turns":4},{"damage":10,"enemies":"Book of Stabbing","floor":23,"turns":5},{"damage":18,"enemies":"Shell Parasite","floor":25,"turns":4},{"damage":15,"enemies":"Gremlin Leader","floor":27,"turns":8},{"damage":31,"enemies":"3 Cultists","floor":28,"turns":5},{"damage":12,"enemies":"Book of Stabbing","floor":29,"turns":5},{"damage":29,"enemies":"Cultist and Chosen","floor":31,"turns":10},{"damage":36,"enemies":"Collector","floor":33,"turns":9},{"damage":57,"enemies":"3 Darklings","floor":35,"turns":19},{"damage":10,"enemies":"3 Shapes","floor":36,"turns":13},{"damage":52,"enemies":"Transient","floor":39,"turns":3}],"seed_played":"-4235649659431168594","potions_obtained":[{"floor":2,"key":"SteroidPotion"},{"floor":3,"key":"CultistPotion"},{"floor":7,"key":"Swift Potion"},{"floor":23,"key":"SkillPotion"},{"floor":25,"key":"TheCursedMod:DregsPotion"},{"floor":31,"key":"AttackPotion"},{"floor":36,"key":"SteroidPotion"}],"is_trial":false,"path_per_floor":["M","M","M","M","?","R","E","R","T","T","M","$","M","?","R","B",null,"M","?","?","$","?","E","$","M","T","E","M","E","$","M","R","B",null,"M","M","?","$","M"],"character_chosen":"THE_CURSED","items_purchased":["Happy Flower","TheCursedMod:SoulReap","TheCursedMod:TroublousMinions+1","TheCursedMod:RapidMovement+1","SteroidPotion","TheCursedMod:ReleasedStrength+1"],"campfire_rested":1,"item_purchase_floors":[12,12,24,30,30,38],"current_hp_per_floor":[60,56,49,49,38,38,7,28,28,28,16,16,18,11,11,36,62,66,66,66,66,59,61,61,53,53,60,40,42,42,25,25,8,55,22,24,24,24,0,0],"gold":95,"neow_bonus":"BOSS_RELIC","is_daily":false,"chose_seed":false,"campfire_upgraded":3,"win_rate":0.0,"timestamp":1608919560,"path_taken":["M","?","M","M","?","R","E","R","T","?","M","$","?","?","R","BOSS","M","?","?","$","?","E","$","M","T","E","M","E","?","M","R","BOSS","M","?","?","$","M"],"items_purchased_type":["Relic","Card","Card","Card","Potion","Card"],"build_version":"2020-12-22","purchased_purges":2,"victory":false,"max_hp_per_floor":[71,71,71,71,71,71,71,71,71,71,71,71,71,71,71,71,71,71,71,71,71,71,71,71,71,71,71,71,71,71,71,71,71,71,71,71,71,71,71,71],"relic_stats":{"Happy Flower":[32],"counters":[19,117],"Shuriken":[22],"Whetstone":["TheCursedMod:Strike_TheCursed","TheCursedMod:CursedWand"],"Orichalcum":[78],"Cursed Key":1,"obtain_stats":[{"TheCursedMod:BlackMagic101":0,"Happy Flower":12,"SacredBark":0,"Vajra":7,"Whetstone":9,"Orichalcum":10,"Cursed Key":17,"SlaversCollar":34,"Anchor":29,"HornCleat":26,"Shuriken":27,"Toxic Egg 2":23,"Toy Ornithopter":20},{"TheCursedMod:BlackMagic101":0,"Happy Flower":6,"SacredBark":0,"Vajra":5,"Whetstone":5,"Orichalcum":5,"Cursed Key":8,"SlaversCollar":16,"Anchor":14,"HornCleat":11,"Shuriken":12,"Toxic Egg 2":10,"Toy Ornithopter":9},{"TheCursedMod:BlackMagic101":0,"Happy Flower":21,"SacredBark":0,"Vajra":17,"Whetstone":17,"Orichalcum":17,"Cursed Key":32,"SlaversCollar":82,"Anchor":63,"HornCleat":45,"Shuriken":53,"Toxic Egg 2":41,"Toy Ornithopter":36}],"Toy Ornithopter":20},"card_choices":[{"not_picked":["TheCursedMod:SurpriseAttack","TheCursedMod:HellsGateOpen"],"picked":"TheCursedMod:CursedShiv","floor":1},{"not_picked":["TheCursedMod:RapidMovement","TheCursedMod:CircleOfFlame"],"picked":"TheCursedMod:Hemoplague","floor":2},{"not_picked":["TheCursedMod:Torture","TheCursedMod:FleshFromBone"],"picked":"TheCursedMod:CursedStaff","floor":3},{"not_picked":["TheCursedMod:CursedArmor","TheCursedMod:CursedAmulet"],"picked":"TheCursedMod:StingEye","floor":4},{"not_picked":["TheCursedMod:PrepareRite","TheCursedMod:SaltUponWound","TheCursedMod:CursedMace"],"picked":"SKIP","floor":7},{"not_picked":["TheCursedMod:SurpriseAttack","TheCursedMod:Obscuration"],"picked":"TheCursedMod:SpitefulPlan","floor":11},{"not_picked":["TheCursedMod:CursedAmulet","TheCursedMod:Stigma"],"picked":"TheCursedMod:SoulReap","floor":13},{"not_picked":["TheCursedMod:CollectTribute","TheCursedMod:DemonicPact"],"picked":"TheCursedMod:Neurasthenia","floor":16},{"not_picked":["TheCursedMod:SaltUponWound+1","TheCursedMod:SpitefulPlan+1"],"picked":"TheCursedMod:ManaBullet","floor":18},{"not_picked":["TheCursedMod:PrepareRite+1","TheCursedMod:HellsGateOpen"],"picked":"TheCursedMod:DoubleShield+1","floor":23},{"not_picked":["TheCursedMod:BlessingInDisguise+1","TheCursedMod:CircleOfFlame+1"],"picked":"TheCursedMod:SmokeScreen+1","floor":25},{"not_picked":["TheCursedMod:AntiAging+1","TheCursedMod:HellfireBreathing"],"picked":"TheCursedMod:ManaBullet","floor":27},{"not_picked":["TheCursedMod:HellsGateOpen","TheCursedMod:SurpriseAttack"],"picked":"TheCursedMod:StingEye+1","floor":28},{"not_picked":["TheCursedMod:HellsGateOpen","TheCursedMod:SoulCrush"],"picked":"TheCursedMod:AshesToAshes+1","floor":29},{"not_picked":["TheCursedMod:CircleOfFlame+1","TheCursedMod:CursedAmulet+1"],"picked":"TheCursedMod:Grudge+1","floor":31},{"not_picked":["TheCursedMod:CursedRelics","TheCursedMod:Neurasthenia+1"],"picked":"TheCursedMod:DemonicPact","floor":33},{"not_picked":["TheCursedMod:SoulCrush","TheCursedMod:CursedArmor+1"],"picked":"TheCursedMod:Wield","floor":35},{"not_picked":["TheCursedMod:CursedAmulet+1","TheCursedMod:FuryStrike+1"],"picked":"TheCursedMod:Mangle+1","floor":36}],"player_experience":4410847,"relics_obtained":[{"floor":7,"key":"Vajra"},{"floor":9,"key":"Whetstone"},{"floor":10,"key":"Orichalcum"},{"floor":23,"key":"Toxic Egg 2"},{"floor":26,"key":"HornCleat"},{"floor":27,"key":"Shuriken"},{"floor":29,"key":"Anchor"}],"event_choices":[{"damage_healed":0,"gold_gain":75,"player_choice":"Gather Gold","damage_taken":11,"max_hp_gain":0,"max_hp_loss":0,"event_name":"World of Goop","floor":5,"gold_loss":0},{"cards_removed":["TheCursedMod:Strike_TheCursed"],"damage_healed":0,"gold_gain":0,"player_choice":"Card Removal","damage_taken":7,"max_hp_gain":0,"max_hp_loss":0,"event_name":"Golden Wing","floor":14,"gold_loss":0},{"damage_healed":0,"gold_gain":0,"cards_transformed":["TheCursedMod:Strike_TheCursed"],"player_choice":"Transformed","damage_taken":0,"max_hp_gain":0,"max_hp_loss":0,"event_name":"Transmorgrifier","floor":19,"gold_loss":0,"cards_obtained":["TheCursedMod:Stretching"]},{"damage_healed":0,"gold_gain":0,"player_choice":"Stole Relic","damage_taken":0,"relics_obtained":["Toy Ornithopter"],"max_hp_gain":0,"max_hp_loss":0,"event_name":"Addict","floor":20,"gold_loss":0,"cards_obtained":["Shame"]},{"damage_healed":0,"gold_gain":50,"player_choice":"Touch","damage_taken":7,"max_hp_gain":0,"max_hp_loss":0,"event_name":"FaceTrader","floor":22,"gold_loss":0},{"damage_healed":0,"gold_gain":0,"player_choice":"Ignored","damage_taken":0,"max_hp_gain":0,"max_hp_loss":0,"event_name":"The Moai Head","floor":37,"gold_loss":0}],"is_beta":false,"boss_relics":[{"not_picked":["Runic Dome","TheCursedMod:FourLeafCloverCharm"],"picked":"Cursed Key"},{"not_picked":["Fusion Hammer","Runic Pyramid"],"picked":"SlaversCollar"}],"items_purged_floors":[12,21],"is_endless":false,"potions_floor_spawned":[2,3,7,11,23,25,31,36],"killed_by":"Transient","ascension_level":20}}