{"host":"5mo0809oo9tcrmpl","time":1608917313,"event":{"mods":["BaseMod","Highlight Path","Minty Spire (QoL Compilation)","Relic Stats","Slay the Relics Exporter"],"gold_per_floor":[17,33,52,70,35,35,61,73,141,141,157,169,199,211,211,290,290,300,300,320,245,280,308,308,337,337,364,388,432,444,467,479,567,579,601,626,638,872,884,896,896],"floor_reached":40,"playtime":2500,"items_purged":["Strike_G"],"score":945,"play_id":"492d7443-a4e5-495f-88df-d7ce842394b5","local_time":"20201225112833","is_ascension_mode":true,"campfire_choices":[{"data":"Glass Knife","floor":6.0,"key":"SMITH"},{"data":"Bouncing Flask","floor":10.0,"key":"SMITH"},{"data":"Neutralize","floor":15.0,"key":"SMITH"},{"data":"Noxious Fumes","floor":24.0,"key":"SMITH"},{"floor":30.0,"key":"REST"},{"floor":32.0,"key":"REST"}],"circlet_count":0,"master_deck":["AscendersBane","Strike_G","Strike_G","Strike_G","Defend_G","Defend_G","Defend_G","Defend_G","Defend_G","Survivor","Neutralize+1","Glass Knife+1","Bouncing Flask+1","Flying Knee","Backflip","Leg Sweep","Adrenaline","Blade Dance","Predator","Adrenaline","Backflip","Skewer","Noxious Fumes+1","Deadly Poison","Dodge and Roll","Corpse Explosion","After Image","Deflect"],"relics":["Ring of the Serpent","Calipers","Paper Crane","CaptainsWheel","Sozu","Centennial Puzzle","Red Mask","Molten Egg 2","Bag of Preparation","MawBank","Vajra"],"acts_visited":["Exordium","TheCity","TheBeyond"],"potions_floor_usage":[40],"damage_taken":[{"damage":0.0,"enemies":"Small Slimes","floor":1.0,"turns":3.0},{"damage":0.0,"enemies":"2 Louse","floor":2.0,"turns":2.0},{"damage":1.0,"enemies":"Cultist","floor":3.0,"turns":3.0},{"damage":9.0,"enemies":"Blue Slaver","floor":4.0,"turns":4.0},{"damage":2.0,"enemies":"Lagavulin","floor":7.0,"turns":5.0},{"damage":4.0,"enemies":"3 Louse","floor":8.0,"turns":4.0},{"damage":0.0,"enemies":"Exordium Wildlife","floor":11.0,"turns":3.0},{"damage":0.0,"enemies":"Large Slime","floor":12.0,"turns":7.0},{"damage":13.0,"enemies":"3 Sentries","floor":13.0,"turns":7.0},{"damage":0.0,"enemies":"Exordium Thugs","floor":14.0,"turns":4.0},{"damage":8.0,"enemies":"Hexaghost","floor":16.0,"turns":8.0},{"damage":5.0,"enemies":"Shell Parasite","floor":18.0,"turns":5.0},{"damage":0.0,"enemies":"Spheric Guardian","floor":20.0,"turns":4.0},{"damage":10.0,"enemies":"Masked Bandits","floor":22.0,"turns":4.0},{"damage":6.0,"enemies":"Book of Stabbing","floor":23.0,"turns":5.0},{"damage":2.0,"enemies":"Gremlin Leader","floor":25.0,"turns":6.0},{"damage":0.0,"enemies":"Centurion and Healer","floor":27.0,"turns":6.0},{"damage":0.0,"enemies":"Snecko","floor":28.0,"turns":5.0},{"damage":18.0,"enemies":"Slavers","floor":29.0,"turns":6.0},{"damage":0.0,"enemies":"Snake Plant","floor":31.0,"turns":4.0},{"damage":44.0,"enemies":"Champ","floor":33.0,"turns":12.0},{"damage":1.0,"enemies":"3 Shapes","floor":35.0,"turns":3.0},{"damage":0.0,"enemies":"Orb Walker","floor":36.0,"turns":3.0},{"damage":52,"enemies":"Giant Head","floor":40,"turns":9}],"seed_played":"-915250594586580937","potions_obtained":[{"floor":2.0,"key":"LiquidBronze"},{"floor":3.0,"key":"Energy Potion"},{"floor":8.0,"key":"ColorlessPotion"}],"is_trial":false,"path_per_floor":["M","M","M","M","?","R","E","M","T","R","M","M","E","M","R","B",null,"M","?","M","$","?","E","R","E","T","M","M","E","R","M","R","B",null,"M","M","?","?","?","E"],"character_chosen":"THE_SILENT","items_purchased":[],"campfire_rested":2,"item_purchase_floors":[],"current_hp_per_floor":[59,59,58,49,65,65,63,59,59,59,59,59,46,46,46,38,59,54,54,54,54,44,38,38,36,36,36,36,18,37,37,56,12,53,52,52,52,52,52,0,0],"gold":896,"neow_bonus":"THREE_RARE_CARDS","is_daily":false,"chose_seed":false,"campfire_upgraded":4,"win_rate":0.0,"timestamp":1608917313,"path_taken":["M","M","M","M","?","R","E","M","T","R","M","M","E","M","R","BOSS","M","?","?","$","?","E","R","E","T","M","M","E","R","M","R","BOSS","M","M","?","?","?","E"],"items_purchased_type":[],"build_version":"2020-12-22","purchased_purges":1,"victory":false,"max_hp_per_floor":[66,66,66,66,66,66,66,66,66,66,66,66,66,66,66,66,66,66,66,66,66,66,66,66,66,66,66,66,66,66,66,66,66,66,66,66,66,66,63,63,63],"relic_stats":{"Sozu":6,"Centennial Puzzle":[21],"counters":[24,122],"Bag of Preparation":[16],"MawBank":168,"obtain_stats":[{"Sozu":17,"CaptainsWheel":13,"Centennial Puzzle":19,"Calipers":7,"Vajra":29,"Molten Egg 2":23,"Red Mask":22,"Bag of Preparation":25,"Paper Crane":9,"MawBank":26,"Ring of the Serpent":34,"Ring of the Snake":0},{"Sozu":11,"CaptainsWheel":9,"Centennial Puzzle":12,"Calipers":5,"Vajra":19,"Molten Egg 2":15,"Red Mask":14,"Bag of Preparation":16,"Paper Crane":6,"MawBank":16,"Ring of the Serpent":21,"Ring of the Snake":0},{"Sozu":50,"CaptainsWheel":38,"Centennial Puzzle":55,"Calipers":17,"Vajra":91,"Molten Egg 2":68,"Red Mask":63,"Bag of Preparation":74,"Paper Crane":21,"MawBank":74,"Ring of the Serpent":107,"Ring of the Snake":0}]},"card_choices":[{"not_picked":["Corpse Explosion","Unload"],"picked":"Glass Knife","floor":0.0},{"not_picked":["Prepared","Deflect"],"picked":"Sucker Punch","floor":1.0},{"not_picked":["Catalyst","Backflip"],"picked":"Bouncing Flask","floor":2.0},{"not_picked":["Prepared","Outmaneuver"],"picked":"Flying Knee","floor":3.0},{"not_picked":["Eviscerate","Prepared"],"picked":"Backflip","floor":4.0},{"not_picked":["Flechettes","Outmaneuver","Dagger Throw"],"picked":"SKIP","floor":7.0},{"not_picked":["Endless Agony","Underhanded Strike"],"picked":"Leg Sweep","floor":8.0},{"not_picked":["Cloak And Dagger","Deflect"],"picked":"Adrenaline","floor":11.0},{"not_picked":["Dodge and Roll","Prepared"],"picked":"Blade Dance","floor":12.0},{"not_picked":["Dagger Throw","Cloak And Dagger"],"picked":"Predator","floor":13.0},{"not_picked":["Dagger Throw","Bane","Tactician"],"picked":"SKIP","floor":14.0},{"not_picked":["Night Terror","Die Die Die"],"picked":"Adrenaline","floor":16.0},{"not_picked":["Dagger Throw+1","Outmaneuver","Slice"],"picked":"SKIP","floor":18.0},{"not_picked":["Sucker Punch","Quick Slash"],"picked":"Backflip","floor":20.0},{"not_picked":["Bane","Acrobatics"],"picked":"Skewer","floor":22.0},{"not_picked":["Quick Slash+1","Bouncing Flask+1"],"picked":"Noxious Fumes","floor":23.0},{"not_picked":["Dagger Spray+1","Outmaneuver"],"picked":"Deadly Poison","floor":25.0},{"not_picked":["Terror","Outmaneuver","Deadly Poison"],"picked":"SKIP","floor":27.0},{"not_picked":["Prepared","Infinite Blades"],"picked":"Dodge and Roll","floor":28.0},{"not_picked":["Poisoned Stab+1","Flying Knee+1","Sucker Punch+1"],"picked":"SKIP","floor":29.0},{"not_picked":["Underhanded Strike+1","Blade Dance"],"picked":"Corpse Explosion","floor":31.0},{"not_picked":["Bullet Time","Adrenaline"],"picked":"After Image","floor":33.0},{"not_picked":["Masterful Stab+1","Slice+1"],"picked":"Deflect","floor":35.0},{"not_picked":["Outmaneuver","Underhanded Strike+1","Blade Dance"],"picked":"SKIP","floor":36.0}],"player_experience":1204442,"relics_obtained":[{"floor":7.0,"key":"Calipers"},{"floor":9.0,"key":"Paper Crane"},{"floor":13.0,"key":"CaptainsWheel"},{"floor":22.0,"key":"Red Mask"},{"floor":23.0,"key":"Molten Egg 2"},{"floor":25.0,"key":"Bag of Preparation"},{"floor":26.0,"key":"MawBank"},{"floor":29.0,"key":"Vajra"}],"event_choices":[{"damage_healed":16.0,"max_hp_gain":0.0,"max_hp_loss":0.0,"gold_gain":0.0,"event_name":"The Cleric","player_choice":"Healed","floor":5.0,"gold_loss":35.0,"damage_taken":0.0},{"cards_removed":["Sucker Punch"],"damage_healed":0.0,"max_hp_gain":0.0,"max_hp_loss":0.0,"gold_gain":0.0,"event_name":"WeMeetAgain","player_choice":"Gave Card","floor":19.0,"gold_loss":0.0,"damage_taken":0.0,"relics_obtained":["Centennial Puzzle"]},{"damage_healed":0.0,"max_hp_gain":0.0,"max_hp_loss":0.0,"gold_gain":0.0,"event_name":"Masked Bandits","player_choice":"Fought Bandits","floor":22.0,"gold_loss":0.0,"damage_taken":0.0},{"cards_removed":["Strike_G"],"damage_healed":0.0,"max_hp_gain":0.0,"max_hp_loss":0.0,"gold_gain":0.0,"event_name":"Falling","player_choice":"Removed Attack","floor":37.0,"gold_loss":0.0,"damage_taken":0.0},{"damage_healed":0.0,"max_hp_gain":0.0,"max_hp_loss":0.0,"gold_gain":222.0,"event_name":"Tomb of Lord Red Mask","player_choice":"Wore Mask","floor":38.0,"gold_loss":0.0,"damage_taken":0.0},{"damage_healed":0.0,"max_hp_gain":0.0,"max_hp_loss":3.0,"gold_gain":0.0,"event_name":"Winding Halls","player_choice":"Max HP","floor":39.0,"gold_loss":0.0,"damage_taken":0.0}],"is_beta":false,"boss_relics":[{"not_picked":["Busted Crown","Velvet Choker"],"picked":"Sozu"},{"not_picked":["WristBlade","Snecko Eye"],"picked":"Ring of the Serpent"}],"items_purged_floors":[21],"is_endless":false,"potions_floor_spawned":[2,3,8,20,22,27,28,29,35],"killed_by":"Giant Head","ascension_level":20}}