{"host":"6ld56ls1xbe0aj21","time":1608880366,"event":{"mods":["AchievementEnabler","BaseMod","Colored Powertips","Minty Spire (QoL Compilation)","Quick Restart","Rare Cards Sparkle","StSLib","SuperFastMode","everything is the same but u backflip on backflip","slay the spire mod where everything is the same but ironclad has a cowboy hat"],"gold_per_floor":[110,35,35,35,47,74,74,89,89,89,103,3,31,49,49,150,150,163,163,180,192,211,241,241,276,276,295,295,295],"floor_reached":28,"playtime":880,"items_purged":["Accuracy","Deflect"],"score":384,"play_id":"7c9e3403-14f3-4c04-94cf-cb6d37d90044","local_time":"20201225181246","is_ascension_mode":true,"campfire_choices":[{"data":"Skewer","floor":7.0,"key":"SMITH"},{"data":"Neutralize","floor":10.0,"key":"SMITH"},{"data":"Catalyst","floor":15.0,"key":"SMITH"}],"circlet_count":0,"master_deck":["Survivor","Neutralize+1","Slice","Poisoned Stab","Slice","Skewer+1","Bouncing Flask","Bouncing Flask","Backstab","Deadly Poison","Catalyst+1","Deadly Poison","Catalyst","Corpse Explosion","Glass Knife","Calculated Gamble","Backflip+1","Adrenaline","Bane"],"relics":["Pandora\u0027s Box","HornCleat","Toy Ornithopter","Bottled Lightning","Runic Pyramid","Orichalcum","Ginger","StrikeDummy"],"acts_visited":["Exordium","TheCity"],"potions_floor_usage":[],"damage_taken":[{"damage":0.0,"enemies":"Cultist","floor":1.0,"turns":3.0},{"damage":0.0,"enemies":"Small Slimes","floor":5.0,"turns":2.0},{"damage":0.0,"enemies":"Gremlin Nob","floor":6.0,"turns":3.0},{"damage":0.0,"enemies":"2 Louse","floor":8.0,"turns":1.0},{"damage":0.0,"enemies":"Exordium Thugs","floor":11.0,"turns":3.0},{"damage":21.0,"enemies":"3 Sentries","floor":13.0,"turns":6.0},{"damage":5.0,"enemies":"Gremlin Gang","floor":14.0,"turns":3.0},{"damage":9.0,"enemies":"Hexaghost","floor":16.0,"turns":4.0},{"damage":13.0,"enemies":"2 Thieves","floor":18.0,"turns":2.0},{"damage":0.0,"enemies":"3 Byrds","floor":20.0,"turns":1.0},{"damage":11.0,"enemies":"Snecko","floor":21.0,"turns":4.0},{"damage":0.0,"enemies":"3 Cultists","floor":22.0,"turns":3.0},{"damage":31.0,"enemies":"Gremlin Leader","floor":23.0,"turns":4.0},{"damage":21.0,"enemies":"Book of Stabbing","floor":25.0,"turns":3.0},{"damage":4.0,"enemies":"Sentry and Sphere","floor":27.0,"turns":3.0},{"damage":0,"enemies":"Gremlin Leader","floor":28,"turns":1}],"seed_played":"-1655554968893424004","potions_obtained":[{"floor":1.0,"key":"DuplicationPotion"},{"floor":6.0,"key":"Swift Potion"},{"floor":11.0,"key":"ColorlessPotion"},{"floor":16.0,"key":"DuplicationPotion"},{"floor":18.0,"key":"Ancient Potion"},{"floor":22.0,"key":"Strength Potion"}],"is_trial":false,"path_per_floor":["M","$","?","?","M","E","R","M","T","R","M","$","E","M","R","B",null,"M","?","M","M","M","E","?","E","T","M","E"],"character_chosen":"THE_SILENT","items_purchased":[],"campfire_rested":0,"item_purchase_floors":[],"current_hp_per_floor":[70,70,67,80,80,80,80,80,80,80,80,80,59,54,54,45,80,67,67,77,66,66,35,35,14,14,10,10,10],"gold":295,"neow_bonus":"BOSS_RELIC","is_daily":false,"chose_seed":false,"campfire_upgraded":3,"win_rate":0.0,"timestamp":1608880366,"path_taken":["M","?","?","?","?","E","R","M","T","R","M","$","E","M","R","BOSS","M","?","?","?","M","E","?","E","T","M","E"],"items_purchased_type":[],"build_version":"2020-12-22","purchased_purges":2,"victory":false,"max_hp_per_floor":[70,70,70,80,80,80,80,80,80,80,80,80,80,80,80,80,80,80,80,80,80,80,80,80,80,80,80,80,80],"card_choices":[{"not_picked":["Acrobatics","Distraction"],"picked":"Bouncing Flask","floor":1.0},{"not_picked":["Cloak And Dagger","Footwork"],"picked":"Backstab","floor":5.0},{"not_picked":["Skewer","Infinite Blades","Dagger Throw"],"picked":"SKIP","floor":6.0},{"not_picked":["Dagger Spray","Underhanded Strike"],"picked":"Deadly Poison","floor":8.0},{"not_picked":["Dagger Throw","Quick Slash"],"picked":"Catalyst","floor":11.0},{"not_picked":["Terror","Leg Sweep"],"picked":"Deadly Poison","floor":13.0},{"not_picked":["Backflip","Blade Dance"],"picked":"Catalyst","floor":14.0},{"not_picked":["Glass Knife","Unload"],"picked":"Corpse Explosion","floor":16.0},{"not_picked":["All Out Attack","Infinite Blades","Eviscerate+1"],"picked":"SKIP","floor":18.0},{"not_picked":["Deadly Poison","Endless Agony"],"picked":"Calculated Gamble","floor":20.0},{"not_picked":["Underhanded Strike","Slice+1"],"picked":"Backflip+1","floor":21.0},{"not_picked":["Flying Knee+1","Setup+1","Expertise+1"],"picked":"SKIP","floor":22.0},{"not_picked":["Prepared","Riddle With Holes+1","Setup"],"picked":"SKIP","floor":23.0},{"not_picked":["Cloak And Dagger+1","Terror"],"picked":"Adrenaline","floor":25.0},{"not_picked":["Dagger Throw","All Out Attack"],"picked":"Bane","floor":27.0}],"player_experience":247300,"relics_obtained":[{"floor":6.0,"key":"Toy Ornithopter"},{"floor":13.0,"key":"Bottled Lightning"},{"floor":23.0,"key":"Orichalcum"},{"floor":25.0,"key":"Ginger"},{"floor":26.0,"key":"StrikeDummy"}],"event_choices":[{"damage_healed":0.0,"max_hp_gain":0.0,"max_hp_loss":0.0,"gold_gain":0.0,"event_name":"Scrap Ooze","player_choice":"Success","floor":3.0,"gold_loss":0.0,"damage_taken":3.0,"relics_obtained":["HornCleat"]},{"cards_removed":["Phantasmal Killer"],"damage_healed":3.0,"max_hp_gain":10.0,"max_hp_loss":0.0,"gold_gain":0.0,"event_name":"Bonfire Elementals","player_choice":"Offered Rare","floor":4.0,"gold_loss":0.0,"damage_taken":0.0},{"damage_healed":0.0,"max_hp_gain":0.0,"max_hp_loss":0.0,"gold_gain":0.0,"cards_transformed":["Blur"],"event_name":"Transmorgrifier","player_choice":"Transformed","floor":19.0,"gold_loss":0.0,"damage_taken":0.0,"cards_obtained":["Glass Knife"]},{"cards_removed":["Blur"],"damage_healed":0.0,"max_hp_gain":0.0,"max_hp_loss":0.0,"gold_gain":0.0,"event_name":"Purifier","player_choice":"Purged","floor":24.0,"gold_loss":0.0,"damage_taken":0.0}],"is_beta":false,"boss_relics":[{"not_picked":["SlaversCollar","Astrolabe"],"picked":"Runic Pyramid"}],"items_purged_floors":[2,12],"is_endless":false,"potions_floor_spawned":[1,6,11,16,18,22],"killed_by":"Gremlin Leader","ascension_level":4}}