{"host":"yvb207ks1sg3cxef","time":1608918766,"event":{"mods":["2.2 Compatiblity","BaseMod","Bestiary","Colored Powertips","Minty Spire (QoL Compilation)","Permanent Neow","Quick Restart","Relic Stats","StSLib"],"gold_per_floor":[112,131,148,43,56,56,88,88,140,152,187,187,213,223,223,294,294,304,229,246,72,72,100,100,100,100,135,151,151,161,174,174,252,252,271,283,283,32,48,48,76,76,103,115,152,211,223,235,247,259,271,283,32,61,61],"floor_reached":56,"playtime":5570,"items_purged":["Strike_G","Strike_G","Strike_G"],"score":1995,"play_id":"4f8f70b6-746a-4dff-a8bb-9b8c3b73957f","local_time":"20201225232246","is_ascension_mode":true,"campfire_choices":[{"data":"Crippling Poison","floor":6.0,"key":"SMITH"},{"data":"Leg Sweep","floor":12.0,"key":"SMITH"},{"floor":15.0,"key":"REST"},{"floor":24.0,"key":"REST"},{"data":"Bullet Time","floor":32.0,"key":"SMITH"},{"data":"Ghostly","floor":40.0,"key":"SMITH"},{"data":"Ghostly","floor":42.0,"key":"SMITH"},{"data":"Ghostly","floor":44.0,"key":"SMITH"},{"floor":49,"key":"RECALL"},{"data":"Caltrops","floor":52,"key":"SMITH"}],"circlet_count":0,"master_deck":["AscendersBane","Defend_G","Defend_G","Defend_G","Defend_G","Survivor","Neutralize","Flying Knee","Crippling Poison+1","Footwork+1","Dodge and Roll","Underhanded Strike","Leg Sweep+1","Masterful Stab","Well Laid Plans","Bullet Time+1","Dagger Spray","Quick Slash","RitualDagger","Dodge and Roll","Ghostly+1","Ghostly+1","Ghostly+1","Acrobatics+1","Backflip+1","Deadly Poison+1","Escape Plan+1","Burst+1","Blur+1","Caltrops+1","Predator","Deflect+1","Backflip+1","PiercingWail+1","Crippling Poison+1","Dark Shackles+1","Deflect+1","Caltrops"],"relics":["Ring of the Serpent","White Beast Statue","Omamori","The Courier","Strange Spoon","Bag of Preparation","Toxic Egg 2","Happy Flower","Runic Pyramid","OrangePellets","Vajra","MawBank","Ice Cream","Calipers","Snake Skull"],"acts_visited":["TheCity","TheBeyond","TheEnding"],"potions_floor_usage":[46,53,54,55],"damage_taken":[{"damage":0.0,"enemies":"Jaw Worm","floor":1.0,"turns":7.0},{"damage":2.0,"enemies":"Small Slimes","floor":2.0,"turns":4.0},{"damage":0.0,"enemies":"2 Louse","floor":3.0,"turns":3.0},{"damage":0.0,"enemies":"2 Fungi Beasts","floor":5.0,"turns":3.0},{"damage":1.0,"enemies":"Lagavulin","floor":7.0,"turns":9.0},{"damage":0.0,"enemies":"Exordium Thugs","floor":10.0,"turns":5.0},{"damage":14.0,"enemies":"3 Sentries","floor":11.0,"turns":13.0},{"damage":17.0,"enemies":"Gremlin Nob","floor":13.0,"turns":5.0},{"damage":0.0,"enemies":"Blue Slaver","floor":14.0,"turns":4.0},{"damage":10.0,"enemies":"Slime Boss","floor":16.0,"turns":17.0},{"damage":7.0,"enemies":"Spheric Guardian","floor":18.0,"turns":7.0},{"damage":4.0,"enemies":"Chosen","floor":20.0,"turns":7.0},{"damage":32.0,"enemies":"Book of Stabbing","floor":23.0,"turns":9.0},{"damage":5.0,"enemies":"Slavers","floor":27.0,"turns":12.0},{"damage":0.0,"enemies":"3 Cultists","floor":28.0,"turns":8.0},{"damage":3.0,"enemies":"Sentry and Sphere","floor":30.0,"turns":10.0},{"damage":0.0,"enemies":"Chosen and Byrds","floor":31.0,"turns":5.0},{"damage":27.0,"enemies":"Collector","floor":33.0,"turns":14.0},{"damage":0.0,"enemies":"3 Shapes","floor":35.0,"turns":6.0},{"damage":0.0,"enemies":"3 Darklings","floor":36.0,"turns":7.0},{"damage":3.0,"enemies":"Writhing Mass","floor":39.0,"turns":10.0},{"damage":3.0,"enemies":"Nemesis","floor":41.0,"turns":13.0},{"damage":3.0,"enemies":"Mind Bloom Boss Battle","floor":45.0,"turns":8.0},{"damage":0,"enemies":"2 Orb Walkers","floor":46,"turns":8},{"damage":0,"enemies":"Awakened One","floor":50,"turns":30},{"damage":0,"enemies":"Shield and Spear","floor":54,"turns":10},{"damage":22,"enemies":"The Heart","floor":55,"turns":14}],"seed_played":"-5904237199733775670","potions_obtained":[{"floor":1.0,"key":"BlessingOfTheForge"},{"floor":2.0,"key":"Ancient Potion"},{"floor":10.0,"key":"SkillPotion"},{"floor":11.0,"key":"FearPotion"},{"floor":13.0,"key":"Dexterity Potion"},{"floor":16.0,"key":"LiquidMemories"},{"floor":23.0,"key":"DistilledChaos"},{"floor":27.0,"key":"Strength Potion"},{"floor":28.0,"key":"FairyPotion"},{"floor":31.0,"key":"Fire Potion"},{"floor":33.0,"key":"Swift Potion"},{"floor":35.0,"key":"Strength Potion"},{"floor":36.0,"key":"GhostInAJar"},{"floor":39.0,"key":"LiquidBronze"},{"floor":45.0,"key":"Regen Potion"},{"floor":46,"key":"Explosive Potion"},{"floor":54,"key":"CunningPotion"}],"is_trial":false,"path_per_floor":["M","M","M","$","M","R","E","?","T","M","E","R","E","M","R","B",null,"M","?","M","$","?","E","R","?","T","E","M","?","M","M","R","B",null,"M","M","?","$","M","R","E","R","T","R","?","?","$","?","R","B",null,"R","$","E","B",null],"character_chosen":"THE_SILENT","items_purchased":["Footwork","Dodge and Roll","Strange Spoon","OrangePellets","Predator","Fruit Juice","Block Potion","Deflect+1"],"campfire_rested":2,"item_purchase_floors":[4,4,21,38,38,53,53,53],"current_hp_per_floor":[44,42,42,42,42,42,41,41,41,41,27,27,10,10,29,19,54,47,47,43,43,37,5,24,24,24,19,19,19,16,16,16,9,27,27,27,27,27,24,24,21,21,21,21,18,31,31,31,31,31,31,31,36,36,14],"gold":61,"neow_bonus":"REMOVE_TWO","is_daily":false,"chose_seed":false,"campfire_upgraded":7,"win_rate":0.0,"timestamp":1608918766,"path_taken":["M","M","M","$","M","R","E","?","T","M","E","R","E","M","R","BOSS","M","?","M","$","?","E","R","?","T","E","M","?","M","M","R","BOSS","M","M","?","$","M","R","E","R","T","R","?","?","?","?","R","BOSS","R","$","E","BOSS"],"items_purchased_type":["Card","Card","Relic","Relic","Card","Potion","Potion","Card"],"build_version":"2020-12-22","purchased_purges":3,"victory":true,"max_hp_per_floor":[66,66,66,66,66,66,66,66,66,66,66,66,66,66,66,66,66,66,66,66,66,66,66,66,33,33,33,33,33,33,33,33,33,33,33,33,31,31,31,31,31,31,31,31,31,31,31,31,31,31,31,31,36,36,36],"relic_stats":{"Strange Spoon":[61],"OrangePellets":[5],"Happy Flower":[47],"counters":[27,248],"Snake Skull":[6],"Bag of Preparation":[28],"MawBank":120,"obtain_stats":[{"Ice Cream":45,"Calipers":46,"Happy Flower":27,"Vajra":41,"The Courier":13,"Snake Skull":54,"Omamori":11,"Bag of Preparation":23,"MawBank":43,"White Beast Statue":7,"Strange Spoon":21,"OrangePellets":38,"Toxic Egg 2":26,"Ring of the Serpent":17,"Ring of the Snake":0,"Runic Pyramid":34},{"Ice Cream":23,"Calipers":24,"Happy Flower":14,"Vajra":22,"The Courier":8,"Snake Skull":26,"Omamori":7,"Bag of Preparation":13,"MawBank":22,"White Beast Statue":5,"Strange Spoon":12,"OrangePellets":20,"Toxic Egg 2":13,"Ring of the Serpent":10,"Ring of the Snake":0,"Runic Pyramid":18},{"Ice Cream":186,"Calipers":194,"Happy Flower":105,"Vajra":178,"The Courier":49,"Snake Skull":234,"Omamori":44,"Bag of Preparation":93,"MawBank":178,"White Beast Statue":26,"Strange Spoon":84,"OrangePellets":155,"Toxic Egg 2":93,"Ring of the Serpent":70,"Ring of the Snake":0,"Runic Pyramid":142}]},"card_choices":[{"not_picked":["Endless Agony","Underhanded Strike"],"picked":"Flying Knee","floor":1.0},{"not_picked":["Outmaneuver","Finisher"],"picked":"Crippling Poison","floor":2.0},{"not_picked":["Sucker Punch","Outmaneuver","Tactician"],"picked":"SKIP","floor":3.0},{"not_picked":["Sucker Punch","Outmaneuver","Tactician"],"picked":"SKIP","floor":3.0},{"not_picked":["Cloak And Dagger","Blade Dance"],"picked":"Underhanded Strike","floor":5.0},{"not_picked":["Reflex","Calculated Gamble"],"picked":"Leg Sweep","floor":7.0},{"not_picked":["Terror","Outmaneuver","Storm of Steel"],"picked":"SKIP","floor":10.0},{"not_picked":["Underhanded Strike","Prepared"],"picked":"Masterful Stab","floor":11.0},{"not_picked":["Distraction","Sucker Punch","Concentrate"],"picked":"SKIP","floor":13.0},{"not_picked":["Acrobatics","Quick Slash"],"picked":"Well Laid Plans","floor":14.0},{"not_picked":["Night Terror","Corpse Explosion"],"picked":"Bullet Time","floor":16.0},{"not_picked":["Slice","Bane"],"picked":"Dagger Spray","floor":18.0},{"not_picked":["Masterful Stab","Flying Knee"],"picked":"Quick Slash","floor":20.0},{"not_picked":["Prepared","Deflect+1"],"picked":"Dodge and Roll","floor":23.0},{"not_picked":["Blade Dance+1","Grand Finale"],"picked":"Acrobatics+1","floor":27.0},{"not_picked":["Blade Dance+1","Dodge and Roll+1"],"picked":"Backflip+1","floor":28.0},{"not_picked":["Dagger Throw","Finisher"],"picked":"Deadly Poison+1","floor":30.0},{"not_picked":["Dagger Spray","Deflect+1"],"picked":"Escape Plan+1","floor":31.0},{"not_picked":["Venomology+1","Grand Finale"],"picked":"Burst+1","floor":33.0},{"not_picked":["Predator","Underhanded Strike"],"picked":"Blur+1","floor":35.0},{"not_picked":["Flechettes","Sucker Punch"],"picked":"Caltrops","floor":36.0},{"not_picked":["Acrobatics+1","Well Laid Plans+1"],"picked":"Deflect+1","floor":39.0},{"not_picked":["Blade Dance+1","Outmaneuver+1"],"picked":"Backflip+1","floor":41.0},{"not_picked":["Cloak And Dagger+1","Slice"],"picked":"PiercingWail+1","floor":45.0},{"not_picked":["Envenom","Prepared+1"],"picked":"Crippling Poison+1","floor":46},{"not_picked":["Trip+1","Discovery+1"],"picked":"Dark Shackles+1","floor":48},{"not_picked":["Quick Slash+1","Dagger Spray+1"],"picked":"Caltrops","floor":54}],"player_experience":201121,"relics_obtained":[{"floor":7.0,"key":"White Beast Statue"},{"floor":11.0,"key":"Omamori"},{"floor":13.0,"key":"The Courier"},{"floor":23.0,"key":"Bag of Preparation"},{"floor":26.0,"key":"Toxic Egg 2"},{"floor":27.0,"key":"Happy Flower"},{"floor":41.0,"key":"Vajra"},{"floor":43.0,"key":"MawBank"},{"floor":45.0,"key":"Ice Cream"},{"floor":46,"key":"Calipers"},{"floor":54,"key":"Snake Skull"}],"event_choices":[{"damage_healed":0.0,"max_hp_gain":0.0,"max_hp_loss":0.0,"gold_gain":0.0,"event_name":"Living Wall","player_choice":"Grow","floor":8.0,"gold_loss":0.0,"damage_taken":0.0,"cards_upgraded":["Footwork"]},{"cards_removed":["Strike_G"],"damage_healed":0.0,"max_hp_gain":0.0,"max_hp_loss":0.0,"gold_gain":0.0,"event_name":"Beggar","player_choice":"Gave Gold","floor":19.0,"gold_loss":75.0,"damage_taken":0.0},{"damage_healed":0.0,"max_hp_gain":0.0,"max_hp_loss":0.0,"gold_gain":0.0,"event_name":"Nest","player_choice":"Joined the Cult","floor":22.0,"gold_loss":0.0,"damage_taken":6.0,"cards_obtained":["RitualDagger"]},{"damage_healed":0.0,"max_hp_gain":0.0,"max_hp_loss":33.0,"gold_gain":0.0,"event_name":"Ghosts","player_choice":"Became a Ghost","floor":25.0,"gold_loss":0.0,"damage_taken":0.0,"cards_obtained":["Ghostly","Ghostly","Ghostly"]},{"damage_healed":0.0,"max_hp_gain":0.0,"max_hp_loss":0.0,"gold_gain":0.0,"event_name":"Vampires","player_choice":"Ignored","floor":29.0,"gold_loss":0.0,"damage_taken":0.0},{"damage_healed":0.0,"max_hp_gain":0.0,"max_hp_loss":2.0,"gold_gain":0.0,"event_name":"Winding Halls","player_choice":"Max HP","floor":37.0,"gold_loss":0.0,"damage_taken":0.0},{"damage_healed":0.0,"max_hp_gain":0.0,"max_hp_loss":0.0,"gold_gain":0.0,"event_name":"MindBloom","player_choice":"Fight","floor":45.0,"gold_loss":0.0,"damage_taken":0.0},{"damage_healed":0,"gold_gain":0,"player_choice":"Fight","damage_taken":0,"max_hp_gain":0,"max_hp_loss":0,"event_name":"Mysterious Sphere","floor":46,"gold_loss":0},{"damage_healed":0,"gold_gain":0,"player_choice":"Memory 1","damage_taken":0,"max_hp_gain":0,"max_hp_loss":0,"event_name":"SensoryStone","floor":48,"gold_loss":0}],"is_beta":false,"boss_relics":[{"not_picked":["Black Star","Tiny House"],"picked":"Ring of the Serpent"},{"not_picked":["Busted Crown","Empty Cage"],"picked":"Runic Pyramid"}],"items_purged_floors":[21,38,53],"is_endless":false,"potions_floor_spawned":[1,2,10,11,13,14,16,18,20,23,27,28,30,31,33,35,36,39,41,45,46,54],"ascension_level":15}}