{"host":"ssbj2e5691x5ub3h","time":1608919127,"event":{"mods":["BaseMod","Duelist Mod","Minty Spire (QoL Compilation)","StSLib"],"gold_per_floor":[816,827,837,850,862,862,937,937,960,960,990,1029,1069,837,837,960,960,993,993,1031,1031,1031,1575,1245,1305,1329,1396,803,837,837,837],"floor_reached":30,"playtime":1270,"items_purged":["theDuelist:Sparks","theDuelist:Sparks"],"score":381,"play_id":"66805b5c-1762-4faa-9317-6053d9ac6cf0","local_time":"20201225155847","is_ascension_mode":true,"campfire_choices":[{"data":"theDuelist:NaturiaMarron","floor":6,"key":"SMITH"},{"floor":8,"key":"REST"},{"floor":15,"key":"REST"}],"circlet_count":0,"master_deck":["theDuelist:CastleWalls","theDuelist:CastleWalls","theDuelist:CastleWalls","theDuelist:NaturiaBeast","theDuelist:NaturiaCliff","theDuelist:NaturiaRock","theDuelist:NaturiaTulip","theDuelist:Sparks","theDuelist:LonefireBlossom","theDuelist:NaturiaMarron+1","theDuelist:NaturiaBeans","theDuelist:SurvivalInstinct","theDuelist:Nameless:Greed:MagnumShield","theDuelist:NaturiaRagweed","theDuelist:NaturiaHorneedle","theDuelist:LonefireBlossom","theDuelist:Nameless:Greed:MagnumShield+1","theDuelist:ConvulsionNature","theDuelist:NaturiaMosquito+1","theDuelist:NaturiaMarron","theDuelist:NaturiaRagweed"],"relics":["theDuelist:MillenniumPuzzle","theDuelist:CardPoolRelic","theDuelist:CardPoolBasicRelic","theDuelist:BoosterPackPoolRelic","theDuelist:CardPoolAddRelic","theDuelist:CardPoolMinusRelic","theDuelist:CardPoolSaveRelic","theDuelist:CardPoolOptionsRelic","Strawberry","Tiny Chest","Boot","Philosopher\u0027s Stone","MutagenicStrength","Letter Opener","Omamori","Bronze Scales","theDuelist:MetronomeRelicB","Lantern","Frozen Egg 2","theDuelist:SpellMaxHPRelic"],"acts_visited":["Exordium","TheCity"],"potions_floor_usage":[16,23,25],"damage_taken":[{"damage":6,"enemies":"Cultist","floor":1,"turns":4},{"damage":2,"enemies":"2 Louse","floor":2,"turns":2},{"damage":0,"enemies":"Small Slimes","floor":3,"turns":3},{"damage":0,"enemies":"2 Fungi Beasts","floor":4,"turns":3},{"damage":12,"enemies":"Large Slime","floor":5,"turns":4},{"damage":0,"enemies":"Red Slaver","floor":11,"turns":4},{"damage":20,"enemies":"Gremlin Gang","floor":12,"turns":3},{"damage":0,"enemies":"Large Slime","floor":13,"turns":3},{"damage":10,"enemies":"The Guardian","floor":16,"turns":9},{"damage":16,"enemies":"2 Thieves","floor":18,"turns":4},{"damage":2,"enemies":"Shell Parasite","floor":20,"turns":4},{"damage":23,"enemies":"Gremlin Leader","floor":23,"turns":5},{"damage":2,"enemies":"Shelled Parasite and Fungi","floor":25,"turns":3},{"damage":20,"enemies":"Slavers","floor":27,"turns":3},{"damage":13,"enemies":"Snecko","floor":29,"turns":5},{"damage":9,"enemies":"Chosen and Byrds","floor":30,"turns":1}],"seed_played":"4911679446210761649","potions_obtained":[{"floor":3,"key":"Strength Potion"},{"floor":5,"key":"Strength Potion"},{"floor":13,"key":"SmokeBomb"},{"floor":16,"key":"theDuelist:WhiteBottle"},{"floor":23,"key":"Swift Potion"},{"floor":29,"key":"theDuelist:SolderPotionB"}],"is_trial":false,"path_per_floor":["M","M","M","M","M","R","?","R","T","?","M","M","M","$","R","B",null,"M","?","M","?","T","E","$","M","T","E","$","M","M"],"character_chosen":"THE_DUELIST","items_purchased":["Boot","Bronze Scales","theDuelist:ConvulsionNature","Frozen Egg 2","theDuelist:SpellMaxHPRelic","theDuelist:NaturiaMarron"],"campfire_rested":2,"item_purchase_floors":[14,24,24,28,28,28],"current_hp_per_floor":[73,71,71,71,59,59,48,74,74,74,74,54,54,54,80,70,83,67,67,65,65,65,42,42,40,40,20,20,7,0,0],"gold":837,"neow_bonus":"RANDOM_COMMON_RELIC","is_daily":false,"chose_seed":false,"campfire_upgraded":1,"win_rate":0.0,"timestamp":1608919127,"path_taken":["M","M","M","M","?","R","?","R","T","?","M","M","M","$","R","BOSS","M","?","M","?","?","E","$","?","T","E","$","M","M"],"items_purchased_type":["Relic","Relic","Card","Relic","Relic","Card"],"build_version":"2020-12-22","purchased_purges":2,"victory":false,"max_hp_per_floor":[87,87,87,87,87,87,87,87,87,87,87,87,87,87,87,87,87,87,87,87,87,87,87,87,87,87,87,87,87,87,87],"card_choices":[{"not_picked":["theDuelist:NaturiaHydrangea","theDuelist:NaturiaDragonfly","theDuelist:NaturiaAntjaw","theDuelist:NaturiaMantis"],"picked":"theDuelist:LonefireBlossom","floor":1},{"not_picked":["theDuelist:NaturiaEggplant","theDuelist:NaturiaDragonfly","theDuelist:NaturiaTulip","theDuelist:Anteater"],"picked":"theDuelist:NaturiaMarron","floor":2},{"not_picked":["theDuelist:CopyPlant","theDuelist:NaturiaSunflower","theDuelist:BarkionBark","theDuelist:MillenniumScorpion"],"picked":"theDuelist:NaturiaBeans","floor":3},{"not_picked":["theDuelist:FuryFire","theDuelist:VenomShot","theDuelist:FrozenRose","theDuelist:AfterGenocide","theDuelist:SeedSacredTree"],"picked":"SKIP","floor":4},{"not_picked":["theDuelist:NaturiaStrawberry","theDuelist:BarkionBark","theDuelist:NaturiaStagBeetle","theDuelist:ExterioFang"],"picked":"theDuelist:SurvivalInstinct","floor":5},{"not_picked":["theDuelist:NaturiaHydrangea","theDuelist:NaturiaSunflower","theDuelist:NaturiaAntjaw","theDuelist:NaturiaLandoise"],"picked":"theDuelist:NaturiaRagweed","floor":11},{"not_picked":["theDuelist:NaturiaHydrangea","theDuelist:NaturiaEggplant","theDuelist:NaturiaDragonfly","theDuelist:NaturiaCliff","theDuelist:NaturiaBambooShoot"],"picked":"SKIP","floor":12},{"not_picked":["theDuelist:NaturiaHydrangea","theDuelist:NaturiaEggplant","theDuelist:NaturiaDragonfly","theDuelist:NaturiaCliff","theDuelist:NaturiaExterio"],"picked":"SKIP","floor":13},{"not_picked":["theDuelist:SeismicShockwave","theDuelist:NaturiaVein","theDuelist:ClosedForest","theDuelist:Canyon"],"picked":"theDuelist:NaturiaHorneedle","floor":16},{"not_picked":["theDuelist:NaturiaCliff","theDuelist:NaturiaSunflower","theDuelist:SummoningSwarm","theDuelist:NaturiaMarron"],"picked":"theDuelist:LonefireBlossom","floor":18},{"not_picked":["theDuelist:Nameless:Greed:MagnumShield","theDuelist:SurvivalInstinct"],"picked":"theDuelist:GiftCard","floor":20},{"not_picked":["theDuelist:GiftCard","theDuelist:SurvivalInstinct"],"picked":"theDuelist:Nameless:Greed:MagnumShield+1","floor":23},{"not_picked":["theDuelist:NaturiaBeetle+1","theDuelist:NaturiaStrawberry+1"],"picked":"theDuelist:NaturiaMosquito+1","floor":25},{"not_picked":["theDuelist:NaturiaHydrangea","theDuelist:NaturiaEggplant","theDuelist:NaturiaDragonfly","theDuelist:NaturiaCliff","theDuelist:NaturiaBeetle+1"],"picked":"SKIP","floor":27},{"not_picked":["theDuelist:NaturiaHydrangea+1","theDuelist:NaturiaCliff","theDuelist:NaturiaRosewhip","theDuelist:BrainCrusher"],"picked":"theDuelist:NaturiaRagweed","floor":29}],"player_experience":221043,"relics_obtained":[{"floor":9,"key":"Tiny Chest"},{"floor":22,"key":"Letter Opener"},{"floor":23,"key":"Omamori"},{"floor":26,"key":"theDuelist:MetronomeRelicB"},{"floor":27,"key":"Lantern"}],"event_choices":[{"damage_healed":0,"gold_gain":75,"player_choice":"Gather Gold","damage_taken":11,"max_hp_gain":0,"max_hp_loss":0,"event_name":"World of Goop","floor":7,"gold_loss":0},{"total_magic_score":58,"gold_gain":0,"greed_reward":4,"duelist":true,"damage_taken":0,"relics_obtained":[],"points":15,"max_hp_gain":0,"max_hp_loss":0,"spent_points":{"magic":0,"greed":4,"war":0,"power":0,"hunger":0},"event_name":"Nameless Tomb","floor":10,"gold_loss":0,"cards_obtained":["theDuelist:Nameless:Greed:MagnumShield"]},{"damage_healed":0,"gold_gain":0,"player_choice":"Inject Mutagens","damage_taken":0,"relics_obtained":["MutagenicStrength"],"max_hp_gain":0,"max_hp_loss":0,"event_name":"Drug Dealer","floor":19,"gold_loss":0},{"damage_healed":0,"gold_gain":0,"player_choice":"Ignored","damage_taken":0,"max_hp_gain":0,"max_hp_loss":0,"event_name":"Ghosts","floor":21,"gold_loss":0}],"is_beta":false,"boss_relics":[{"not_picked":["Velvet Choker","Runic Cube"],"picked":"Philosopher\u0027s Stone"}],"items_purged_floors":[14,24],"is_endless":false,"potions_floor_spawned":[3,5,13,16,20,23,29],"killed_by":"Chosen and Byrds","ascension_level":7}}