{"host":"ocy7z4248lncoz2b","time":1608858094,"event":{"mods":["BaseMod","Beaked The Cultist","Bestiary","Better Match","Better Sensory Stone","Better Third Choice","BetterRewards","Clockwork Mod","Colored Map","Colored Powertips","Conspire","Curses Come First","Downfall","Friendly Minions","Gremlin Mod","Highlight Path","Hubris","Infinite Spire","Jorbs\u0027s Wanderer Trilogy","Marisa????????","Mimic Mod","Minty Spire (QoL Compilation)","READ ME - Guardian Mod","Rare Cards Sparkle","Replay The Spire","Shop Mod","Spicy Shops","Spikes Relics","StSLib","SuperFastMode","The Administrix","The Blue Laboratory","The Construct","The Jungle","The Servant 0.9.4","The Wild Card","WarShipGirlsR/????R mod"],"gold_per_floor":[99,116,16,34,34,34,61,61,61,61,61,87,104,104,122,122,122],"floor_reached":16,"playtime":491,"items_purged":[],"score":98,"play_id":"25bf4164-cbc0-45ba-b2aa-177a353b12d0","local_time":"20201225100134","is_ascension_mode":false,"campfire_choices":[{"data":"construct:SpinDrive","floor":1,"key":"SMITH"},{"data":"construct:Backup","floor":6,"key":"SMITH"},{"data":"construct:Backup+1","floor":11,"key":"SMITH"}],"circlet_count":0,"master_deck":["construct:Strike_Gold","construct:Strike_Gold","construct:Strike_Gold","construct:Strike_Gold","construct:Defend_Gold","construct:Defend_Gold","construct:Defend_Gold","construct:Defend_Gold","construct:Defend_Gold","construct:AttackMode","construct:DefenseMode","construct:SpinDrive+1","Ghostly","construct:LaserCore","construct:Backup+2","construct:MassProduction","construct:Agitation+2","construct:Anticipate","construct:GuardCore","construct:VentSteam"],"relics":["construct:ClockworkPhoenix","Juzu Bracelet","Potion Belt"],"acts_visited":["Exordium"],"potions_floor_usage":[],"damage_taken":[{"damage":1,"enemies":"Small Slimes","floor":2,"turns":4},{"damage":0,"enemies":"2 Louse","floor":4,"turns":3},{"damage":36,"enemies":"Lagavulin","floor":12,"turns":6},{"damage":4,"enemies":"Jaw Worm","floor":13,"turns":5},{"damage":15,"enemies":"3 Louse","floor":15,"turns":6},{"damage":23,"enemies":"downfall:Defect","floor":16,"turns":4}],"seed_played":"6293362754504420866","potions_obtained":[{"floor":2,"key":"blueLaboratory:NullPotion"},{"floor":4,"key":"Elixir"}],"is_trial":false,"path_per_floor":["R","M","?","M","?","R","T","?","?","?","R","E","M","?","M","B"],"character_chosen":"THE_CONSTRUCT_MOD","items_purchased":[],"campfire_rested":0,"item_purchase_floors":[],"current_hp_per_floor":[77,76,76,76,76,76,76,76,76,76,76,40,36,36,21,0,0],"gold":122,"neow_bonus":"THREE_RARE_CARDS","is_daily":false,"chose_seed":false,"campfire_upgraded":3,"win_rate":0.0,"timestamp":1608858094,"path_taken":["R","M","?","M","?","R","T","?","?","?","R","E","M","?","M","BOSS"],"items_purchased_type":[],"build_version":"2020-12-22","purchased_purges":0,"victory":false,"max_hp_per_floor":[77,77,77,77,77,77,77,77,77,77,77,77,77,77,77,77,77],"card_choices":[{"not_picked":["construct:MassProduction","construct:Multistage"],"picked":"construct:SpinDrive","floor":0},{"not_picked":["construct:Reinforce","construct:Electrocute"],"picked":"construct:ForceCore","floor":2},{"not_picked":["construct:FierceBash","construct:Autoturret"],"picked":"construct:LaserCore","floor":4},{"not_picked":[],"picked":"construct:MassProduction","floor":8},{"not_picked":["construct:FlakBarrage","construct:Backfire"],"picked":"construct:Anticipate","floor":12},{"not_picked":["construct:FocusedBeam","construct:ClusterMines"],"picked":"construct:GuardCore","floor":13},{"not_picked":["construct:Versatility","construct:SaveState"],"picked":"construct:VentSteam","floor":15}],"player_experience":304533,"relics_obtained":[{"floor":7,"key":"Juzu Bracelet"},{"floor":12,"key":"Potion Belt"}],"event_choices":[{"damage_healed":0,"gold_gain":0,"player_choice":"Argue","damage_taken":0,"max_hp_gain":0,"max_hp_loss":0,"event_name":"conspire:LoneGhost","floor":3,"gold_loss":0},{"cards_removed":["construct:Strike_Gold"],"damage_healed":0,"gold_gain":0,"player_choice":"Card Removal","damage_taken":0,"max_hp_gain":0,"max_hp_loss":0,"event_name":"Wheel of Change","floor":14,"gold_loss":0}],"is_beta":false,"boss_relics":[],"items_purged_floors":[],"is_endless":false,"potions_floor_spawned":[2,4],"killed_by":"downfall:Defect","ascension_level":0}}