{"host":"6ld56ls1xbe0aj21","time":1608885720,"event":{"mods":["AchievementEnabler","BaseMod","Colored Powertips","Minty Spire (QoL Compilation)","Quick Restart","Rare Cards Sparkle","StSLib","SuperFastMode","everything is the same but u backflip on backflip","slay the spire mod where everything is the same but ironclad has a cowboy hat"],"gold_per_floor":[119,0,0,11,186,235,246,246,246,266,278,308,308,10,10,107,107,126,26,26,39,59,59,88,108,133,162,162,162,197,208,208,310,310,345,345,385,385,86,86,189,230,255,364,439,534,534,629,629,684,684,684,47,73,73],"floor_reached":56,"playtime":2865,"items_purged":["Defend_P","Doubt","PathToVictory"],"score":1893,"play_id":"bbfb9bbe-4052-4608-b946-f34cc08b53bc","local_time":"20201225194200","is_ascension_mode":true,"campfire_choices":[{"data":"LikeWater","floor":8.0,"key":"SMITH"},{"data":"LikeWater","floor":13.0,"key":"SMITH"},{"data":"Fasting2","floor":15.0,"key":"SMITH"},{"data":"Vault","floor":23.0,"key":"SMITH"},{"floor":28.0,"key":"REST"},{"data":"Vault","floor":32.0,"key":"SMITH"},{"floor":40.0,"key":"RECALL"},{"data":"1","floor":49,"key":"LIFT"},{"data":"2","floor":52,"key":"LIFT"}],"circlet_count":0,"master_deck":["Eruption","Vigilance","TalkToTheHand","Purity","LikeWater+1","LikeWater+1","Prostrate","Fasting2+1","Vault+1","MentalFortress","Consecrate","CarveReality","BattleHymn","DevaForm","ReachHeaven","Conclude","PathToVictory+1","Ghostly","Ghostly","Ghostly","Ghostly","Ghostly","MentalFortress+1","ClearTheMind+1","Vault+1","LikeWater","PathToVictory+1","Wish+1","Wish","Fasting2","Wish","SpiritShield","Ragnarok","Secret Weapon","Indignation"],"relics":["Velvet Choker","White Beast Statue","Unceasing Top","Tiny Chest","Mummified Hand","OrangePellets","Pandora\u0027s Box","Bag of Marbles","Dream Catcher","Mango","FaceOfCleric","Pantograph","Snecko Eye","Frozen Eye","Girya","Toy Ornithopter","War Paint","Membership Card","Pear","Strawberry","Happy Flower"],"acts_visited":["Exordium","TheCity","TheBeyond","TheEnding"],"potions_floor_usage":[48,50,50,50,55,55],"damage_taken":[{"damage":0.0,"enemies":"Small Slimes","floor":1.0,"turns":2.0},{"damage":5.0,"enemies":"2 Louse","floor":4.0,"turns":3.0},{"damage":0.0,"enemies":"Lagavulin","floor":6.0,"turns":7.0},{"damage":0.0,"enemies":"Cultist","floor":7.0,"turns":3.0},{"damage":11.0,"enemies":"Exordium Thugs","floor":10.0,"turns":8.0},{"damage":5.0,"enemies":"Blue Slaver","floor":11.0,"turns":4.0},{"damage":3.0,"enemies":"Gremlin Nob","floor":12.0,"turns":5.0},{"damage":16.0,"enemies":"Slime Boss","floor":16.0,"turns":7.0},{"damage":0.0,"enemies":"Spheric Guardian","floor":18.0,"turns":3.0},{"damage":0.0,"enemies":"2 Thieves","floor":21.0,"turns":3.0},{"damage":2.0,"enemies":"Shelled Parasite and Fungi","floor":22.0,"turns":4.0},{"damage":0.0,"enemies":"Gremlin Leader","floor":24.0,"turns":4.0},{"damage":9.0,"enemies":"Sentry and Sphere","floor":25.0,"turns":8.0},{"damage":1.0,"enemies":"Slavers","floor":27.0,"turns":3.0},{"damage":0.0,"enemies":"Book of Stabbing","floor":30.0,"turns":6.0},{"damage":3.0,"enemies":"Snake Plant","floor":31.0,"turns":3.0},{"damage":0.0,"enemies":"Collector","floor":33.0,"turns":8.0},{"damage":2.0,"enemies":"3 Darklings","floor":35.0,"turns":5.0},{"damage":0.0,"enemies":"3 Shapes","floor":37.0,"turns":5.0},{"damage":12.0,"enemies":"Giant Head","floor":41.0,"turns":8.0},{"damage":0.0,"enemies":"3 Darklings","floor":42.0,"turns":5.0},{"damage":18.0,"enemies":"Reptomancer","floor":44.0,"turns":5.0},{"damage":1.0,"enemies":"Spire Growth","floor":45.0,"turns":5.0},{"damage":0,"enemies":"Maw","floor":46,"turns":6},{"damage":4,"enemies":"3 Darklings","floor":48,"turns":7},{"damage":28,"enemies":"Awakened One","floor":50,"turns":9},{"damage":0,"enemies":"Shield and Spear","floor":54,"turns":7},{"damage":19,"enemies":"The Heart","floor":55,"turns":9}],"seed_played":"-5309808889833905903","potions_obtained":[{"floor":1.0,"key":"ColorlessPotion"},{"floor":4.0,"key":"SmokeBomb"},{"floor":6.0,"key":"Weak Potion"},{"floor":7.0,"key":"SkillPotion"},{"floor":10.0,"key":"BlessingOfTheForge"},{"floor":11.0,"key":"Strength Potion"},{"floor":12.0,"key":"SteroidPotion"},{"floor":16.0,"key":"Explosive Potion"},{"floor":18.0,"key":"StancePotion"},{"floor":21.0,"key":"LiquidMemories"},{"floor":24.0,"key":"Strength Potion"},{"floor":25.0,"key":"Ancient Potion"},{"floor":27.0,"key":"AttackPotion"},{"floor":30.0,"key":"Fire Potion"},{"floor":31.0,"key":"GamblersBrew"},{"floor":33.0,"key":"Weak Potion"},{"floor":35.0,"key":"LiquidMemories"},{"floor":37.0,"key":"DistilledChaos"},{"floor":41.0,"key":"ColorlessPotion"},{"floor":42.0,"key":"BlessingOfTheForge"},{"floor":44.0,"key":"Regen Potion"},{"floor":45.0,"key":"DistilledChaos"},{"floor":46,"key":"Block Potion"},{"floor":48,"key":"Fire Potion"},{"floor":54,"key":"Ancient Potion"}],"is_trial":false,"path_per_floor":["M","$","?","M","?","E","M","R","T","M","M","E","R","$","R","B",null,"M","$","?","M","M","R","E","M","T","E","R","?","E","M","R","B",null,"M","T","M","?","$","R","E","M","T","E","M","M","?","M","R","B",null,"R","$","E","B",null],"character_chosen":"WATCHER","items_purchased":["Purity","LikeWater","OrangePellets","Fasting2","Fasting2","Frozen Eye","Wish","Membership Card","Pear","Strawberry","DistilledChaos","SkillPotion","SpeedPotion","Secret Weapon","Indignation"],"campfire_rested":1,"item_purchase_floors":[2,2,14,14,39,39,39,53,53,53,53,53,53,53,53],"current_hp_per_floor":[65,65,58,53,53,53,53,53,53,42,37,34,34,34,34,18,59,59,59,36,36,34,34,34,25,25,38,50,50,51,49,49,53,53,52,52,53,53,53,53,42,43,43,36,55,56,56,54,54,41,55,55,72,73,69],"gold":73,"neow_bonus":"BOSS_RELIC","is_daily":false,"chose_seed":false,"campfire_upgraded":5,"win_rate":0.0,"timestamp":1608885720,"path_taken":["M","$","?","M","?","E","M","R","T","M","M","E","R","$","R","BOSS","M","$","?","M","M","R","E","M","T","E","R","?","E","?","R","BOSS","M","?","M","?","$","R","E","M","T","E","?","M","?","M","R","BOSS","R","$","E","BOSS"],"items_purchased_type":["Card","Card","Relic","Card","Card","Relic","Card","Relic","Relic","Relic","Potion","Potion","Potion","Card","Card"],"build_version":"2020-12-22","purchased_purges":3,"victory":true,"max_hp_per_floor":[72,72,72,72,72,72,72,72,72,72,72,72,72,72,72,72,72,72,72,36,36,36,36,36,36,36,50,50,50,51,52,52,53,53,54,54,55,55,55,55,56,57,57,58,59,60,57,58,58,59,59,59,76,77,78],"card_choices":[{"not_picked":["CarveReality","FearNoEvil"],"picked":"TalkToTheHand","floor":1.0},{"not_picked":["SignatureMove","InnerPeace"],"picked":"LikeWater","floor":4.0},{"not_picked":["EmptyMind","Study"],"picked":"PathToVictory","floor":6.0},{"not_picked":["FollowUp","FlyingSleeves"],"picked":"Prostrate","floor":7.0},{"not_picked":["Prostrate","WaveOfTheHand","FlurryOfBlows"],"picked":"SKIP","floor":10.0},{"not_picked":["Adaptation","EmptyBody","Consecrate"],"picked":"SKIP","floor":11.0},{"not_picked":["Consecrate","Swivel","Sanctity"],"picked":"SKIP","floor":12.0},{"not_picked":["SpiritShield","Scrawl"],"picked":"Vault","floor":16.0},{"not_picked":["EmptyFist","Consecrate+1"],"picked":"PathToVictory","floor":18.0},{"not_picked":["Worship","Vengeance+1"],"picked":"MentalFortress+1","floor":21.0},{"not_picked":["CrushJoints+1","BowlingBash"],"picked":"ClearTheMind+1","floor":22.0},{"not_picked":["Worship","ClearTheMind+1","EmptyBody+1"],"picked":"SKIP","floor":24.0},{"not_picked":["ClearTheMind","Adaptation"],"picked":"Vault","floor":25.0},{"not_picked":["EmptyBody+1","ThirdEye","FearNoEvil"],"picked":"SKIP","floor":27.0},{"not_picked":["Judgement","BowlingBash"],"picked":"LikeWater","floor":30.0},{"not_picked":["FollowUp+1","Halt+1"],"picked":"PathToVictory+1","floor":31.0},{"not_picked":["Establishment","MasterReality"],"picked":"Wish","floor":33.0},{"not_picked":["WheelKick","Collect","WreathOfFlame"],"picked":"SKIP","floor":35.0},{"not_picked":["Sanctity","Evaluate","BowlingBash+1"],"picked":"SKIP","floor":37.0},{"not_picked":["WaveOfTheHand+1","TalkToTheHand"],"picked":"SpiritShield","floor":41.0},{"not_picked":["WheelKick+1","EmptyBody","BowlingBash+1"],"picked":"SKIP","floor":42.0},{"not_picked":["WindmillStrike+1","EmptyBody"],"picked":"Ragnarok","floor":44.0},{"not_picked":["JustLucky","BowlingBash","EmptyFist+1"],"picked":"SKIP","floor":45.0},{"not_picked":["Pray","ClearTheMind","SignatureMove"],"picked":"SKIP","floor":46},{"not_picked":["CutThroughFate+1","CrushJoints","Halt+1"],"picked":"SKIP","floor":48},{"not_picked":["Collect","Scrawl","Halt+1"],"picked":"SKIP","floor":54}],"player_experience":250185,"relics_obtained":[{"floor":6.0,"key":"Unceasing Top"},{"floor":9.0,"key":"Tiny Chest"},{"floor":12.0,"key":"Mummified Hand"},{"floor":24.0,"key":"Bag of Marbles"},{"floor":26.0,"key":"Dream Catcher"},{"floor":27.0,"key":"Mango"},{"floor":30.0,"key":"Pantograph"},{"floor":41.0,"key":"Girya"},{"floor":43.0,"key":"Toy Ornithopter"},{"floor":44.0,"key":"War Paint"},{"floor":54,"key":"Happy Flower"}],"event_choices":[{"damage_healed":0.0,"max_hp_gain":0.0,"max_hp_loss":0.0,"gold_gain":0.0,"event_name":"Scrap Ooze","player_choice":"Success","floor":3.0,"gold_loss":0.0,"damage_taken":7.0,"relics_obtained":["White Beast Statue"]},{"damage_healed":0.0,"max_hp_gain":0.0,"max_hp_loss":0.0,"gold_gain":175.0,"event_name":"Liars Game","player_choice":"AGREE","floor":5.0,"gold_loss":0.0,"damage_taken":0.0,"cards_obtained":["Doubt"]},{"damage_healed":0.0,"max_hp_gain":0.0,"max_hp_loss":36.0,"gold_gain":0.0,"event_name":"Ghosts","player_choice":"Became a Ghost","floor":20.0,"gold_loss":0.0,"damage_taken":0.0,"cards_obtained":["Ghostly","Ghostly","Ghostly","Ghostly","Ghostly"]},{"damage_healed":0.0,"max_hp_gain":0.0,"max_hp_loss":0.0,"gold_gain":0.0,"event_name":"FaceTrader","player_choice":"Trade","floor":29.0,"gold_loss":0.0,"damage_taken":0.0,"relics_obtained":["FaceOfCleric"]},{"damage_healed":0.0,"max_hp_gain":0.0,"max_hp_loss":0.0,"gold_gain":0.0,"event_name":"Duplicator","player_choice":"Copied","floor":38.0,"gold_loss":0.0,"damage_taken":0.0,"cards_obtained":["Wish"]},{"damage_healed":0,"gold_gain":0,"player_choice":"Max HP","damage_taken":0,"max_hp_gain":0,"max_hp_loss":3,"event_name":"Winding Halls","floor":47,"gold_loss":0}],"is_beta":false,"boss_relics":[{"not_picked":["Coffee Dripper","Philosopher\u0027s Stone"],"picked":"Pandora\u0027s Box"},{"not_picked":["Fusion Hammer","SacredBark"],"picked":"Snecko Eye"}],"items_purged_floors":[14,19,53],"is_endless":false,"potions_floor_spawned":[1,4,6,7,10,11,12,16,18,21,22,24,25,27,30,31,33,35,37,41,42,44,45,46,48,54],"ascension_level":8}}