{"host":"6hzrz31j95f2y1pa","time":1608879992,"event":{"mods":["BaseMod","Colored Map","Downfall","Minty Spire (QoL Compilation)","StSLib"],"gold_per_floor":[99,116,134,148,148,179,206,220,245,261,261,361,361,361,371,470,470,470,488,254,268,279,279,279,606,606,620,638,413,438,458,477,578,578,578,597,614,250,35,60,60,60,60,60,60,78,78,78,91,91],"floor_reached":51,"playtime":2323,"items_purged":["champ:Defend","Shame","champ:Defend"],"score":1061,"play_id":"16e3e053-d96c-48a7-a0ba-fa78f2fbf101","local_time":"20201225020632","is_ascension_mode":true,"campfire_choices":[{"data":"champ:Improvising","floor":1.0,"key":"SMITH"},{"data":"champ:Taunt","floor":11.0,"key":"SMITH"},{"floor":18.0,"key":"RECALL"},{"floor":29,"key":"REST"},{"data":"champ:IgnorePain","floor":35,"key":"SMITH"},{"floor":43,"key":"REST"},{"data":"champ:BerserkerStyle","floor":47,"key":"SMITH"}],"circlet_count":0,"master_deck":["champ:Strike","champ:Strike","champ:Strike","champ:Defend","champ:Defend","champ:Execute","champ:Taunt+1","champ:Improvising+1","champ:AdrenalArmor","champ:BringItOn","champ:GutPunch","champ:GutPunch","champ:FaceSlap","champ:StanceDance","champ:Shatter","champ:Balance","champ:IgnorePain+1","CurseOfTheBell","champ:ShieldSigil+1","champ:Control+1","champ:IronFortress","champ:LastStand","champ:RisingSlash+1","champ:IronFortress","champ:BerserkerStyle+1","expansioncontent:GuardianWhirl","champ:FocusedBerserking+1"],"relics":["champ:ChampionCrown","champ:LiftRelic","Bronze Scales","Regal Pillow","Champion Belt","CultistMask","Calling Bell","Orichalcum","CaptainsWheel","Toxic Egg 2","FossilizedHelix","Old Coin","downfall:RedIOU","downfall:HeartBlessingRed","downfall:HeartBlessingGreen","downfall:HeartBlessingBlue","HornCleat","Philosopher\u0027s Stone","Mummified Hand","Ornamental Fan","Potion Belt","InkBottle"],"acts_visited":["Exordium","TheCity","TheBeyond"],"potions_floor_usage":[28,30,50,50,50],"damage_taken":[{"damage":10.0,"enemies":"Small Slimes","floor":2.0,"turns":4.0},{"damage":12.0,"enemies":"2 Louse","floor":3.0,"turns":5.0},{"damage":8.0,"enemies":"Cultist","floor":4.0,"turns":4.0},{"damage":19.0,"enemies":"Gremlin Nob","floor":6.0,"turns":4.0},{"damage":8.0,"enemies":"Exordium Wildlife","floor":8.0,"turns":3.0},{"damage":22.0,"enemies":"Lagavulin","floor":9.0,"turns":5.0},{"damage":8.0,"enemies":"2 Fungi Beasts","floor":10.0,"turns":3.0},{"damage":20.0,"enemies":"2 Fungi Beasts","floor":12.0,"turns":3.0},{"damage":8.0,"enemies":"Lots of Slimes","floor":15.0,"turns":3.0},{"damage":32.0,"enemies":"downfall:Silent","floor":16.0,"turns":4.0},{"damage":13.0,"enemies":"Shell Parasite","floor":19.0,"turns":4.0},{"damage":8.0,"enemies":"downfall:FleeingMerchant","floor":20.0,"turns":4.0},{"damage":30.0,"enemies":"3 Byrds","floor":21.0,"turns":3.0},{"damage":12.0,"enemies":"Sentry and Sphere","floor":22.0,"turns":5.0},{"damage":45.0,"enemies":"Book of Stabbing","floor":25.0,"turns":4.0},{"damage":21,"enemies":"3 Cultists","floor":27,"turns":4},{"damage":24,"enemies":"Shelled Parasite and Fungi","floor":28,"turns":6},{"damage":44,"enemies":"Gremlin Leader","floor":30,"turns":11},{"damage":22,"enemies":"Centurion and Healer","floor":31,"turns":6},{"damage":10,"enemies":"Snake Plant","floor":32,"turns":4},{"damage":91,"enemies":"downfall:Watcher","floor":33,"turns":9},{"damage":32,"enemies":"3 Darklings","floor":36,"turns":7},{"damage":0,"enemies":"Orb Walker","floor":37,"turns":3},{"damage":23,"enemies":"downfall:FleeingMerchant","floor":38,"turns":4},{"damage":7,"enemies":"downfall:FleeingMerchant","floor":39,"turns":4},{"damage":77,"enemies":"Nemesis","floor":40,"turns":5},{"damage":13,"enemies":"Sphere and 2 Shapes","floor":46,"turns":3},{"damage":9,"enemies":"Spire Growth","floor":49,"turns":4},{"damage":53,"enemies":"downfall:Defect","floor":50,"turns":5}],"seed_played":"-8660568767792952972","potions_obtained":[{"floor":2.0,"key":"Strength Potion"},{"floor":4.0,"key":"FearPotion"},{"floor":12.0,"key":"SkillPotion"},{"floor":19.0,"key":"sneckomod:MuddlingPotion"},{"floor":21.0,"key":"Fire Potion"},{"floor":25.0,"key":"Slimebound:ThreeZeroPotion"},{"floor":33,"key":"champ:UltimateStancePotion"},{"floor":40,"key":"LiquidBronze"},{"floor":46,"key":"Ancient Potion"},{"floor":49,"key":"Strength Potion"}],"is_trial":false,"path_per_floor":["R","M","M","M","?","E","T","M","E","M","R","?","?","?","M","B",null,"R","M","$","M","M","?","T","E","?","M","M","R","E","M","M","B",null,"R","M","M","$","$","E","T","?","R","?","?","M","R","T","M","B",null],"character_chosen":"THE_CHAMP","items_purchased":["Regen Potion","champ:IronFortress","Mummified Hand","champ:BerserkerStyle"],"campfire_rested":2,"item_purchase_floors":[20,20,38,39],"current_hp_per_floor":[81,76,72,71,71,59,59,59,49,45,45,29,29,29,29,11,70,70,66,66,59,54,54,54,42,42,34,27,82,82,81,83,52,88,88,76,81,83,86,42,42,42,87,87,87,87,87,87,90,64],"gold":91,"neow_bonus":"ONE_RANDOM_RARE_CARD","is_daily":false,"chose_seed":false,"campfire_upgraded":4,"win_rate":0.0,"timestamp":1608879992,"path_taken":["R","M","M","M","?","E","T","M","E","M","R","?","?","?","M","BOSS","R","M","?","M","M","?","T","E","?","M","M","R","E","?","M","BOSS","R","M","M","?","$","E","T","?","R","?","?","M","R","?","M","BOSS"],"items_purchased_type":["Potion","Card","Relic","Card"],"build_version":"2020-12-22","purchased_purges":3,"victory":true,"max_hp_per_floor":[90,90,90,90,90,90,90,90,90,90,90,90,90,90,90,90,90,90,90,90,90,90,90,90,90,90,90,90,100,100,100,100,100,100,100,100,100,100,100,100,100,100,100,100,100,100,100,100,100,100],"card_choices":[{"not_picked":["champ:GladiatorStyle","champ:PerfectedStrike"],"picked":"champ:AdrenalArmor","floor":2.0},{"not_picked":["champ:BerserkersShout","champ:PerfectedStrike"],"picked":"champ:BringItOn","floor":3.0},{"not_picked":["champ:SkillfulDodge","champ:GladiatorsShout"],"picked":"champ:GutPunch","floor":4.0},{"not_picked":["champ:FocusedGladiator","champ:VampiricStrike"],"picked":"champ:GutPunch","floor":6.0},{"not_picked":["champ:ShieldSigil","champ:FalseCounter"],"picked":"champ:FaceSlap","floor":8.0},{"not_picked":["champ:TornadoPunch","champ:RageSigil","champ:Haymaker"],"picked":"SKIP","floor":9.0},{"not_picked":["champ:TornadoPunch","champ:RageSigil","champ:Haymaker"],"picked":"SKIP","floor":9.0},{"not_picked":["champ:TornadoPunch","champ:Haymaker"],"picked":"champ:StanceDance","floor":10.0},{"not_picked":["champ:Haymaker","champ:IronFortress"],"picked":"champ:Shatter","floor":12.0},{"not_picked":["champ:FanOfKnives","champ:SwordSigil","champ:TornadoPunch"],"picked":"SKIP","floor":15.0},{"not_picked":["champ:Improvising","champ:HeavySlash"],"picked":"champ:IgnorePain","floor":16.0},{"not_picked":["champ:TornadoPunch","champ:Shatter+1"],"picked":"champ:ShieldSigil+1","floor":19.0},{"not_picked":["champ:RageSigil+1","champ:AdrenalArmor+1"],"picked":"champ:Control+1","floor":20.0},{"not_picked":["champ:GutPunch+1","champ:Lariat+1","champ:ViciousMockery+1"],"picked":"SKIP","floor":21.0},{"not_picked":["champ:PerfectedStrike","champ:GutPunch+1","champ:Control+1"],"picked":"SKIP","floor":22.0},{"not_picked":["champ:StanceDance+1","champ:Encircle+1"],"picked":"champ:LastStand","floor":25.0},{"not_picked":["champ:Circumvent+1","champ:BladeFlurry","champ:Riposte+1"],"picked":"SKIP","floor":27},{"not_picked":["champ:Balance+1","champ:CrookedStrike+1","champ:Circumvent+1"],"picked":"SKIP","floor":28},{"not_picked":["champ:TornadoPunch","champ:BerserkersShout+1","champ:Backstep+1"],"picked":"SKIP","floor":30},{"not_picked":["champ:MurderStrike","champ:BerserkersShout+1","champ:ShieldSigil+1"],"picked":"SKIP","floor":31},{"not_picked":["champ:Control+1","champ:TornadoPunch","champ:ShieldSigil+1"],"picked":"SKIP","floor":32},{"not_picked":["champ:ShieldThrow","champ:SteelEdge"],"picked":"champ:DancingMaster","floor":33},{"not_picked":["champ:Circumvent+1","champ:GladiatorsShout+1"],"picked":"champ:RisingSlash+1","floor":36},{"not_picked":["champ:GladiatorsShout+1","champ:PreciseThrust","champ:Lariat+1"],"picked":"SKIP","floor":37},{"not_picked":["champ:EnGarde+1","champ:SkillfulDodge+1"],"picked":"champ:IronFortress","floor":38},{"not_picked":["champ:FanOfKnives+1","champ:AdrenalArmor+1","champ:EnchantSword+1"],"picked":"SKIP","floor":39},{"not_picked":["champ:SkillfulDodge+1","champ:FightOn","champ:FocusedBerserking+1"],"picked":"SKIP","floor":40},{"not_picked":["expansioncontent:DarkVoid","expansioncontent:TimeRipple"],"picked":"expansioncontent:GuardianWhirl","floor":42},{"not_picked":["champ:Backstep+1","champ:Circumvent+1","champ:BerserkersShout+1"],"picked":"SKIP","floor":46},{"not_picked":["champ:BringItOn+1","champ:BerserkersShout+1"],"picked":"champ:FocusedBerserking+1","floor":49}],"player_experience":1244773,"relics_obtained":[{"floor":6.0,"key":"Bronze Scales"},{"floor":7.0,"key":"Pen Nib"},{"floor":9.0,"key":"Regal Pillow"},{"floor":12.0,"key":"Champion Belt"},{"floor":17.0,"key":"Orichalcum"},{"floor":17.0,"key":"CaptainsWheel"},{"floor":17.0,"key":"Toxic Egg 2"},{"floor":25.0,"key":"Old Coin"},{"floor":30,"key":"HornCleat"},{"floor":40,"key":"Ornamental Fan"},{"floor":41,"key":"Potion Belt"},{"floor":48,"key":"InkBottle"}],"event_choices":[{"damage_healed":0.0,"max_hp_gain":0.0,"max_hp_loss":0.0,"gold_gain":0.0,"cards_transformed":["champ:Strike"],"event_name":"Living Wall","player_choice":"Change","floor":13.0,"gold_loss":0.0,"damage_taken":0.0,"cards_obtained":["champ:Balance"]},{"damage_healed":0.0,"max_hp_gain":0.0,"max_hp_loss":0.0,"gold_gain":0.0,"event_name":"FaceTrader","player_choice":"Trade","floor":14.0,"gold_loss":0.0,"damage_taken":0.0,"relics_obtained":["CultistMask"]},{"damage_healed":0.0,"max_hp_gain":0.0,"max_hp_loss":0.0,"gold_gain":0.0,"event_name":"Addict","player_choice":"Stole Relic","floor":23.0,"gold_loss":0.0,"damage_taken":0.0,"relics_obtained":["FossilizedHelix"],"cards_obtained":["Shame"]},{"cards_removed":["champ:DancingMaster"],"damage_healed":0,"gold_gain":0,"player_choice":"Removed Power","damage_taken":0,"max_hp_gain":0,"max_hp_loss":0,"event_name":"Falling","floor":44,"gold_loss":0}],"is_beta":false,"boss_relics":[{"not_picked":["SlaversCollar","Black Star"],"picked":"Calling Bell"},{"not_picked":["Sozu","champ:ChampionCrownUpgraded"],"picked":"Philosopher\u0027s Stone"}],"items_purged_floors":[20,38,39],"is_endless":false,"potions_floor_spawned":[2,4,12,19,21,22,25,27,33,40,46,49],"ascension_level":8}}