{"host":"cfluht5kr2kfk9p9","time":1608921042,"event":{"mods":["ATMod(阿瑾Mod)","Act Like it!","BaseMod","Gensokyo","GungeonMod","Hallownest","Highlight Path","Minty Spire (QoL Compilation)","Quick Restart","Rare Cards Sparkle","Relic Stats","RumiaBox-露米娅的神秘盒子","Spicy Shops","StSLib","TestMod","The Alterego","【功能Mod】混沌之环修复补丁"],"gold_per_floor":[114,114,114,132,132,132,159,159,159,159,172,97,497,512,512,512,512],"floor_reached":16,"playtime":333,"items_purged":["Strike_B"],"score":186,"play_id":"bc2b55ab-084a-4f08-bce5-e77d8f6b3ea5","local_time":"20201226023042","is_ascension_mode":true,"campfire_choices":[{"data":"Coolheaded","floor":6,"key":"SMITH"},{"data":"AT_ThreeBodyProblem","floor":8,"key":"SMITH"},{"data":"Zap","floor":10,"key":"SMITH"},{"data":"Dualcast","floor":15,"key":"SMITH"}],"circlet_count":0,"master_deck":["AscendersBane","Strike_B","Strike_B","Strike_B","Defend_B","Defend_B","Defend_B","Defend_B","Zap+1","Dualcast+1","Injury","Coolheaded+1","AT_ThreeBodyProblem+1"],"relics":["Cracked Core","AT_ATBox","NeowsBlessing","testmod-IndustrialRevolution","Gensokyo:OccultBall","Centennial Puzzle","Gensokyo:NagashiBinaDoll","Bag of Preparation"],"acts_visited":["Exordium"],"potions_floor_usage":[16,16],"damage_taken":[{"damage":0,"enemies":"Gensokyo:Python","floor":1,"turns":1},{"damage":0,"enemies":"Gensokyo:3_Fairies","floor":4,"turns":1},{"damage":7,"enemies":"Gensokyo:Cirno","floor":7,"turns":2},{"damage":0,"enemies":"Gensokyo:2_Kodama","floor":11,"turns":1},{"damage":16,"enemies":"Gensokyo:Gryphon_and_Rabbit","floor":14,"turns":5},{"damage":42,"enemies":"Gensokyo:Kokoro","floor":16,"turns":11}],"seed_played":"8157679772722813971","potions_obtained":[{"floor":4,"key":"SkillPotion"},{"floor":7,"key":"Weak Potion"}],"is_trial":false,"path_per_floor":["M","?","?","M","?","R","E","R","T","R","M","$","?","M","R","B"],"character_chosen":"DEFECT","items_purchased":[],"campfire_rested":0,"item_purchase_floors":[],"current_hp_per_floor":[64,64,64,64,64,64,57,57,57,57,57,57,57,41,41,0,0],"gold":512,"neow_bonus":"THREE_ENEMY_KILL","is_daily":false,"chose_seed":false,"campfire_upgraded":4,"win_rate":0.0,"timestamp":1608921042,"path_taken":["M","?","?","M","?","R","E","R","T","R","M","?","?","M","R","BOSS"],"items_purchased_type":[],"build_version":"2020-12-22","purchased_purges":1,"victory":false,"max_hp_per_floor":[71,71,71,71,71,71,71,71,71,71,71,71,71,71,71,71,71],"relic_stats":{"Centennial Puzzle":[9],"counters":[6,20],"Bag of Preparation":[6],"obtain_stats":[{"Centennial Puzzle":3,"testmod-TestBox":0,"AT_ATBox":0,"NeowsBlessing":0,"Gensokyo:OccultBall":2,"Gensokyo:NagashiBinaDoll":5,"DemoMod:GlassGuonStoneRelic":11,"Bag of Preparation":7,"Cracked Core":0,"testmod-IndustrialRevolution":0},{"Centennial Puzzle":1,"testmod-TestBox":0,"AT_ATBox":0,"NeowsBlessing":0,"Gensokyo:OccultBall":1,"Gensokyo:NagashiBinaDoll":2,"DemoMod:GlassGuonStoneRelic":4,"Bag of Preparation":3,"Cracked Core":0,"testmod-IndustrialRevolution":0},{"Centennial Puzzle":1,"testmod-TestBox":0,"AT_ATBox":0,"NeowsBlessing":0,"Gensokyo:OccultBall":1,"Gensokyo:NagashiBinaDoll":2,"DemoMod:GlassGuonStoneRelic":5,"Bag of Preparation":4,"Cracked Core":0,"testmod-IndustrialRevolution":0}]},"card_choices":[{"not_picked":["Steam","AT_HeatAcrobatics","Compile Driver"],"picked":"SKIP","floor":1},{"not_picked":["Force Field","AT_HeatAcrobatics"],"picked":"Coolheaded","floor":4},{"not_picked":["Reboot","AT_HeatAcrobatics"],"picked":"AT_ThreeBodyProblem","floor":7},{"not_picked":["AT_HeatAcrobatics","Undo","AT_WarpDrive"],"picked":"SKIP","floor":11},{"not_picked":["Capacitor","Reprogram","Stack"],"picked":"SKIP","floor":14}],"player_experience":33607,"relics_obtained":[{"floor":7,"key":"Bag of Preparation"}],"event_choices":[{"damage_healed":0,"gold_gain":400,"player_choice":"Sell","damage_taken":0,"max_hp_gain":0,"max_hp_loss":0,"event_name":"恩洛斯的盘子","floor":13,"relics_lost":["testmod-TestBox"],"gold_loss":0}],"is_beta":false,"boss_relics":[],"items_purged_floors":[12],"is_endless":false,"potions_floor_spawned":[4,7],"killed_by":"Gensokyo:Kokoro","ascension_level":20}}