{"host":"x039aayur7qovk2d","time":1608874005,"event":{"mods":["AchievementEnabler","BaseMod","Block Reminder","Colored Map","Colored Powertips","DeckTracker","Googly Eyes","Highlight Path","Minty Spire (QoL Compilation)","Permanent Neow","Quick Restart","Rare Cards Sparkle","Relic Sorter","Relic Stats"],"gold_per_floor":[110,129,143,156,176,176,192,205,251,330,363,363,363,384,384,510,510,523,523,539,560,580,620,645,645,669,693,693,708,747,19,19,144,144,162,181,204,222,235,275,275,294,294,315,315,315],"floor_reached":45,"playtime":3268,"items_purged":["Shame"],"score":547,"play_id":"da224d2f-3194-45f1-a83d-4447df13c410","local_time":"20201224212645","is_ascension_mode":false,"campfire_choices":[{"data":"Carnage","floor":6.0,"key":"SMITH"},{"data":"Armaments","floor":12.0,"key":"SMITH"},{"data":"Infernal Blade","floor":15.0,"key":"SMITH"},{"floor":25.0,"key":"REST"},{"floor":28.0,"key":"REST"},{"data":"Inflame","floor":32.0,"key":"SMITH"},{"data":"Shockwave","floor":41,"key":"SMITH"}],"circlet_count":0,"master_deck":["Strike_R","Strike_R","Strike_R","Strike_R","Defend_R","Defend_R","Defend_R","Bash","Carnage+1","Armaments+1","Anger","Headbutt","Metallicize","Shrug It Off","Reckless Charge","Twin Strike","Inflame+1","Injury","Infernal Blade+1","Feed","Ghostly Armor","Shrug It Off+1","Disarm+1","Shockwave+1","Headbutt+1","Decay","Ghostly Armor+1","Rampage+1","Impervious","Pummel","Whirlwind+1","Dropkick","Flame Barrier","Twin Strike+1","Blood for Blood+1","Pommel Strike+1","Regret"],"relics":["Burning Blood","Red Skull","The Courier","Golden Idol","Cursed Key","Mummified Hand","Toy Ornithopter","MealTicket","Letter Opener","Bronze Scales","Bottled Tornado","Lee\u0027s Waffle","War Paint","Ancient Tea Set","Mark of Pain","Regal Pillow","Shuriken"],"acts_visited":["Exordium","TheCity","TheBeyond"],"potions_floor_usage":[37,42,42],"damage_taken":[{"damage":2.0,"enemies":"2 Louse","floor":1.0,"turns":2.0},{"damage":0.0,"enemies":"Small Slimes","floor":2.0,"turns":2.0},{"damage":0.0,"enemies":"Cultist","floor":3.0,"turns":2.0},{"damage":1.0,"enemies":"Exordium Thugs","floor":4.0,"turns":3.0},{"damage":9.0,"enemies":"2 Fungi Beasts","floor":5.0,"turns":3.0},{"damage":5.0,"enemies":"Looter","floor":7.0,"turns":2.0},{"damage":0.0,"enemies":"Large Slime","floor":8.0,"turns":4.0},{"damage":26.0,"enemies":"Lagavulin","floor":11.0,"turns":4.0},{"damage":0.0,"enemies":"2 Fungi Beasts","floor":14.0,"turns":2.0},{"damage":55.0,"enemies":"The Guardian","floor":16.0,"turns":9.0},{"damage":2.0,"enemies":"Spheric Guardian","floor":18.0,"turns":3.0},{"damage":11.0,"enemies":"Shell Parasite","floor":20.0,"turns":4.0},{"damage":27.0,"enemies":"Chosen and Byrds","floor":21.0,"turns":8.0},{"damage":8.0,"enemies":"Snake Plant","floor":22.0,"turns":3.0},{"damage":46.0,"enemies":"Slavers","floor":23.0,"turns":8.0},{"damage":5.0,"enemies":"Snecko","floor":24.0,"turns":4.0},{"damage":29.0,"enemies":"Sentry and Sphere","floor":29.0,"turns":4.0},{"damage":8.0,"enemies":"Book of Stabbing","floor":30.0,"turns":6.0},{"damage":78.0,"enemies":"Automaton","floor":33.0,"turns":10.0},{"damage":0,"enemies":"3 Shapes","floor":35,"turns":4},{"damage":19,"enemies":"3 Darklings","floor":36,"turns":3},{"damage":19,"enemies":"Spire Growth","floor":37,"turns":4},{"damage":19,"enemies":"4 Shapes","floor":38,"turns":4},{"damage":18,"enemies":"3 Darklings","floor":39,"turns":4},{"damage":10,"enemies":"Reptomancer","floor":40,"turns":5},{"damage":0,"enemies":"Jaw Worm Horde","floor":42,"turns":1},{"damage":14,"enemies":"Sphere and 2 Shapes","floor":44,"turns":4},{"damage":58,"enemies":"Giant Head","floor":45,"turns":7}],"seed_played":"-9153324429208342335","potions_obtained":[{"floor":3.0,"key":"LiquidBronze"},{"floor":5.0,"key":"Regen Potion"},{"floor":7.0,"key":"BlessingOfTheForge"},{"floor":16.0,"key":"SpeedPotion"},{"floor":18.0,"key":"ColorlessPotion"},{"floor":21.0,"key":"Ancient Potion"},{"floor":23.0,"key":"SkillPotion"},{"floor":24.0,"key":"EssenceOfSteel"},{"floor":35,"key":"SpeedPotion"},{"floor":36,"key":"Weak Potion"},{"floor":40,"key":"Dexterity Potion"}],"is_trial":false,"path_per_floor":["M","M","M","M","M","R","M","M","T","?","E","R","?","M","R","B",null,"M","?","M","M","M","E","M","R","T","T","R","M","E","$","R","B",null,"M","M","M","M","M","E","R","M","T","M","E"],"character_chosen":"IRONCLAD","items_purchased":["Bronze Scales","Bottled Tornado","Lee\u0027s Waffle","War Paint","Ancient Tea Set"],"campfire_rested":2,"item_purchase_floors":[31,31,31,31,31],"current_hp_per_floor":[72,72,72,72,69,69,70,72,72,72,52,52,52,58,58,21,72,75,75,70,49,50,14,15,39,39,39,63,40,48,89,89,17,89,92,79,71,58,46,45,45,61,61,53,0,0],"gold":315,"neow_bonus":"TRANSFORM_TWO_CARDS","is_daily":false,"chose_seed":false,"campfire_upgraded":5,"win_rate":0.0,"timestamp":1608874005,"path_taken":["M","M","M","M","M","R","M","M","T","?","E","R","?","M","R","BOSS","M","?","?","M","M","E","M","R","T","?","R","M","E","$","R","BOSS","M","M","M","M","M","E","R","M","T","M","E"],"items_purchased_type":["Relic","Relic","Relic","Relic","Relic"],"build_version":"2020-12-22","purchased_purges":1,"victory":false,"max_hp_per_floor":[72,72,72,72,72,72,72,72,72,72,72,72,72,72,72,72,72,75,75,75,75,78,82,82,82,82,82,82,82,82,89,89,89,89,92,92,92,92,92,95,95,95,95,95,95,95],"relic_stats":{"Lee\u0027s Waffle":26,"Regal Pillow":0,"counters":[28,119],"Golden Idol":128,"Letter Opener":[36],"War Paint":["Disarm","Ghostly Armor"],"Cursed Key":3,"Burning Blood":127,"Mummified Hand":[23],"Shuriken":[4],"Bronze Scales":[90],"MealTicket":15,"obtain_stats":[{"Lee\u0027s Waffle":31,"Regal Pillow":40,"Golden Idol":13,"The Courier":11,"Letter Opener":30,"Bottled Tornado":31,"War Paint":31,"Cursed Key":17,"Ancient Tea Set":31,"Burning Blood":0,"Mummified Hand":23,"Shuriken":43,"Bronze Scales":31,"MealTicket":27,"Mark of Pain":34,"Red Skull":9,"Toy Ornithopter":26},{"Lee\u0027s Waffle":18,"Regal Pillow":25,"Golden Idol":8,"The Courier":8,"Letter Opener":18,"Bottled Tornado":18,"War Paint":18,"Cursed Key":10,"Ancient Tea Set":18,"Burning Blood":0,"Mummified Hand":15,"Shuriken":26,"Bronze Scales":18,"MealTicket":16,"Mark of Pain":19,"Red Skull":7,"Toy Ornithopter":16},{"Lee\u0027s Waffle":73,"Regal Pillow":107,"Golden Idol":22,"The Courier":22,"Letter Opener":73,"Bottled Tornado":73,"War Paint":73,"Cursed Key":33,"Ancient Tea Set":73,"Burning Blood":0,"Mummified Hand":59,"Shuriken":108,"Bronze Scales":73,"MealTicket":63,"Mark of Pain":83,"Red Skull":18,"Toy Ornithopter":63}],"Toy Ornithopter":20},"card_choices":[{"not_picked":["Combust","Cleave"],"picked":"Anger","floor":1.0},{"not_picked":["Metallicize","Twin Strike"],"picked":"Headbutt","floor":2.0},{"not_picked":["Combust","Wild Strike"],"picked":"Metallicize","floor":3.0},{"not_picked":["Thunderclap","Hemokinesis"],"picked":"Shrug It Off","floor":4.0},{"not_picked":["Iron Wave","Warcry"],"picked":"Reckless Charge","floor":5.0},{"not_picked":["True Grit","Flex"],"picked":"Twin Strike","floor":7.0},{"not_picked":["Shrug It Off","Hemokinesis"],"picked":"Inflame","floor":8.0},{"not_picked":["Feel No Pain","Havoc","Armaments"],"picked":"SKIP","floor":11.0},{"not_picked":["Shrug It Off","Heavy Blade"],"picked":"Infernal Blade","floor":14.0},{"not_picked":["Juggernaut","Limit Break"],"picked":"Feed","floor":16.0},{"not_picked":["True Grit","Perfected Strike"],"picked":"Ghostly Armor","floor":18.0},{"not_picked":["Uppercut","Rupture+1"],"picked":"Shrug It Off+1","floor":20.0},{"not_picked":["Wild Strike","Searing Blow"],"picked":"Disarm","floor":21.0},{"not_picked":["Havoc+1","Spot Weakness"],"picked":"Shockwave","floor":22.0},{"not_picked":["Intimidate","Perfected Strike"],"picked":"Headbutt+1","floor":23.0},{"not_picked":["Flex","Body Slam","Havoc+1"],"picked":"SKIP","floor":24.0},{"not_picked":["Body Slam","Armaments"],"picked":"Ghostly Armor","floor":29.0},{"not_picked":["Clothesline+1","Disarm+1"],"picked":"Rampage+1","floor":30.0},{"not_picked":["Immolate","Reaper"],"picked":"Impervious","floor":33.0},{"not_picked":["Wild Strike","Clothesline"],"picked":"Pummel","floor":35},{"not_picked":["Havoc+1","Iron Wave"],"picked":"Whirlwind+1","floor":36},{"not_picked":["Havoc","Shrug It Off"],"picked":"Dropkick","floor":37},{"not_picked":["Wild Strike+1","Perfected Strike"],"picked":"Flame Barrier","floor":38},{"not_picked":["Wild Strike+1","Armaments"],"picked":"Twin Strike+1","floor":39},{"not_picked":["Wild Strike","Sentinel+1"],"picked":"Blood for Blood+1","floor":40},{"not_picked":["Flame Barrier","Clothesline+1"],"picked":"Pommel Strike+1","floor":42},{"not_picked":["True Grit+1","Searing Blow","Infernal Blade"],"picked":"SKIP","floor":44}],"player_experience":72848,"relics_obtained":[{"floor":9.0,"key":"Red Skull"},{"floor":11.0,"key":"The Courier"},{"floor":23.0,"key":"Mummified Hand"},{"floor":26.0,"key":"Toy Ornithopter"},{"floor":27.0,"key":"MealTicket"},{"floor":30.0,"key":"Letter Opener"},{"floor":40,"key":"Regal Pillow"},{"floor":43,"key":"Shuriken"}],"event_choices":[{"damage_healed":0.0,"max_hp_gain":0.0,"max_hp_loss":0.0,"gold_gain":79.0,"event_name":"Golden Wing","player_choice":"Gained Gold","floor":10.0,"gold_loss":0.0,"damage_taken":0.0},{"damage_healed":0.0,"max_hp_gain":0.0,"max_hp_loss":0.0,"gold_gain":0.0,"event_name":"Golden Idol","player_choice":"Take Wound","floor":13.0,"gold_loss":0.0,"damage_taken":0.0,"relics_obtained":["Golden Idol"],"cards_obtained":["Injury"]},{"damage_healed":0.0,"max_hp_gain":0.0,"max_hp_loss":0.0,"gold_gain":0.0,"event_name":"NoteForYourself","player_choice":"Ignored","floor":19.0,"gold_loss":0.0,"damage_taken":0.0}],"is_beta":false,"boss_relics":[{"not_picked":["Coffee Dripper","Philosopher\u0027s Stone"],"picked":"Cursed Key"},{"not_picked":["Pandora\u0027s Box","Empty Cage"],"picked":"Mark of Pain"}],"items_purged_floors":[31],"is_endless":false,"potions_floor_spawned":[3,5,7,16,18,21,23,24,35,36,40],"killed_by":"Giant Head","ascension_level":0}}