{"host":"sdl5b0uiznq00owb","time":1608878951,"event":{"mods":["BaseMod","Minty Spire (QoL Compilation)","Permanent Neow","Relic Stats"],"gold_per_floor":[118,129,145,220,233,260,280,280,280,291,291,42,63,77,77,208,208,228,248,112,132,151,151,175,175,175,216,231,271,271,64,64,183,183,199,219,552,465,478,478,13,28,55,55,66,66,66,94,94,94],"floor_reached":51,"playtime":4521,"items_purged":["Strike_G","Strike_G","Strike_G"],"score":967,"play_id":"75494337-b5be-42a7-9dd8-69512dd98164","local_time":"20201225004911","is_ascension_mode":true,"campfire_choices":[{"floor":8.0,"key":"REST"},{"floor":15,"key":"REST"},{"data":"Apotheosis","floor":23,"key":"SMITH"},{"floor":25,"key":"REST"},{"data":"Tools of the Trade","floor":30,"key":"SMITH"},{"floor":32,"key":"REST"},{"data":"1","floor":40,"key":"LIFT"},{"data":"2","floor":44,"key":"LIFT"},{"floor":46,"key":"REST"},{"floor":49,"key":"REST"}],"circlet_count":0,"master_deck":["Strike_G","Strike_G","Defend_G","Defend_G","Defend_G","Defend_G","Defend_G","Survivor","Neutralize","Leg Sweep","Blade Dance","Accuracy","Blur","Predator","Apotheosis+1","PiercingWail","Cloak And Dagger","Tools of the Trade+1","Noxious Fumes","Escape Plan","Tactician","PiercingWail","Caltrops","Footwork","Deadly Poison","Deadly Poison","After Image","Backflip+1","Well Laid Plans+1","Backflip+1"],"relics":["Ring of the Serpent","Pantograph","Bird Faced Urn","Prayer Wheel","Ninja Scroll","Girya","Orrery","WristBlade","Potion Belt","Paper Crane","Happy Flower","Lantern","Juzu Bracelet"],"acts_visited":["Exordium","TheCity","TheBeyond"],"potions_floor_usage":[19,27,29,33,33,33,45,48,50,50,50,50],"damage_taken":[{"damage":0.0,"enemies":"2 Louse","floor":1.0,"turns":4.0},{"damage":0.0,"enemies":"Small Slimes","floor":2.0,"turns":5.0},{"damage":0.0,"enemies":"Jaw Worm","floor":3.0,"turns":3.0},{"damage":0.0,"enemies":"Blue Slaver","floor":5.0,"turns":6.0},{"damage":11.0,"enemies":"Lagavulin","floor":6.0,"turns":8.0},{"damage":20.0,"enemies":"Gremlin Gang","floor":7.0,"turns":6.0},{"damage":27.0,"enemies":"Exordium Wildlife","floor":10.0,"turns":10.0},{"damage":6.0,"enemies":"Red Slaver","floor":13.0,"turns":4.0},{"damage":5,"enemies":"Looter","floor":14,"turns":4},{"damage":13,"enemies":"Hexaghost","floor":16,"turns":11},{"damage":6,"enemies":"3 Byrds","floor":18,"turns":4},{"damage":16,"enemies":"2 Thieves","floor":19,"turns":4},{"damage":14,"enemies":"Snake Plant","floor":21,"turns":5},{"damage":18,"enemies":"Centurion and Healer","floor":22,"turns":8},{"damage":6,"enemies":"3 Cultists","floor":24,"turns":6},{"damage":21,"enemies":"Book of Stabbing","floor":27,"turns":7},{"damage":0,"enemies":"Cultist and Chosen","floor":28,"turns":9},{"damage":16,"enemies":"Gremlin Leader","floor":29,"turns":7},{"damage":62,"enemies":"Automaton","floor":33,"turns":14},{"damage":20,"enemies":"3 Darklings","floor":35,"turns":5},{"damage":8,"enemies":"3 Shapes","floor":36,"turns":7},{"damage":19,"enemies":"Maw","floor":39,"turns":7},{"damage":7,"enemies":"Writhing Mass","floor":42,"turns":7},{"damage":28,"enemies":"3 Darklings","floor":45,"turns":7},{"damage":26,"enemies":"Reptomancer","floor":48,"turns":6},{"damage":51,"enemies":"Awakened One","floor":50,"turns":16}],"seed_played":"1262608258038185760","potions_obtained":[{"floor":1.0,"key":"PowerPotion"},{"floor":7.0,"key":"SpeedPotion"},{"floor":13.0,"key":"PowerPotion"},{"floor":14,"key":"DistilledChaos"},{"floor":18,"key":"PowerPotion"},{"floor":22,"key":"BlessingOfTheForge"},{"floor":28,"key":"Swift Potion"},{"floor":33,"key":"Swift Potion"},{"floor":36,"key":"Weak Potion"},{"floor":39,"key":"Explosive Potion"},{"floor":45,"key":"Energy Potion"}],"is_trial":false,"path_per_floor":["M","M","M","?","M","E","M","R","T","M","?","$","M","M","R","B",null,"M","M","$","M","M","R","M","R","T","E","M","E","R","$","R","B",null,"M","M","?","?","M","R","$","M","T","R","M","R","?","E","R","B",null],"character_chosen":"THE_SILENT","items_purchased":["Apotheosis","Noxious Fumes","Orrery","Energy Potion","Paper Crane","Dexterity Potion","SpeedPotion"],"campfire_rested":6,"item_purchase_floors":[12,20,31,31,41,41,41],"current_hp_per_floor":[63,63,63,52,52,41,21,42,42,17,17,17,13,10,29,43,60,58,46,46,38,26,26,26,45,45,32,38,30,30,30,49,8,51,43,47,47,47,40,40,40,45,45,45,31,50,50,36,55,16],"gold":94,"neow_bonus":"THREE_CARDS","is_daily":false,"chose_seed":false,"campfire_upgraded":2,"win_rate":0.0,"timestamp":1608878951,"path_taken":["M","M","M","?","M","E","M","R","T","M","?","$","M","M","R","BOSS","M","M","$","M","M","R","M","R","T","E","M","E","R","$","R","BOSS","M","M","?","?","M","R","$","?","T","R","?","R","?","E","R","BOSS"],"items_purchased_type":["Card","Card","Relic","Potion","Relic","Potion","Potion"],"build_version":"2020-12-22","purchased_purges":3,"victory":true,"max_hp_per_floor":[70,70,70,70,70,70,70,70,70,70,65,65,65,65,65,65,65,65,65,65,65,65,65,65,65,65,65,65,65,65,65,65,65,65,65,65,65,65,65,65,65,65,65,65,65,65,65,65,65,65],"relic_stats":{"Happy Flower":[9],"counters":[26,180],"Pantograph":51,"Bird Faced Urn":[137],"Prayer Wheel":6,"Juzu Bracelet":0,"obtain_stats":[{"Potion Belt":38,"Girya":29,"Lantern":47,"Happy Flower":43,"Golden Idol":11,"Juzu Bracelet":48,"Paper Crane":41,"WristBlade":34,"Ninja Scroll":27,"Pantograph":6,"Bird Faced Urn":9,"Orrery":31,"Prayer Wheel":26,"Ring of the Serpent":17,"Ring of the Snake":0},{"Potion Belt":21,"Girya":18,"Lantern":24,"Happy Flower":23,"Golden Idol":7,"Juzu Bracelet":25,"Paper Crane":22,"WristBlade":19,"Ninja Scroll":16,"Pantograph":5,"Bird Faced Urn":6,"Orrery":18,"Prayer Wheel":15,"Ring of the Serpent":10,"Ring of the Snake":0},{"Potion Belt":137,"Girya":111,"Lantern":158,"Happy Flower":151,"Golden Idol":42,"Juzu Bracelet":164,"Paper Crane":144,"WristBlade":125,"Ninja Scroll":95,"Pantograph":26,"Bird Faced Urn":32,"Orrery":111,"Prayer Wheel":88,"Ring of the Serpent":61,"Ring of the Snake":0}]},"card_choices":[{"not_picked":["Blur","PiercingWail"],"picked":"Leg Sweep","floor":0.0},{"not_picked":["Finisher","Slice"],"picked":"Blade Dance","floor":1.0},{"not_picked":["Prepared","Sucker Punch"],"picked":"Accuracy","floor":2.0},{"not_picked":["PiercingWail","Masterful Stab"],"picked":"Blur","floor":3.0},{"not_picked":["Finisher","Deflect"],"picked":"Predator","floor":5.0},{"not_picked":["Choke","Expertise","Blade Dance"],"picked":"SKIP","floor":7.0},{"not_picked":["Blade Dance","Dodge and Roll","Setup"],"picked":"SKIP","floor":10.0},{"not_picked":["Endless Agony","Catalyst"],"picked":"PiercingWail","floor":13.0},{"not_picked":["Blur","Heel Hook"],"picked":"Cloak And Dagger","floor":14},{"not_picked":["Bullet Time","Grand Finale"],"picked":"Tools of the Trade","floor":16},{"not_picked":["Prepared","Outmaneuver","Flying Knee"],"picked":"SKIP","floor":18},{"not_picked":["Poisoned Stab+1","Quick Slash","Blade Dance"],"picked":"SKIP","floor":19},{"not_picked":["All Out Attack+1","Acrobatics","Storm of Steel"],"picked":"SKIP","floor":21},{"not_picked":["Dagger Spray","Blade Dance"],"picked":"Escape Plan","floor":22},{"not_picked":["Masterful Stab","Setup"],"picked":"Tactician","floor":24},{"not_picked":["Masterful Stab+1","Prepared"],"picked":"PiercingWail","floor":27},{"not_picked":["Dodge and Roll","Quick Slash","Acrobatics+1"],"picked":"SKIP","floor":28},{"not_picked":["Endless Agony","Sucker Punch","Catalyst"],"picked":"SKIP","floor":28},{"not_picked":["Storm of Steel","Deflect+1"],"picked":"Caltrops","floor":29},{"not_picked":["PiercingWail","Dash"],"picked":"Footwork","floor":31},{"not_picked":["Prepared+1","Outmaneuver"],"picked":"Deadly Poison","floor":31},{"not_picked":["Dash","Concentrate"],"picked":"Deadly Poison","floor":31},{"not_picked":["Tools of the Trade","Phantasmal Killer"],"picked":"After Image","floor":33},{"not_picked":["Blade Dance","Bouncing Flask+1","Flechettes"],"picked":"SKIP","floor":35},{"not_picked":["Sucker Punch+1","Quick Slash+1","PiercingWail"],"picked":"SKIP","floor":35},{"not_picked":["Escape Plan","Sucker Punch","Caltrops+1"],"picked":"SKIP","floor":36},{"not_picked":["Dagger Spray+1","Quick Slash","Eviscerate"],"picked":"SKIP","floor":36},{"not_picked":["Bane","PiercingWail+1","Dagger Throw+1"],"picked":"SKIP","floor":39},{"not_picked":["Expertise","Glass Knife","Outmaneuver+1"],"picked":"SKIP","floor":39},{"not_picked":["Outmaneuver+1","Bane"],"picked":"Backflip+1","floor":42},{"not_picked":["Predator+1","Sucker Punch"],"picked":"Well Laid Plans+1","floor":42},{"not_picked":["Flying Knee","Sucker Punch","Distraction+1"],"picked":"SKIP","floor":45},{"not_picked":["Sucker Punch+1","Leg Sweep+1","Outmaneuver+1"],"picked":"SKIP","floor":45},{"not_picked":["Tactician","Dagger Throw+1"],"picked":"Backflip+1","floor":48}],"player_experience":695392,"relics_obtained":[{"floor":6.0,"key":"Pantograph"},{"floor":9.0,"key":"Bird Faced Urn"},{"floor":26,"key":"Prayer Wheel"},{"floor":27,"key":"Ninja Scroll"},{"floor":29,"key":"Girya"},{"floor":43,"key":"Happy Flower"},{"floor":47,"key":"Lantern"},{"floor":48,"key":"Juzu Bracelet"}],"event_choices":[{"damage_healed":0.0,"max_hp_gain":0.0,"max_hp_loss":0.0,"gold_gain":75.0,"event_name":"World of Goop","player_choice":"Gather Gold","floor":4.0,"gold_loss":0.0,"damage_taken":11.0},{"damage_healed":0.0,"max_hp_gain":0.0,"max_hp_loss":5.0,"gold_gain":0.0,"event_name":"Golden Idol","player_choice":"Lose Max HP","floor":11.0,"gold_loss":0.0,"damage_taken":0.0,"relics_obtained":["Golden Idol"]},{"damage_healed":0,"gold_gain":333,"player_choice":"Gave Idol","damage_taken":0,"max_hp_gain":0,"max_hp_loss":0,"event_name":"The Moai Head","floor":37,"relics_lost":["Golden Idol"],"gold_loss":0},{"damage_healed":0,"gold_gain":0,"player_choice":"Paid Gold","damage_taken":0,"relics_obtained":["Potion Belt"],"max_hp_gain":0,"max_hp_loss":0,"event_name":"WeMeetAgain","floor":38,"gold_loss":87},{"damage_healed":0,"gold_gain":0,"player_choice":"Relic","damage_taken":0,"max_hp_gain":0,"max_hp_loss":0,"event_name":"Wheel of Change","floor":47,"gold_loss":0}],"is_beta":false,"boss_relics":[{"not_picked":["Tiny House","Snecko Eye"],"picked":"Ring of the Serpent"},{"not_picked":["Philosopher\u0027s Stone","Busted Crown"],"picked":"WristBlade"}],"items_purged_floors":[12,20,41],"is_endless":false,"potions_floor_spawned":[1,7,13,14,18,22,24,28,33,36,39,45],"ascension_level":8}}