{"host":"cm56dopeulr50jn0","time":1608875491,"event":{"mods":["BaseMod","Bestiary","Better Match","Better Third Choice","Jorbs\u0027s Wanderer Trilogy","Minty Spire (QoL Compilation)","Relic Stats","Robot Space Explorer","StSLib","The Marked"],"gold_per_floor":[20,33,51,63,34,34,34,63,90,102,115,115,150,162,162,260,260,277,293,22,35,51,77,77,93,93,113,129,129,0,32,32,128,128,142,142,43,53,53,86,86,121,121,156,169,202,202,212,212,212],"floor_reached":51,"playtime":2281,"items_purged":["theMarked:Strike"],"score":1118,"play_id":"edf99df9-6438-481b-87ef-4cecced850d3","local_time":"20201224215131","is_ascension_mode":true,"campfire_choices":[{"data":"theMarked:Polarize","floor":6,"key":"SMITH"},{"floor":12,"key":"REST"},{"data":"theMarked:Polarize","floor":15,"key":"SMITH"},{"data":"theMarked:GodGivenPower","floor":24,"key":"SMITH"},{"floor":29,"key":"REST"},{"data":"theMarked:Strike","floor":32,"key":"PURGE"},{"data":"theMarked:Strike","floor":41,"key":"PURGE"},{"floor":47,"key":"REST"},{"floor":49,"key":"REST"}],"circlet_count":0,"master_deck":["theMarked:Defend","theMarked:Defend","theMarked:Defend","theMarked:Defend+1","theMarked:SoldierOfQuellstein","theMarked:Electrocute","theMarked:KeepCalmAndFightOn+1","theMarked:SwordAndMagic+1","theMarked:Polarize+1","theMarked:Polarize+1","theMarked:ReduceFriction+1","theMarked:Polarize+1","theMarked:PowerFlow","theMarked:GodGivenPower+1","theMarked:Static+1","theMarked:HeightenedSenses","theMarked:Electrocute+1","theMarked:HeightenedSenses+1","theMarked:Polarize+1","Clumsy","theMarked:TwofoldDefense","theMarked:StartUp+1"],"relics":["theMarked:ArtifactOfAir","betterThird:SlimedRelic","theMarked:DemonDagger","Ancient Tea Set","Toy Ornithopter","Black Star","Nunchaku","Peace Pipe","Boot","Happy Flower","Question Card","Tiny Chest","Cursed Key","CaptainsWheel","Strawberry","War Paint","Pen Nib","Whetstone","Bronze Scales","Ice Cream","Smiling Mask","Regal Pillow"],"acts_visited":["Exordium","TheCity","TheBeyond"],"potions_floor_usage":[16,18,23,23,31,33,37,46,46,50],"damage_taken":[{"damage":1,"enemies":"Cultist","floor":1,"turns":3},{"damage":0,"enemies":"Small Slimes","floor":2,"turns":2},{"damage":0,"enemies":"2 Louse","floor":3,"turns":1},{"damage":7,"enemies":"Exordium Thugs","floor":4,"turns":6},{"damage":26,"enemies":"3 Sentries","floor":8,"turns":5},{"damage":8,"enemies":"Red Slaver","floor":10,"turns":2},{"damage":0,"enemies":"Lots of Slimes","floor":11,"turns":1},{"damage":0,"enemies":"Gremlin Nob","floor":13,"turns":3},{"damage":7,"enemies":"Large Slime","floor":14,"turns":4},{"damage":0,"enemies":"Slime Boss","floor":16,"turns":5},{"damage":18,"enemies":"3 Byrds","floor":18,"turns":6},{"damage":10,"enemies":"2 Thieves","floor":19,"turns":4},{"damage":0,"enemies":"Sentry and Sphere","floor":21,"turns":2},{"damage":10,"enemies":"Snecko","floor":22,"turns":3},{"damage":14,"enemies":"Book of Stabbing","floor":23,"turns":3},{"damage":7,"enemies":"3 Cultists","floor":25,"turns":3},{"damage":0,"enemies":"Centurion and Healer","floor":27,"turns":3},{"damage":8,"enemies":"Shelled Parasite and Fungi","floor":28,"turns":4},{"damage":0,"enemies":"Slavers","floor":31,"turns":1},{"damage":41,"enemies":"Champ","floor":33,"turns":4},{"damage":14,"enemies":"3 Shapes","floor":35,"turns":5},{"damage":8,"enemies":"Orb Walker","floor":38,"turns":3},{"damage":0,"enemies":"Giant Head","floor":40,"turns":4},{"damage":3,"enemies":"Nemesis","floor":42,"turns":5},{"damage":0,"enemies":"Giant Head","floor":44,"turns":4},{"damage":18,"enemies":"Transient","floor":45,"turns":5},{"damage":41,"enemies":"Nemesis","floor":46,"turns":3},{"damage":2,"enemies":"Spire Growth","floor":48,"turns":4},{"damage":42,"enemies":"Time Eater","floor":50,"turns":4}],"seed_played":"922258817876603597","potions_obtained":[{"floor":2,"key":"Regen Potion"},{"floor":3,"key":"Weak Potion"},{"floor":4,"key":"Weak Potion"},{"floor":11,"key":"PowerPotion"},{"floor":22,"key":"LiquidMemories"},{"floor":23,"key":"SteroidPotion"},{"floor":31,"key":"Explosive Potion"},{"floor":33,"key":"AttackPotion"},{"floor":35,"key":"GamblersBrew"},{"floor":45,"key":"PowerPotion"},{"floor":46,"key":"Strength Potion"},{"floor":48,"key":"Energy Potion"}],"is_trial":false,"path_per_floor":["M","M","M","M","?","R","?","E","T","M","M","R","E","M","R","B",null,"M","M","$","M","M","E","R","M","T","M","M","R","?","E","R","B",null,"M","?","$","M","T","E","R","E","T","E","M","E","R","M","R","B",null],"character_chosen":"THE_DEFAULT","items_purchased":["Nunchaku","Explosive Potion","Fruit Juice"],"campfire_rested":4,"item_purchase_floors":[20,20,37],"current_hp_per_floor":[69,69,69,62,51,51,51,25,25,17,17,38,38,31,31,50,70,57,47,47,47,37,33,33,26,26,26,18,39,39,44,44,8,70,56,56,66,58,58,65,65,62,62,62,44,13,52,50,82,45],"gold":212,"neow_bonus":"TRANSFORM_TWO_CARDS","is_daily":false,"chose_seed":false,"campfire_upgraded":3,"win_rate":0.0,"timestamp":1608875491,"path_taken":["M","M","M","?","?","R","?","E","T","?","M","R","E","M","R","BOSS","M","M","?","M","M","E","R","?","T","M","M","R","?","E","R","BOSS","M","?","?","?","?","E","R","E","T","E","M","E","R","M","R","BOSS"],"items_purchased_type":["Relic","Potion","Potion"],"build_version":"2020-12-22","purchased_purges":1,"victory":true,"max_hp_per_floor":[70,70,70,70,70,70,70,70,70,70,70,70,70,70,70,70,70,70,70,70,70,70,70,70,70,70,70,70,70,70,70,70,70,70,70,70,75,75,75,82,82,82,82,82,82,82,82,82,82,82],"relic_stats":{"Regal Pillow":23,"Happy Flower":[16],"counters":[29,102],"Pen Nib":[1],"Whetstone":["theMarked:KeepCalmAndFightOn","theMarked:SwordAndMagic"],"War Paint":["theMarked:ReduceFriction","theMarked:Defend"],"Boot":[8],"Question Card":9,"Cursed Key":1,"Smiling Mask":0,"Peace Pipe":2,"Nunchaku":[5],"Bronze Scales":[36],"Tiny Chest":1,"Black Star":6,"obtain_stats":[{"Ice Cream":44,"theMarked:DemonDagger":8,"Regal Pillow":46,"Happy Flower":26,"Pen Nib":42,"Whetstone":42,"War Paint":40,"Ancient Tea Set":9,"Boot":23,"Question Card":31,"Cursed Key":34,"Smiling Mask":46,"Peace Pipe":23,"theMarked:ArtifactOfAir":0,"Nunchaku":20,"CaptainsWheel":39,"betterThird:SlimedRelic":5,"Strawberry":40,"Bronze Scales":44,"Tiny Chest":31,"Black Star":17,"Toy Ornithopter":13},{"Ice Cream":25,"theMarked:DemonDagger":5,"Regal Pillow":27,"Happy Flower":16,"Pen Nib":24,"Whetstone":24,"War Paint":23,"Ancient Tea Set":5,"Boot":15,"Question Card":19,"Cursed Key":20,"Smiling Mask":27,"Peace Pipe":15,"theMarked:ArtifactOfAir":0,"Nunchaku":12,"CaptainsWheel":22,"betterThird:SlimedRelic":4,"Strawberry":23,"Bronze Scales":25,"Tiny Chest":19,"Black Star":10,"Toy Ornithopter":8},{"Ice Cream":86,"theMarked:DemonDagger":17,"Regal Pillow":94,"Happy Flower":53,"Pen Nib":82,"Whetstone":82,"War Paint":77,"Ancient Tea Set":17,"Boot":50,"Question Card":61,"Cursed Key":65,"Smiling Mask":94,"Peace Pipe":50,"theMarked:ArtifactOfAir":0,"Nunchaku":42,"CaptainsWheel":73,"betterThird:SlimedRelic":12,"Strawberry":77,"Bronze Scales":86,"Tiny Chest":61,"Black Star":32,"Toy Ornithopter":23}],"Toy Ornithopter":50},"card_choices":[{"not_picked":["theMarked:Aftermath","theMarked:MaelstromOfLightning"],"picked":"theMarked:SwordAndMagic","floor":1},{"not_picked":["theMarked:WastefulAttack","theMarked:Seal"],"picked":"theMarked:Polarize","floor":2},{"not_picked":["theMarked:LightningStrikesTwice","theMarked:KeepCalmAndFightOn","theMarked:ContemptForTheProud"],"picked":"SKIP","floor":3},{"not_picked":["theMarked:Aftermath","theMarked:SwordAndMagic"],"picked":"theMarked:Polarize","floor":4},{"not_picked":["theMarked:BanishingWave","theMarked:DeterminationOfTheMarked"],"picked":"theMarked:ReduceFriction","floor":8},{"not_picked":["theMarked:Frustration","theMarked:MuscleMemory"],"picked":"theMarked:Polarize","floor":10},{"not_picked":["theMarked:Indomitable","theMarked:TwofoldDefense"],"picked":"theMarked:PowerFlow","floor":11},{"not_picked":["theMarked:ElectricStrings","theMarked:Static"],"picked":"theMarked:GodGivenPower","floor":13},{"not_picked":["theMarked:Convert","theMarked:Parkour","theMarked:EmpowerWeapon"],"picked":"SKIP","floor":14},{"not_picked":["theMarked:KeepCalmAndFightOn","theMarked:WastefulAttack"],"picked":"theMarked:Static+1","floor":18},{"not_picked":["theMarked:MysticalArsenal","theMarked:WastefulAttack+1","theMarked:BanishingStrike"],"picked":"SKIP","floor":19},{"not_picked":["theMarked:ChainLightning","theMarked:SelfDefenseTraining","theMarked:PowerFlow"],"picked":"SKIP","floor":21},{"not_picked":["theMarked:TunnelVision","theMarked:Frustration"],"picked":"theMarked:HeightenedSenses","floor":22},{"not_picked":["theMarked:BanishingStrike+1","theMarked:ChainLightning","theMarked:RogueSparks"],"picked":"SKIP","floor":23},{"not_picked":["theMarked:ResourceFulStrike","theMarked:Snap","theMarked:EmpowerWeapon+1"],"picked":"SKIP","floor":25},{"not_picked":["theMarked:PowerFlow","theMarked:SwordAndMagic","theMarked:EmpowerWeapon"],"picked":"SKIP","floor":27},{"not_picked":["theMarked:Static","theMarked:Indomitable"],"picked":"theMarked:Electrocute+1","floor":28},{"not_picked":["theMarked:WardOff","theMarked:EnhancedHearing","theMarked:CreepingChasm"],"picked":"SKIP","floor":31},{"not_picked":["theMarked:EmpowerWeapon+1","theMarked:SwordAndMagic+1","theMarked:TwofoldDefense"],"picked":"theMarked:HeightenedSenses+1","floor":35},{"not_picked":["theMarked:Frustration+1","theMarked:WastefulAttack+1","theMarked:Aftermath","theMarked:Electrocute"],"picked":"SKIP","floor":38},{"not_picked":["theMarked:StartUp+1","theMarked:EmpowerWeapon","theMarked:TunnelVision+1","theMarked:FavorableWinds"],"picked":"SKIP","floor":40},{"not_picked":["theMarked:Electrocute","theMarked:ResourceFulStrike","theMarked:CreepingChasm+1"],"picked":"theMarked:TwofoldDefense","floor":42},{"not_picked":["theMarked:StartUp+1","theMarked:EmpowerWeapon+1","theMarked:Aftermath","theMarked:ResourceFulStrike+1"],"picked":"SKIP","floor":44},{"not_picked":["theMarked:Frustration","theMarked:BanishingStrike","theMarked:SuspiciousRaven"],"picked":"theMarked:StartUp+1","floor":45},{"not_picked":["theMarked:MuscleMemory","theMarked:WardOff+1","theMarked:WastefulAttack","theMarked:Improvise+1"],"picked":"SKIP","floor":46},{"not_picked":["theMarked:WardOff","theMarked:KeepCalmAndFightOn","theMarked:Parkour","theMarked:BanishingStrike"],"picked":"SKIP","floor":48}],"player_experience":1300531,"relics_obtained":[{"floor":8,"key":"theMarked:DemonDagger"},{"floor":9,"key":"Ancient Tea Set"},{"floor":13,"key":"Toy Ornithopter"},{"floor":23,"key":"Peace Pipe"},{"floor":23,"key":"Boot"},{"floor":26,"key":"Happy Flower"},{"floor":31,"key":"Question Card"},{"floor":31,"key":"Tiny Chest"},{"floor":39,"key":"CaptainsWheel"},{"floor":40,"key":"Strawberry"},{"floor":40,"key":"War Paint"},{"floor":42,"key":"Pen Nib"},{"floor":42,"key":"Whetstone"},{"floor":44,"key":"Bronze Scales"},{"floor":44,"key":"Ice Cream"},{"floor":46,"key":"Smiling Mask"},{"floor":46,"key":"Regal Pillow"}],"event_choices":[{"damage_healed":0,"gold_gain":0,"player_choice":"Slimed","damage_taken":11,"max_hp_gain":0,"max_hp_loss":0,"event_name":"betterThird:BetterGoop","floor":5,"gold_loss":29},{"damage_healed":0,"gold_gain":0,"player_choice":"Upgraded","damage_taken":0,"max_hp_gain":0,"max_hp_loss":0,"event_name":"Upgrade Shrine","floor":7,"gold_loss":0,"cards_upgraded":["theMarked:Polarize"]},{"damage_healed":0,"gold_gain":0,"player_choice":"Paid Fearfully","damage_taken":0,"max_hp_gain":0,"max_hp_loss":0,"event_name":"Masked Bandits","floor":30,"gold_loss":129},{"damage_healed":0,"gold_gain":0,"player_choice":"Copied","damage_taken":0,"max_hp_gain":0,"max_hp_loss":0,"event_name":"Duplicator","floor":36,"gold_loss":0,"cards_obtained":["theMarked:Polarize"]}],"is_beta":false,"boss_relics":[{"not_picked":["Empty Cage","Philosopher\u0027s Stone"],"picked":"Black Star"},{"not_picked":["Sozu","theMarked:BronzeBlade"],"picked":"Cursed Key"}],"items_purged_floors":[20],"is_endless":false,"potions_floor_spawned":[2,3,4,11,13,22,23,31,33,35,45,46,48],"ascension_level":1}}