{"host":"reretk0dz0kj8f1n","time":1608856681,"event":{"mods":["Arknights The Spire","BaseMod","Colored Map","Minty Spire (QoL Compilation)","StSLib"],"gold_per_floor":[111,129,54,68,68,101,101,120,120,139,159,159,193,208,208,306,306,323,146,146,166,179,209,209,223,223,243,243,79,178,178,178,277,277,297,314,314,129,143,143,143],"floor_reached":40,"playtime":2636,"items_purged":["ats:Strike V","ats:Strike S","ats:Defend","ats:Defend"],"score":420,"play_id":"4ff7254d-fae6-4fff-846d-cc51a448cec2","local_time":"20201225093801","is_ascension_mode":false,"campfire_choices":[{"data":"ats:Emotion Absorption","floor":7,"key":"SMITH"},{"data":"ats:Healing Strengthening","floor":12,"key":"SMITH"},{"data":"ats:Revitalization","floor":15,"key":"SMITH"},{"data":"ats:Counter Healing Mode","floor":24,"key":"SMITH"},{"data":"ats:True Silver Slash","floor":32,"key":"SMITH"}],"circlet_count":0,"master_deck":["ats:Strike G","ats:Armor Crushing Shot","ats:Defend","ats:Defend+1","ats:Emotion Absorption+1","ats:Hammer On+1","ats:Shell Defense","ats:Revitalization+1","ats:Healing Strengthening+1","ats:Assault Order","ats:Disruption Kick","ats:Counter Healing Mode+1","ats:True Silver Slash+1","ats:Thermite Blade","ats:Revitalization","ats:Cat Scratch","ats:Revitalization+1","ats:Healing Strengthening","ats:Dogmatic Field+1","ats:Healing Strengthening"],"relics":["ats:Sanity","NeowsBlessing","ats:Originium","ats:Military Tradition","White Beast Statue","ats:Originium","Oddly Smooth Stone","Busted Crown","ats:Originium","ats:Lavender","ats:Rhine Circuitry","CaptainsWheel","Black Star"],"acts_visited":["Exordium","TheCity","TheBeyond"],"potions_floor_usage":[6,13,16,16,18,23,27,27,36,40,40],"damage_taken":[{"damage":0,"enemies":"Cultist","floor":1,"turns":1},{"damage":0,"enemies":"Jaw Worm","floor":2,"turns":1},{"damage":0,"enemies":"2 Louse","floor":4,"turns":1},{"damage":18,"enemies":"3 Sentries","floor":6,"turns":13},{"damage":2,"enemies":"Looter","floor":8,"turns":4},{"damage":15,"enemies":"2 Fungi Beasts","floor":10,"turns":7},{"damage":2,"enemies":"Exordium Wildlife","floor":11,"turns":5},{"damage":19,"enemies":"Lagavulin","floor":13,"turns":7},{"damage":6,"enemies":"Exordium Thugs","floor":14,"turns":5},{"damage":124,"enemies":"Slime Boss","floor":16,"turns":30},{"damage":30,"enemies":"2 Thieves","floor":18,"turns":4},{"damage":24,"enemies":"Shell Parasite","floor":21,"turns":6},{"damage":136,"enemies":"Snake Plant","floor":22,"turns":18},{"damage":168,"enemies":"Book of Stabbing","floor":23,"turns":11},{"damage":79,"enemies":"Cultist and Chosen","floor":25,"turns":10},{"damage":53,"enemies":"Centurion and Healer","floor":27,"turns":8},{"damage":262,"enemies":"Automaton","floor":33,"turns":23},{"damage":142,"enemies":"Orb Walker","floor":35,"turns":11},{"damage":276,"enemies":"3 Darklings","floor":36,"turns":20},{"damage":296,"enemies":"Spire Growth","floor":39,"turns":13},{"damage":74,"enemies":"Reptomancer","floor":40,"turns":2}],"seed_played":"6277291009682817916","potions_obtained":[{"floor":2,"key":"Dexterity Potion"},{"floor":6,"key":"SteroidPotion"},{"floor":10,"key":"EssenceOfSteel"},{"floor":11,"key":"ColorlessPotion"},{"floor":13,"key":"SteroidPotion"},{"floor":14,"key":"Dexterity Potion"},{"floor":16,"key":"SpeedPotion"},{"floor":18,"key":"FearPotion"},{"floor":21,"key":"Ancient Potion"},{"floor":22,"key":"Swift Potion"},{"floor":23,"key":"SmokeBomb"},{"floor":25,"key":"DuplicationPotion"},{"floor":27,"key":"Fruit Juice"},{"floor":33,"key":"SkillPotion"},{"floor":35,"key":"Dexterity Potion"},{"floor":36,"key":"FearPotion"}],"is_trial":false,"path_per_floor":["M","M","$","M","?","E","R","M","T","M","M","R","E","M","R","B",null,"M","$","?","M","M","E","R","M","T","M","?","$","?","T","R","B",null,"M","M","?","$","M","E"],"character_chosen":"DOCTOR_CLASS","items_purchased":["ats:Thermite Blade","ats:Healing Strengthening","ats:Healing Strengthening"],"campfire_rested":0,"item_purchase_floors":[19,29,38],"current_hp_per_floor":[72,72,72,72,58,46,46,49,49,67,72,72,72,72,72,72,72,43,43,30,25,77,10,10,26,26,70,70,70,70,70,70,64,82,80,74,74,74,56,0,0],"gold":143,"neow_bonus":"THREE_ENEMY_KILL","is_daily":false,"chose_seed":false,"campfire_upgraded":5,"win_rate":0.0,"timestamp":1608856681,"path_taken":["M","?","$","M","?","E","R","M","T","M","M","R","E","M","R","BOSS","M","$","?","M","M","E","R","M","T","M","?","$","?","?","R","BOSS","M","M","?","$","M","E"],"items_purchased_type":["Card","Card","Card"],"build_version":"2020-12-22","purchased_purges":4,"victory":false,"max_hp_per_floor":[72,72,72,72,72,72,72,72,72,72,72,72,72,72,72,72,72,72,72,77,77,77,77,77,77,77,82,82,82,82,82,82,82,82,82,82,82,82,82,82,82],"card_choices":[{"not_picked":["ats:Thorns","ats:Cat Scratch"],"picked":"ats:Hammer On","floor":1},{"not_picked":["ats:Poison Spread","ats:Composite Medical Shells","ats:Neurotoxin"],"picked":"SKIP","floor":2},{"not_picked":["ats:Flexible Camouflage","ats:Spore Proliferation"],"picked":"ats:Shell Defense","floor":4},{"not_picked":["ats:Thorns","ats:Curse Doll"],"picked":"ats:Revitalization","floor":6},{"not_picked":["ats:Cat Scratch","ats:Charging Defense"],"picked":"ats:Healing Strengthening","floor":8},{"not_picked":["ats:Burning Ground","ats:Poison Spread","ats:Powerful Strike"],"picked":"SKIP","floor":10},{"not_picked":["ats:Childhood Dance","ats:Thermite Blade"],"picked":"ats:Assault Order","floor":11},{"not_picked":["ats:Collapsing Strike","ats:Curse Doll"],"picked":"ats:Disruption Kick","floor":13},{"not_picked":["ats:Hammer On","ats:Ignite"],"picked":"ats:Counter Healing Mode","floor":14},{"not_picked":["ats:Volcano","ats:Rat Pack"],"picked":"ats:True Silver Slash","floor":16},{"not_picked":["ats:Consecutive Shot Auto"],"picked":"SKIP","floor":18},{"not_picked":[],"picked":"ats:Revitalization","floor":21},{"not_picked":["ats:Curse Doll"],"picked":"SKIP","floor":22},{"not_picked":[],"picked":"ats:Cat Scratch","floor":23},{"not_picked":[],"picked":"ats:Revitalization+1","floor":25},{"not_picked":["ats:Curse Doll+1"],"picked":"SKIP","floor":27},{"not_picked":[],"picked":"ats:Dogmatic Field","floor":33},{"not_picked":["ats:Ignite+1"],"picked":"SKIP","floor":35},{"not_picked":["ats:LN2 Cannon+1"],"picked":"SKIP","floor":36},{"not_picked":["ats:Flexible Camouflage+1"],"picked":"SKIP","floor":39}],"player_experience":237578,"relics_obtained":[{"floor":6,"key":"ats:Originium"},{"floor":6,"key":"ats:Military Tradition"},{"floor":9,"key":"White Beast Statue"},{"floor":13,"key":"ats:Originium"},{"floor":13,"key":"Oddly Smooth Stone"},{"floor":23,"key":"ats:Originium"},{"floor":23,"key":"ats:Lavender"},{"floor":26,"key":"ats:Rhine Circuitry"},{"floor":31,"key":"CaptainsWheel"}],"event_choices":[{"damage_healed":0,"gold_gain":0,"player_choice":"Entered Light","damage_taken":14,"max_hp_gain":0,"max_hp_loss":0,"event_name":"Shining Light","floor":5,"gold_loss":0,"cards_upgraded":["ats:Hammer On","ats:Defend"]},{"damage_healed":0,"gold_gain":0,"player_choice":"Shed Blood","damage_taken":18,"max_hp_gain":5,"max_hp_loss":0,"event_name":"Forgotten Altar","floor":20,"gold_loss":0},{"cards_removed":["ats:Strike C"],"damage_healed":0,"gold_gain":0,"player_choice":"Elegance","damage_taken":0,"max_hp_gain":0,"max_hp_loss":0,"event_name":"Back to Basics","floor":28,"gold_loss":0},{"damage_healed":0,"gold_gain":99,"player_choice":"Stole From Cult","damage_taken":0,"max_hp_gain":0,"max_hp_loss":0,"event_name":"Nest","floor":30,"gold_loss":0},{"damage_healed":0,"gold_gain":0,"player_choice":"Upgraded","damage_taken":0,"max_hp_gain":0,"max_hp_loss":0,"event_name":"Upgrade Shrine","floor":37,"gold_loss":0,"cards_upgraded":["ats:Dogmatic Field"]}],"is_beta":false,"boss_relics":[{"not_picked":["SacredBark","Runic Dome"],"picked":"Busted Crown"},{"not_picked":["ats:Omniscience","Sozu"],"picked":"Black Star"}],"items_purged_floors":[3,19,29,38],"is_endless":false,"potions_floor_spawned":[2,6,10,11,13,14,16,18,21,22,23,25,27,33,35,36,39],"killed_by":"Reptomancer","ascension_level":0}}