{"host":"3jpwrwmmgyabjceh","time":1608897918,"event":{"mods":["AchievementEnabler","BaseMod","Colored Map","Colored Powertips","Highlight Path","Minty Spire (QoL Compilation)","Quick Restart","StSLib"],"gold_per_floor":[116,131,147,166,166,166,51,51,105,105,66,77,77,77,77,208,208,232,84,109,109,109,109],"floor_reached":22,"playtime":617,"items_purged":["Strike_B","Strike_B"],"score":209,"play_id":"15a02b70-7e6c-47be-8eac-b9b96d698b1b","local_time":"20201225150518","is_ascension_mode":true,"campfire_choices":[{"data":"Defragment","floor":6,"key":"SMITH"},{"data":"Capacitor","floor":8,"key":"SMITH"},{"data":"Zap","floor":10,"key":"SMITH"},{"data":"Loop","floor":13,"key":"SMITH"},{"data":"Dualcast","floor":15,"key":"SMITH"}],"circlet_count":0,"master_deck":["Strike_B","Strike_B","Defend_B","Defend_B","Defend_B","Defend_B","Zap+1","Dualcast+1","Defragment+1","Heatsinks","Glacier","Streamline","Capacitor+1","Loop+1","Consume","Echo Form","Turbo","Redo"],"relics":["Cracked Core","MealTicket","Omamori","Bronze Scales","Golden Idol","Inserter"],"acts_visited":["Exordium","TheCity"],"potions_floor_usage":[4,22],"damage_taken":[{"damage":7,"enemies":"Small Slimes","floor":1,"turns":2},{"damage":1,"enemies":"Cultist","floor":2,"turns":3},{"damage":8,"enemies":"2 Louse","floor":3,"turns":2},{"damage":15,"enemies":"Large Slime","floor":4,"turns":10},{"damage":5,"enemies":"3 Louse","floor":12,"turns":4},{"damage":12,"enemies":"Hexaghost","floor":16,"turns":8},{"damage":28,"enemies":"Shell Parasite","floor":18,"turns":5},{"damage":38,"enemies":"2 Thieves","floor":20,"turns":4},{"damage":25,"enemies":"Centurion and Healer","floor":22,"turns":4}],"seed_played":"-3540723262196455914","potions_obtained":[{"floor":1,"key":"Swift Potion"},{"floor":3,"key":"PotionOfCapacity"},{"floor":18,"key":"SteroidPotion"},{"floor":20,"key":"Explosive Potion"}],"is_trial":false,"path_per_floor":["M","M","M","M","?","R","$","R","T","R","$","M","R","?","R","B",null,"M","$","M","?","M"],"character_chosen":"DEFECT","items_purchased":["Capacitor","Loop","Turbo"],"campfire_rested":0,"item_purchase_floors":[7,11,19],"current_hp_per_floor":[68,67,59,44,44,44,59,59,59,59,74,69,69,51,51,39,75,47,62,24,24,0,0],"gold":109,"neow_bonus":"RANDOM_COMMON_RELIC","is_daily":false,"chose_seed":false,"campfire_upgraded":5,"win_rate":0.0,"timestamp":1608897918,"path_taken":["M","M","M","M","?","R","$","R","T","R","$","?","R","?","R","BOSS","M","$","M","?","M"],"items_purchased_type":["Card","Card","Card"],"build_version":"2020-12-22","purchased_purges":2,"victory":false,"max_hp_per_floor":[75,75,75,75,75,75,75,75,75,75,75,75,75,75,75,75,75,75,75,75,75,75,75],"card_choices":[{"not_picked":["Self Repair","Capacitor"],"picked":"Defragment","floor":1},{"not_picked":["Beam Cell","Melter"],"picked":"Heatsinks","floor":2},{"not_picked":["Reinforced Body","Ball Lightning"],"picked":"Glacier","floor":3},{"not_picked":["Rip and Tear","Genetic Algorithm"],"picked":"Streamline","floor":4},{"not_picked":["Undo","Cold Snap"],"picked":"Consume","floor":12},{"not_picked":["Electrodynamics","Meteor Strike"],"picked":"Echo Form","floor":16},{"not_picked":["Steam","Sweeping Beam","Beam Cell"],"picked":"SKIP","floor":18},{"not_picked":["Go for the Eyes","Skim"],"picked":"Redo","floor":20}],"player_experience":276124,"relics_obtained":[{"floor":9,"key":"Bronze Scales"}],"event_choices":[{"damage_healed":0,"gold_gain":0,"player_choice":"Gave Potion","damage_taken":0,"relics_obtained":["Omamori"],"max_hp_gain":0,"max_hp_loss":0,"event_name":"WeMeetAgain","floor":5,"gold_loss":0},{"damage_healed":0,"gold_gain":0,"player_choice":"Take Damage","damage_taken":18,"relics_obtained":["Golden Idol"],"max_hp_gain":0,"max_hp_loss":0,"event_name":"Golden Idol","floor":14,"gold_loss":0},{"damage_healed":0,"gold_gain":0,"player_choice":"Ignored","damage_taken":0,"max_hp_gain":0,"max_hp_loss":0,"event_name":"Ghosts","floor":21,"gold_loss":0}],"is_beta":false,"boss_relics":[{"not_picked":["Cursed Key","Busted Crown"],"picked":"Inserter"}],"items_purged_floors":[7,19],"is_endless":false,"potions_floor_spawned":[1,3,18,20],"killed_by":"Centurion and Healer","ascension_level":4}}