{"host":"vlqejv0notyktumz","time":1608872970,"event":{"mods":["AchievementEnabler","BaseMod","Googly Eyes","Minty Spire (QoL Compilation)"],"gold_per_floor":[115,126,126,4,4,32,100,129,180,180,197,72,147,164,164,265,265,252,252,262,262,278,278,305,305,305,305,317,317,317],"floor_reached":29,"playtime":892,"items_purged":["Strike_G","Defend_G"],"score":373,"play_id":"178925e1-69be-4844-85ca-e660414ca810","local_time":"20201224230930","is_ascension_mode":true,"campfire_choices":[{"floor":10,"key":"REST"},{"data":"Sucker Punch","floor":15,"key":"SMITH"},{"floor":23,"key":"REST"},{"data":"Survivor","floor":25,"key":"SMITH"},{"floor":27,"key":"REST"}],"circlet_count":0,"master_deck":["Strike_G","Defend_G","Defend_G","Defend_G","Defend_G","Survivor+1","Neutralize","Poisoned Stab","Noxious Fumes","Sucker Punch+1","Deadly Poison","Backflip","Heel Hook","Deadly Poison+1","Noxious Fumes","Catalyst"],"relics":["Ring of the Snake","NeowsBlessing","Anchor","InkBottle","Omamori","Vajra","Runic Pyramid","StrikeDummy","Bottled Tornado"],"acts_visited":["Exordium","TheCity"],"potions_floor_usage":[16],"damage_taken":[{"damage":0,"enemies":"Jaw Worm","floor":1,"turns":1},{"damage":0,"enemies":"2 Louse","floor":2,"turns":1},{"damage":0,"enemies":"3 Sentries","floor":6,"turns":1},{"damage":24,"enemies":"Lagavulin","floor":8,"turns":8},{"damage":0,"enemies":"Cultist","floor":11,"turns":4},{"damage":0,"enemies":"Looter","floor":14,"turns":4},{"damage":26,"enemies":"Slime Boss","floor":16,"turns":12},{"damage":11,"enemies":"2 Thieves","floor":18,"turns":4},{"damage":10,"enemies":"Spheric Guardian","floor":20,"turns":4},{"damage":22,"enemies":"Cultist and Chosen","floor":22,"turns":5},{"damage":27,"enemies":"Book of Stabbing","floor":24,"turns":6},{"damage":19,"enemies":"Sentry and Sphere","floor":28,"turns":4},{"damage":10,"enemies":"Snake Plant","floor":29,"turns":2}],"seed_played":"8938184351413471985","potions_obtained":[{"floor":6,"key":"BlessingOfTheForge"},{"floor":8,"key":"SpeedPotion"},{"floor":16,"key":"Weak Potion"},{"floor":20,"key":"Poison Potion"}],"is_trial":false,"path_per_floor":["M","M","?","$","?","E","T","E","T","R","M","$","?","M","R","B",null,"M","?","M","?","M","R","E","R","T","R","M","M"],"character_chosen":"THE_SILENT","items_purchased":["Sucker Punch","Backflip"],"campfire_rested":3,"item_purchase_floors":[4,12],"current_hp_per_floor":[63,63,56,56,56,56,56,32,32,53,53,53,42,42,42,16,57,46,46,36,36,14,35,8,8,8,29,10,0,0],"gold":317,"neow_bonus":"THREE_ENEMY_KILL","is_daily":false,"chose_seed":false,"campfire_upgraded":2,"win_rate":0.0,"timestamp":1608872970,"path_taken":["M","M","?","$","?","E","?","E","T","R","M","$","?","M","R","BOSS","M","?","?","?","M","R","E","R","T","R","M","M"],"items_purchased_type":["Card","Card"],"build_version":"2020-12-22","purchased_purges":2,"victory":false,"max_hp_per_floor":[70,70,70,70,70,70,70,70,70,70,70,70,70,70,70,70,70,70,70,70,70,70,70,70,70,70,70,70,70,70],"card_choices":[{"not_picked":["Slice","Expertise"],"picked":"Poisoned Stab","floor":1},{"not_picked":["Footwork","Heel Hook"],"picked":"Noxious Fumes","floor":2},{"not_picked":["Acrobatics","Riddle With Holes","Bane"],"picked":"SKIP","floor":6},{"not_picked":["Bane","Dodge and Roll","Dagger Throw"],"picked":"SKIP","floor":8},{"not_picked":["Outmaneuver","Dagger Throw"],"picked":"Deadly Poison","floor":11},{"not_picked":["Dagger Spray","Flying Knee"],"picked":"Heel Hook","floor":14},{"not_picked":["Footwork","Caltrops+1"],"picked":"Deadly Poison+1","floor":18},{"not_picked":["Endless Agony","PiercingWail","Accuracy+1"],"picked":"SKIP","floor":20},{"not_picked":["Dagger Spray+1","Poisoned Stab"],"picked":"Catalyst","floor":22},{"not_picked":["Backflip","Blade Dance+1","Eviscerate"],"picked":"SKIP","floor":24},{"not_picked":["Slice","Masterful Stab","Night Terror"],"picked":"SKIP","floor":28}],"player_experience":273279,"relics_obtained":[{"floor":6,"key":"Anchor"},{"floor":7,"key":"InkBottle"},{"floor":8,"key":"Omamori"},{"floor":9,"key":"Vajra"},{"floor":24,"key":"StrikeDummy"},{"floor":26,"key":"Bottled Tornado"}],"event_choices":[{"cards_removed":["Strike_G"],"damage_healed":0,"gold_gain":0,"player_choice":"Card Removal","damage_taken":7,"max_hp_gain":0,"max_hp_loss":0,"event_name":"Golden Wing","floor":3,"gold_loss":0},{"cards_removed":["Strike_G"],"damage_healed":0,"gold_gain":0,"player_choice":"Forget","damage_taken":0,"max_hp_gain":0,"max_hp_loss":0,"event_name":"Living Wall","floor":5,"gold_loss":0},{"damage_healed":0,"gold_gain":75,"player_choice":"Gather Gold","damage_taken":11,"max_hp_gain":0,"max_hp_loss":0,"event_name":"World of Goop","floor":13,"gold_loss":0},{"damage_healed":0,"gold_gain":0,"player_choice":"Copied","damage_taken":0,"max_hp_gain":0,"max_hp_loss":0,"event_name":"Duplicator","floor":19,"gold_loss":0,"cards_obtained":["Noxious Fumes"]},{"cards_removed":["Strike_G"],"damage_healed":0,"gold_gain":0,"player_choice":"Elegance","damage_taken":0,"max_hp_gain":0,"max_hp_loss":0,"event_name":"Back to Basics","floor":21,"gold_loss":0}],"is_beta":false,"boss_relics":[{"not_picked":["Coffee Dripper","Cursed Key"],"picked":"Runic Pyramid"}],"items_purged_floors":[4,12],"is_endless":false,"potions_floor_spawned":[6,8,16,20],"killed_by":"Snake Plant","ascension_level":7}}