{"host":"Melcetto","time":1608854922,"event":{"mods":["AlwaysNeverKeys","BaseMod","Better Vampires","Colored Map","Colored Powertips","DeckTracker","Emptier Cage","Minty Spire (QoL Compilation)","Permanent Neow","Quick Restart","Random Character Button","Rare Cards Sparkle","Relic Sorter","Relic Stats","StSLib","Transform Curses"],"gold_per_floor":[210,220,8,25,36,70,70,96,96,96,96,112,146,158,158,230,230,200,200,215,229,30,30,30],"floor_reached":23,"playtime":1438,"items_purged":["Strike_R"],"score":426,"play_id":"4ac02d48-f6f2-4305-8515-8982d8e893ee","local_time":"20201224190842","is_ascension_mode":true,"campfire_choices":[{"data":"Carnage","floor":7,"key":"SMITH"},{"data":"Thunderclap","floor":15,"key":"SMITH"}],"circlet_count":0,"master_deck":["AscendersBane","Strike_R","Strike_R","Strike_R","Defend_R","Defend_R","Defend_R","Defend_R","Bash","Shockwave","Thunderclap+1","Evolve","Carnage+1","Fire Breathing+1","Dual Wield","Barricade","Reaper"],"relics":["Burning Blood","Oddly Smooth Stone","Anchor","Vajra","Pear","InkBottle","Philosopher\u0027s Stone","Membership Card"],"acts_visited":["Exordium","TheCity"],"potions_floor_usage":[8,13,18],"damage_taken":[{"damage":0,"enemies":"2 Louse","floor":1,"turns":3},{"damage":7,"enemies":"Small Slimes","floor":2,"turns":4},{"damage":0,"enemies":"Cultist","floor":4,"turns":3},{"damage":10,"enemies":"3 Louse","floor":5,"turns":4},{"damage":45,"enemies":"Gremlin Nob","floor":6,"turns":5},{"damage":16,"enemies":"Lagavulin","floor":8,"turns":7},{"damage":5,"enemies":"Exordium Thugs","floor":12,"turns":4},{"damage":4,"enemies":"3 Sentries","floor":13,"turns":4},{"damage":4,"enemies":"2 Fungi Beasts","floor":14,"turns":3},{"damage":22,"enemies":"Slime Boss","floor":16,"turns":7},{"damage":0,"enemies":"2 Thieves","floor":18,"turns":4},{"damage":36,"enemies":"3 Byrds","floor":20,"turns":5},{"damage":28,"enemies":"Snake Plant","floor":21,"turns":4},{"damage":43,"enemies":"Book of Stabbing","floor":23,"turns":3}],"seed_played":"-2890077950919908417","potions_obtained":[{"floor":1,"key":"ElixirPotion"},{"floor":4,"key":"SkillPotion"},{"floor":12,"key":"ColorlessPotion"},{"floor":13,"key":"SmokeBomb"},{"floor":16,"key":"SkillPotion"},{"floor":20,"key":"Energy Potion"},{"floor":21,"key":"Fire Potion"}],"is_trial":false,"path_per_floor":["M","M","$","M","M","E","R","E","T","?","?","M","E","M","R","B",null,"M","?","M","M","$","E"],"character_chosen":"IRONCLAD","items_purchased":["Oddly Smooth Stone","Evolve","Membership Card"],"campfire_rested":0,"item_purchase_floors":[3,3,22],"current_hp_per_floor":[74,73,73,75,71,32,32,22,32,32,32,33,35,37,37,21,69,82,82,58,43,43,0,0],"gold":30,"neow_bonus":"HUNDRED_GOLD","is_daily":false,"chose_seed":false,"campfire_upgraded":2,"win_rate":0.0,"timestamp":1608854922,"path_taken":["M","M","$","M","M","E","R","E","T","?","?","M","E","?","R","BOSS","M","?","M","M","?","E"],"items_purchased_type":["Relic","Card","Relic"],"build_version":"2020-12-18","purchased_purges":1,"victory":false,"max_hp_per_floor":[75,75,75,75,75,75,75,75,85,85,85,85,85,85,85,85,85,85,85,85,85,85,85,85],"relic_stats":{"counters":[14,60],"obtain_stats":[{"Anchor":6,"Pear":9,"Oddly Smooth Stone":3,"Vajra":8,"Philosopher\u0027s Stone":17,"Membership Card":22,"Burning Blood":0,"InkBottle":13},{"Anchor":5,"Pear":6,"Oddly Smooth Stone":2,"Vajra":6,"Philosopher\u0027s Stone":10,"Membership Card":13,"Burning Blood":0,"InkBottle":8},{"Anchor":19,"Pear":26,"Oddly Smooth Stone":7,"Vajra":26,"Philosopher\u0027s Stone":44,"Membership Card":57,"Burning Blood":0,"InkBottle":34}],"Burning Blood":74,"InkBottle":[5]},"card_choices":[{"not_picked":["Infernal Blade","Shrug It Off"],"picked":"Shockwave","floor":1},{"not_picked":["Flex","Thunderclap","Sever Soul"],"picked":"SKIP","floor":2},{"not_picked":["Flex","Sever Soul"],"picked":"Thunderclap","floor":2},{"not_picked":["Havoc","Iron Wave"],"picked":"Carnage","floor":4},{"not_picked":["Warcry","Thunderclap","True Grit"],"picked":"SKIP","floor":5},{"not_picked":["Anger","Intimidate"],"picked":"Fire Breathing","floor":6},{"not_picked":["Sentinel","Blood for Blood","Combust"],"picked":"SKIP","floor":8},{"not_picked":["Flex","Rage","Combust"],"picked":"SKIP","floor":12},{"not_picked":["Combust","Twin Strike","Rupture"],"picked":"SKIP","floor":13},{"not_picked":["Rupture","Armaments"],"picked":"Barricade","floor":14},{"not_picked":["Offering","Feed"],"picked":"Reaper","floor":16},{"not_picked":["Sever Soul","Sentinel","Iron Wave"],"picked":"SKIP","floor":18},{"not_picked":["Clash","Wild Strike","Twin Strike"],"picked":"SKIP","floor":20},{"not_picked":["Warcry","Body Slam","True Grit"],"picked":"SKIP","floor":21}],"player_experience":18806124,"relics_obtained":[{"floor":6,"key":"Anchor"},{"floor":8,"key":"Vajra"},{"floor":9,"key":"Pear"},{"floor":13,"key":"InkBottle"}],"event_choices":[{"damage_healed":0,"gold_gain":0,"cards_transformed":["Strike_R"],"player_choice":"Change","damage_taken":0,"max_hp_gain":0,"max_hp_loss":0,"event_name":"Living Wall","floor":10,"gold_loss":0,"cards_obtained":["Dual Wield"]},{"damage_healed":0,"gold_gain":0,"player_choice":"Upgraded","damage_taken":0,"max_hp_gain":0,"max_hp_loss":0,"event_name":"Upgrade Shrine","floor":11,"gold_loss":0,"cards_upgraded":["Fire Breathing"]},{"damage_healed":0,"gold_gain":0,"player_choice":"Ignored","damage_taken":0,"max_hp_gain":0,"max_hp_loss":0,"event_name":"Vampires","floor":19,"gold_loss":0}],"is_beta":true,"boss_relics":[{"not_picked":["Fusion Hammer","Runic Pyramid"],"picked":"Philosopher\u0027s Stone"}],"items_purged_floors":[22],"is_endless":false,"potions_floor_spawned":[1,4,12,13,16,20,21],"killed_by":"Book of Stabbing","ascension_level":20}}