{"host":"RampantMystic","time":1608904448,"event":{"mods":["Act Like it!","BaseMod","Bestiary","Better Match","Better Third Choice","Better Vampires","Block Reminder","ChefMod","Conjunction","Dota2Spire","GifTheSpireLib","Infinite Spire","Menagerie","Minty Spire (QoL Compilation)","Potionbrewer","QueenMod","Rare Cards Sparkle","Relic Stats","Replay The Spire","Spicy Shops","StSLib","Stuff the Spire","Swap Starting Deck Mod","The Blue Laboratory","The Cursed","The Jungle","The Mystic","The Necromancer","The Runesmith","TheVacant","Thieving Mod","Wandering Minibosses","slay the spire mod where everything is the same but ironclad has a cowboy hat"],"gold_per_floor":[119,139,156,260,272,272,272,340,340,365,381,381,407,66,66,173,173,141,161,176,188,207,207,241,241,241,204,204,374,390,440,440,566,566,622,87,121,147,185,185,224,254,279,279,329,361,361,438,438,438],"floor_reached":51,"playtime":4459,"items_purged":["ReplayTheSpireMod:Splinters"],"score":887,"play_id":"6d25bd0a-5b37-4a93-ad21-cc62c1547345","local_time":"20201225155408","is_ascension_mode":false,"campfire_choices":[{"data":"TheCursedMod:StingEye","floor":6,"key":"SMITH"},{"data":"TheCursedMod:CircleOfFlame","floor":12,"key":"SMITH"},{"data":"TheCursedMod:Wield","floor":15,"key":"SMITH"},{"floor":23,"key":"REST"},{"floor":25,"key":"REST"},{"floor":32,"key":"REST"},{"floor":40,"key":"REST"},{"floor":44,"key":"REST"},{"floor":47,"key":"REST"},{"floor":49,"key":"REST"}],"circlet_count":0,"master_deck":["TheCursedMod:Strike_TheCursed","TheCursedMod:Strike_TheCursed","TheCursedMod:Strike_TheCursed","TheCursedMod:Strike_TheCursed","TheCursedMod:Defend_TheCursed","TheCursedMod:Defend_TheCursed","TheCursedMod:Defend_TheCursed","TheCursedMod:Defend_TheCursed","TheCursedMod:CursedWand","TheCursedMod:CleanUpWorkshop","TheCursedMod:Dregs","TheCursedMod:Wield+1","TheCursedMod:StingEye+1","TheCursedMod:WearCloak","TheCursedMod:CircleOfFlame+1","TheCursedMod:WearCloak","TheCursedMod:ReleasedKnowledge","TheCursedMod:NeowsMight","TheCursedMod:SpitefulPray","TheCursedMod:VoidForm","TheCursedMod:AbyssShockwave","TheCursedMod:TacticalStrike+1","TheCursedMod:RapidMovement+1","TheCursedMod:StunningStrike","TheCursedMod:CircleOfFlame+1","TheCursedMod:CursedArmor","TheCursedMod:TacticalStrike+1","TheCursedMod:CollectTribute","TheCursedMod:CircleOfWindfury","Pride","chefmod:FiveAlarmChili+1","Dagger Spray+1","TheCursedMod:Evocation+1","Languid","Doubt","infinitespire:Starlight"],"relics":["TheCursedMod:BlackMagic101","SsserpentHead","infinitespire:Broken Mirror","Peace Pipe","Replay:Lucky Slots","MealTicket","Runesmith:Nanobots","infinitespire:EmpoweringShard","Incense Burner","wanderingMiniBosses:ThiefScarf","StuffTheSpire:HeavyRock","InkBottle","betterThird:NestCultRelic","infinitespire:EvilPickle","Dota2Spire:RefresherOrb","PrismaticShard","Oddly Smooth Stone","infinitespire:Satchel","CeramicFish","Regal Pillow"],"acts_visited":["Exordium","TheCity","TheBeyond"],"potions_floor_usage":[27,41,42,50,50],"damage_taken":[{"damage":5,"enemies":"Jaw Worm","floor":1,"turns":5},{"damage":0,"enemies":"2 Louse","floor":2,"turns":2},{"damage":0,"enemies":"Cultist","floor":3,"turns":4},{"damage":0,"enemies":"Looter","floor":5,"turns":3},{"damage":2,"enemies":"Gremlin Gang","floor":8,"turns":7},{"damage":5,"enemies":"3 Sentries","floor":10,"turns":8},{"damage":0,"enemies":"Red Slaver","floor":11,"turns":3},{"damage":21,"enemies":"Lagavulin","floor":13,"turns":8},{"damage":18,"enemies":"The Guardian","floor":16,"turns":10},{"damage":13,"enemies":"Shell Parasite","floor":18,"turns":7},{"damage":20,"enemies":"2 Thieves","floor":19,"turns":4},{"damage":18,"enemies":"Shelled Parasite and Fungi","floor":20,"turns":5},{"damage":7,"enemies":"Cultist and Chosen","floor":21,"turns":4},{"damage":8,"enemies":"Snake Plant","floor":22,"turns":2},{"damage":19,"enemies":"Slavers","floor":24,"turns":2},{"damage":13,"enemies":"Centurion and Healer","floor":27,"turns":9},{"damage":0,"enemies":"Chosen and Byrds","floor":29,"turns":3},{"damage":0,"enemies":"3 Cultists","floor":30,"turns":5},{"damage":34,"enemies":"Pondfish","floor":33,"turns":8},{"damage":19,"enemies":"3 Darklings","floor":35,"turns":4},{"damage":9,"enemies":"3 Shapes","floor":37,"turns":4},{"damage":25,"enemies":"Sphere and 2 Shapes","floor":38,"turns":4},{"damage":31,"enemies":"Transient","floor":39,"turns":5},{"damage":36,"enemies":"Maw","floor":41,"turns":8},{"damage":0,"enemies":"Writhing Mass","floor":42,"turns":5},{"damage":25,"enemies":"3 Darklings","floor":46,"turns":4},{"damage":89,"enemies":"infinitespire:MassOfShapes","floor":50,"turns":11}],"seed_played":"-5034898799718383407","potions_obtained":[{"floor":1,"key":"SteroidPotion"},{"floor":10,"key":"blueLaboratory:HummingbirdPotion"},{"floor":11,"key":"blueLaboratory:EnragingPotion"},{"floor":16,"key":"blueLaboratory:ImpenetrablePotion"},{"floor":22,"key":"potionbrewer:BoundlessPotion"},{"floor":27,"key":"potionbrewer:BoundlessPotion"},{"floor":42,"key":"potionbrewer:InfectionPotion"}],"is_trial":false,"path_per_floor":["M","M","M","?","M","R","?","M","T","E","M","R","E","$","R","B",null,"M","M","M","M","M","R","E","R","T","M","AVR","M","M","?","R","B",null,"M","$","M","M","M","R","M","M","T","R","?","M","R","?","R","B",null],"character_chosen":"THE_CURSED","items_purchased":["Replay:Lucky Slots","TheCursedMod:SpitefulPray","MealTicket","PrismaticShard","Oddly Smooth Stone","TheCursedMod:CircleOfWindfury","infinitespire:Satchel","CeramicFish"],"campfire_rested":7,"item_purchase_floors":[14,14,14,36,36,36,36,36],"current_hp_per_floor":[77,77,77,77,77,77,77,75,75,70,70,70,49,49,49,31,82,69,49,31,24,16,40,21,45,45,32,32,32,32,32,56,24,82,63,78,69,44,13,37,1,1,1,40,40,15,54,54,82,3],"gold":438,"neow_bonus":"TEN_PERCENT_HP_BONUS","is_daily":false,"chose_seed":false,"campfire_upgraded":3,"win_rate":0.0,"timestamp":1608904448,"path_taken":["M","M","M","?","?","R","?","?","T","E","M","R","E","?","R","BOSS","M","M","M","M","M","R","E","R","T","M","AVR","?","M","?","R","BOSS","M","$","M","M","M","R","M","M","T","R","?","M","R","?","R","BOSS"],"items_purchased_type":["Relic","Card","Relic","Relic","Relic","Card","Relic","Relic"],"build_version":"2020-12-18","purchased_purges":1,"victory":true,"max_hp_per_floor":[82,82,82,82,82,82,82,82,82,82,82,82,82,82,82,82,82,82,82,82,82,82,82,82,82,82,82,82,82,82,82,82,82,82,82,82,82,82,82,82,82,82,82,82,82,82,82,82,82,82],"relic_stats":{"Peace Pipe":0,"SsserpentHead":300,"Regal Pillow":34,"counters":[27,144],"CeramicFish":63,"MealTicket":15,"obtain_stats":[{"Divine Protection":41,"Regal Pillow":43,"Torii":39,"Dota2Spire:OrchidMalevolence":30,"CeramicFish":36,"Dota2Spire:RefresherOrb":34,"StuffTheSpire:BottledEssence":50,"Incense Burner":28,"PrismaticShard":36,"TheCursedMod:DemonicMark":46,"StuffTheSpire:SapphireSignet":33,"SsserpentHead":7,"Shovel":30,"StuffTheSpire:HeavyRock":4,"Toolbox":50,"MealTicket":14,"Replay:Lucky Slots":14,"InkBottle":13,"TheCursedMod:BlackMagic101":0,"Runesmith:Nanobots":24,"potionbrewer:WarMedal":38,"ReplayTheSpireMod:Ninjato":46,"wanderingMiniBosses:ThiefScarf":29,"Blue Candle":39,"Oddly Smooth Stone":36,"betterThird:NestCultRelic":31,"The Courier":38,"Omamori":42,"Replay:Arrowhead":37,"Peace Pipe":10,"infinitespire:EvilPickle":33,"OrangePellets":35,"infinitespire:Broken Mirror":9,"Bronze Scales":42,"infinitespire:Satchel":36,"infinitespire:EmpoweringShard":26,"StuffTheSpire:RubySignet":37,"StuffTheSpire:PointBlank":41,"ReplayTheSpireMod:Onyx Gauntlets":33,"StrikeDummy":35},{"Divine Protection":23,"Regal Pillow":25,"Torii":22,"Dota2Spire:OrchidMalevolence":17,"CeramicFish":20,"Dota2Spire:RefresherOrb":19,"StuffTheSpire:BottledEssence":26,"Incense Burner":16,"PrismaticShard":20,"TheCursedMod:DemonicMark":25,"StuffTheSpire:SapphireSignet":18,"SsserpentHead":4,"Shovel":17,"StuffTheSpire:HeavyRock":3,"Toolbox":26,"MealTicket":8,"Replay:Lucky Slots":8,"InkBottle":8,"TheCursedMod:BlackMagic101":0,"Runesmith:Nanobots":15,"potionbrewer:WarMedal":21,"ReplayTheSpireMod:Ninjato":25,"wanderingMiniBosses:ThiefScarf":17,"Blue Candle":22,"Oddly Smooth Stone":20,"betterThird:NestCultRelic":18,"The Courier":21,"Omamori":24,"Replay:Arrowhead":20,"Peace Pipe":6,"infinitespire:EvilPickle":19,"OrangePellets":19,"infinitespire:Broken Mirror":5,"Bronze Scales":24,"infinitespire:Satchel":20,"infinitespire:EmpoweringShard":15,"StuffTheSpire:RubySignet":20,"StuffTheSpire:PointBlank":23,"ReplayTheSpireMod:Onyx Gauntlets":18,"StrikeDummy":19},{"Divine Protection":116,"Regal Pillow":129,"Torii":111,"Dota2Spire:OrchidMalevolence":86,"CeramicFish":103,"Dota2Spire:RefresherOrb":99,"StuffTheSpire:BottledEssence":133,"Incense Burner":83,"PrismaticShard":103,"TheCursedMod:DemonicMark":129,"StuffTheSpire:SapphireSignet":91,"SsserpentHead":14,"Shovel":86,"StuffTheSpire:HeavyRock":11,"Toolbox":133,"MealTicket":40,"Replay:Lucky Slots":40,"InkBottle":40,"TheCursedMod:BlackMagic101":0,"Runesmith:Nanobots":74,"potionbrewer:WarMedal":107,"ReplayTheSpireMod:Ninjato":129,"wanderingMiniBosses:ThiefScarf":86,"Blue Candle":111,"Oddly Smooth Stone":103,"betterThird:NestCultRelic":91,"The Courier":107,"Omamori":124,"Replay:Arrowhead":103,"Peace Pipe":29,"infinitespire:EvilPickle":99,"OrangePellets":99,"infinitespire:Broken Mirror":21,"Bronze Scales":124,"infinitespire:Satchel":103,"infinitespire:EmpoweringShard":74,"StuffTheSpire:RubySignet":103,"StuffTheSpire:PointBlank":116,"ReplayTheSpireMod:Onyx Gauntlets":91,"StrikeDummy":99}],"InkBottle":[45]},"card_choices":[{"not_picked":["TheCursedMod:RapidMovement","TheCursedMod:CircleOfAmplification"],"picked":"TheCursedMod:Wield","floor":1},{"not_picked":["TheCursedMod:WearCloak","TheCursedMod:SmokeScreen"],"picked":"TheCursedMod:StingEye","floor":2},{"not_picked":["TheCursedMod:TacticalStrike","TheCursedMod:HellsGateOpen","TheCursedMod:Wield"],"picked":"SKIP","floor":3},{"not_picked":["TheCursedMod:StingEye","TheCursedMod:FuryStrike"],"picked":"TheCursedMod:WearCloak","floor":4},{"not_picked":["TheCursedMod:CursedShiv","TheCursedMod:CursedMace"],"picked":"TheCursedMod:CircleOfFlame","floor":4},{"not_picked":["TheCursedMod:TacticalStrike","TheCursedMod:SoulReap"],"picked":"TheCursedMod:WearCloak","floor":5},{"not_picked":["TheCursedMod:Torture","TheCursedMod:AshesToAshes"],"picked":"TheCursedMod:ReleasedKnowledge","floor":8},{"not_picked":["TheCursedMod:FleshFromBone","TheCursedMod:CircleOfBlood"],"picked":"TheCursedMod:NeowsMight","floor":10},{"not_picked":["TheCursedMod:Stretching","TheCursedMod:PrepareRite","TheCursedMod:CursedShiv"],"picked":"SKIP","floor":11},{"not_picked":["TheCursedMod:VitalStrike","TheCursedMod:Mangle","TheCursedMod:RavingStaff"],"picked":"SKIP","floor":13},{"not_picked":["TheCursedMod:ForbiddenAlchemy","TheCursedMod:ParallelWorld"],"picked":"TheCursedMod:VoidForm","floor":16},{"not_picked":["TheCursedMod:Hemoplague","TheCursedMod:CursedAmulet"],"picked":"TheCursedMod:AbyssShockwave","floor":18},{"not_picked":["TheCursedMod:ReleasedKnowledge","TheCursedMod:SmokeScreen"],"picked":"TheCursedMod:TacticalStrike+1","floor":19},{"not_picked":["TheCursedMod:SpitefulStrike","TheCursedMod:SmokeScreen","TheCursedMod:Stigma"],"picked":"SKIP","floor":20},{"not_picked":["TheCursedMod:ReleasedKnowledge","TheCursedMod:TacticalStrike"],"picked":"TheCursedMod:RapidMovement+1","floor":21},{"not_picked":["TheCursedMod:WearCloak","TheCursedMod:Obscuration","TheCursedMod:Wield"],"picked":"SKIP","floor":22},{"not_picked":["TheCursedMod:RapidMovement","TheCursedMod:Obscuration"],"picked":"TheCursedMod:StunningStrike","floor":24},{"not_picked":["TheCursedMod:Torture","TheCursedMod:BloodBarrier"],"picked":"TheCursedMod:CircleOfFlame+1","floor":27},{"not_picked":["TheCursedMod:Grudge","TheCursedMod:Wield"],"picked":"TheCursedMod:CursedArmor","floor":29},{"not_picked":["TheCursedMod:TacticalStrike+1","TheCursedMod:CursedAmulet","TheCursedMod:Stretching"],"picked":"SKIP","floor":30},{"not_picked":["TheCursedMod:CursedAmulet","TheCursedMod:Stretching"],"picked":"TheCursedMod:TacticalStrike+1","floor":30},{"not_picked":["TheCursedMod:ParallelWorld","TheCursedMod:AntiAging"],"picked":"TheCursedMod:CollectTribute","floor":33},{"not_picked":["TheCursedMod:RavingStaff","TheCursedMod:CursedMace","TheCursedMod:BloodBarrier"],"picked":"SKIP","floor":35},{"not_picked":["chefmod:PotatoGratin","potionbrewer:FlareUp"],"picked":"chefmod:FiveAlarmChili+1","floor":37},{"not_picked":["mysticmod:BladedDash","StuffTheSpire:Incineration","chefmod:FreshProduce"],"picked":"SKIP","floor":38},{"not_picked":["mysticmod:Probe","TheCursedMod:SaltUponWound"],"picked":"Dagger Spray+1","floor":39},{"not_picked":["StuffTheSpire:ShieldGenerator","Sword Boomerang"],"picked":"TheCursedMod:Evocation+1","floor":41},{"not_picked":["Sword Boomerang","Melter","Defragment+1"],"picked":"SKIP","floor":42},{"not_picked":["theVacant:IntoTheAbyss+1","potionbrewer:UnstableFormula+1","chefmod:Granita+1"],"picked":"SKIP","floor":46},{"not_picked":["ReplayTheSpireMod:Haul","infinitespire:Gouge"],"picked":"infinitespire:Starlight","floor":48}],"player_experience":1497968,"relics_obtained":[{"floor":4,"key":"StuffTheSpire:HeavyRock"},{"floor":9,"key":"infinitespire:Broken Mirror"},{"floor":10,"key":"Peace Pipe"},{"floor":13,"key":"InkBottle"},{"floor":24,"key":"Runesmith:Nanobots"},{"floor":26,"key":"infinitespire:EmpoweringShard"},{"floor":29,"key":"wanderingMiniBosses:ThiefScarf"},{"floor":29,"key":"StuffTheSpire:HeavyRock"},{"floor":29,"key":"InkBottle"},{"floor":43,"key":"Regal Pillow"}],"event_choices":[{"damage_healed":0,"gold_gain":0,"player_choice":"Trade","damage_taken":0,"relics_obtained":["SsserpentHead"],"max_hp_gain":0,"max_hp_loss":0,"event_name":"FaceTrader","floor":7,"gold_loss":0},{"damage_healed":0,"gold_gain":0,"player_choice":"Madness","damage_taken":0,"relics_obtained":["betterThird:NestCultRelic"],"max_hp_gain":0,"max_hp_loss":0,"event_name":"betterThird:BetterNest","floor":31,"gold_loss":0}],"is_beta":true,"boss_relics":[{"not_picked":["Replay:Grab Bag","Astrolabe","StuffTheSpire:RunicConfusion"]},{"not_picked":["Snecko Eye","Runic Dome"],"picked":"Dota2Spire:RefresherOrb"}],"items_purged_floors":[14],"is_endless":false,"potions_floor_spawned":[1,10,11,16,19,20,22,27,33,35,42],"ascension_level":0}}