{"host":"vc42n08di9czm3e7","time":1608873009,"event":{"mods":["AchievementEnabler","Act Like it!","BaseMod","Colored Powertips","Downfall","Friendly Minions","GifTheSpireLib","Hubris","Minty Spire (QoL Compilation)","Rare Cards Sparkle","StSLib"],"gold_per_floor":[99,119,129,129,149,162,162,182,107,125,143,153,39,57,70,70,70,70],"floor_reached":16,"playtime":1040,"items_purged":[],"score":125,"play_id":"11f97166-b818-4453-b3bc-dc2114df1c30","local_time":"20201225001009","is_ascension_mode":false,"campfire_choices":[{"data":"Slimebound:CorrosiveSpit","floor":1,"key":"SMITH"},{"floor":9,"key":"RECALL"}],"circlet_count":0,"master_deck":["Slimebound:Strike_Slimebound","Slimebound:Strike_Slimebound","Slimebound:Strike_Slimebound","Slimebound:Tackle","Slimebound:Defend_Slimebound","Slimebound:Defend_Slimebound","Slimebound:Defend_Slimebound","Slimebound:Defend_Slimebound","Slimebound:Split","Slimebound:CorrosiveSpit+1","Slimebound:ViciousTackle","Slimebound:HauntingLick","Slimebound:MegaLick","Slimebound:Schlurp","Slimebound:SplitLeeching","Slimebound:LeechingTouch","Slimebound:RainOfGoop","Slimebound:ItLooksTasty","Slimebound:PrepareCrush","Slimebound:TongueLash","Slimebound:Schlurp","Slimebound:Prepare","Slimebound:FinishingTackle"],"relics":["Slimebound:AbsorbEndCombat","downfall:HeartBlessingBlue"],"acts_visited":["Exordium"],"potions_floor_usage":[13,13],"damage_taken":[{"damage":10,"enemies":"2 Louse","floor":2,"turns":3},{"damage":4,"enemies":"Cultist","floor":3,"turns":4},{"damage":10,"enemies":"Jaw Worm","floor":5,"turns":4},{"damage":4,"enemies":"Exordium Wildlife","floor":6,"turns":3},{"damage":14,"enemies":"Exordium Thugs","floor":8,"turns":5},{"damage":9,"enemies":"3 Louse","floor":10,"turns":4},{"damage":8,"enemies":"2 Fungi Beasts","floor":11,"turns":3},{"damage":9,"enemies":"Blue Slaver","floor":12,"turns":4},{"damage":18,"enemies":"downfall:FleeingMerchant","floor":13,"turns":4},{"damage":9,"enemies":"3 Louse","floor":14,"turns":3},{"damage":12,"enemies":"Red Slaver","floor":15,"turns":3},{"damage":116,"enemies":"downfall:Defect","floor":16,"turns":8}],"seed_played":"-8470875698997179332","potions_obtained":[{"floor":3,"key":"FearPotion"},{"floor":11,"key":"champ:CounterPotion"},{"floor":12,"key":"Fire Potion"},{"floor":14,"key":"Explosive Potion"},{"floor":15,"key":"FairyPotion"}],"is_trial":false,"path_per_floor":["R","M","M","?","M","M","T","M","R","M","M","M","$","M","M","B"],"character_chosen":"SLIMEBOUND","items_purchased":["Slimebound:TongueLash","Slimebound:Schlurp"],"campfire_rested":0,"item_purchase_floors":[13,13],"current_hp_per_floor":[66,60,62,62,56,60,60,56,66,69,69,72,70,75,71,0,0,0],"gold":70,"neow_bonus":"TEN_PERCENT_HP_BONUS","is_daily":false,"chose_seed":false,"campfire_upgraded":1,"win_rate":0.0,"timestamp":1608873009,"path_taken":["R","M","M","?","M","M","T","M","R","M","?","M","$","M","M","BOSS"],"items_purchased_type":["Card","Card"],"build_version":"2020-12-22","purchased_purges":0,"victory":false,"max_hp_per_floor":[66,66,66,66,66,66,66,66,76,76,76,76,76,76,76,76,76,76],"card_choices":[{"not_picked":["Slimebound:ComboTackle","Slimebound:LeechEnergy"],"picked":"Slimebound:ViciousTackle","floor":2},{"not_picked":["Slimebound:ProtectTheBoss","Slimebound:Chomp"],"picked":"Slimebound:HauntingLick","floor":3},{"not_picked":["Slimebound:SplitLeeching","Slimebound:LivingWall"],"picked":"Slimebound:MegaLick","floor":5},{"not_picked":["Slimebound:GoopSpray","Slimebound:MinionMaster"],"picked":"Slimebound:Schlurp","floor":6},{"not_picked":["Slimebound:ComboTackle","Slimebound:PressTheAttack"],"picked":"Slimebound:SplitLeeching","floor":8},{"not_picked":["Slimebound:Chomp","Slimebound:PressTheAttack"],"picked":"Slimebound:LeechingTouch","floor":10},{"not_picked":["Slimebound:Schlurp","Slimebound:LeechingTouch"],"picked":"Slimebound:RainOfGoop","floor":11},{"not_picked":["Slimebound:RollThrough","Slimebound:GoopSpray"],"picked":"Slimebound:ItLooksTasty","floor":12},{"not_picked":["Slimebound:ComboTackle","Slimebound:LeechingTouch"],"picked":"Slimebound:PrepareCrush","floor":13},{"not_picked":["Slimebound:SplitAcid","Slimebound:LeechEnergy"],"picked":"Slimebound:Prepare","floor":14},{"not_picked":["Slimebound:Chomp","Slimebound:ComboTackle"],"picked":"Slimebound:FinishingTackle","floor":15}],"player_experience":211746,"relics_obtained":[],"event_choices":[{"damage_healed":0,"gold_gain":0,"player_choice":"Ignored","damage_taken":0,"max_hp_gain":0,"max_hp_loss":0,"event_name":"NoteForYourself","floor":4,"gold_loss":0}],"is_beta":false,"boss_relics":[],"items_purged_floors":[],"is_endless":false,"potions_floor_spawned":[3,11,12,14,15],"killed_by":"downfall:Defect","ascension_level":0}}