{"host":"od099uxc49ip1k8b","time":1608922330,"event":{"mods":["Act Like it!","BaseMod","Downfall","Gensokyo","Hermit","Highlight Path","Koishi","Marisa????????","Minty Spire (QoL Compilation)","Rare Cards Sparkle","Remilia??????","StSLib","Td1madao Mod","The Administrix","The Animator","The Cursed","The Gatherer","The Servant 0.9.4","The Wild Card","Waifu the Spire","WarShipGirlsR/????R mod","Yuyuko"],"gold_per_floor":[116,133,151,165,183,183,149,149,149,166,196,214,231,231,231,231,231],"floor_reached":16,"playtime":2250,"items_purged":[],"score":106,"play_id":"605df062-4056-489f-a725-9a06fca4acb7","local_time":"20201225135210","is_ascension_mode":false,"campfire_choices":[{"data":"Knight Kick","floor":6,"key":"SMITH"},{"data":"Coercion","floor":8,"key":"SMITH"},{"floor":15,"key":"REST"}],"circlet_count":0,"master_deck":["Strike_C","Strike_C","Strike_C","Strike_C","Defend_C","Defend_C","Defend_C","Defend_C","Knight Kick+1","Chip","Reinforcement Parts","Fixing","De Ware Chip","Judgment","Sub Weapons","Coercion+1","Cooling Song","Moon Tear","Transfer Energy"],"relics":["Apod","Pen Nib","Ancient Tea Set"],"acts_visited":["Exordium"],"potions_floor_usage":[13,16],"damage_taken":[{"damage":0,"enemies":"Cultist","floor":1,"turns":5},{"damage":1,"enemies":"Jaw Worm","floor":2,"turns":5},{"damage":0,"enemies":"Small Slimes","floor":3,"turns":5},{"damage":7,"enemies":"Blue Slaver","floor":4,"turns":5},{"damage":0,"enemies":"Exordium Thugs","floor":5,"turns":4},{"damage":13,"enemies":"2 Fungi Beasts","floor":10,"turns":4},{"damage":15,"enemies":"Gremlin Nob","floor":11,"turns":4},{"damage":0,"enemies":"Exordium Wildlife","floor":12,"turns":3},{"damage":13,"enemies":"Large Slime","floor":13,"turns":8},{"damage":49,"enemies":"The Guardian","floor":16,"turns":15}],"seed_played":"7907608400343921055","potions_obtained":[{"floor":1,"key":"Strength Potion"},{"floor":3,"key":"SpeedPotion"},{"floor":10,"key":"SteroidPotion"},{"floor":11,"key":"DistilledChaos"},{"floor":13,"key":"sneckomod:MuddlingPotion"}],"is_trial":false,"path_per_floor":["M","M","M","M","M","R","$","R","T","M","E","M","M","?","R","B"],"character_chosen":"TD1MADAO_CLASS","items_purchased":["Coercion"],"campfire_rested":1,"item_purchase_floors":[7],"current_hp_per_floor":[77,76,76,69,69,69,69,69,69,56,41,41,28,28,51,2,2],"gold":231,"neow_bonus":"TEN_PERCENT_HP_BONUS","is_daily":false,"chose_seed":false,"campfire_upgraded":2,"win_rate":0.0,"timestamp":1608922330,"path_taken":["M","M","M","M","M","R","?","R","T","M","E","?","M","?","R","BOSS"],"items_purchased_type":["Card"],"build_version":"2020-12-22","purchased_purges":0,"victory":false,"max_hp_per_floor":[77,77,77,77,77,77,77,77,77,77,77,77,77,77,77,77,77],"card_choices":[{"not_picked":["Weapon Shift","Rupture"],"picked":"Reinforcement Parts","floor":1},{"not_picked":["Fire Blade","Black Shadow"],"picked":"Fixing","floor":2},{"not_picked":["Optimization","Floating Swing Kick"],"picked":"De Ware Chip","floor":3},{"not_picked":["Black Execution","Cursed Blade"],"picked":"Judgment","floor":4},{"not_picked":["Machining","Awareness"],"picked":"Sub Weapons","floor":5},{"not_picked":["Lunge","Sudden Beat"],"picked":"Cooling Song","floor":10},{"not_picked":["Money Cant Rescue","Provocative"],"picked":"Moon Tear","floor":11},{"not_picked":["Rupture","Preloading"],"picked":"Transfer Energy","floor":12},{"not_picked":["Rupture","Afterwards","Cursed Blade"],"picked":"SKIP","floor":13}],"player_experience":96255,"relics_obtained":[{"floor":9,"key":"Pen Nib"},{"floor":11,"key":"Ancient Tea Set"}],"event_choices":[{"damage_healed":0,"gold_gain":0,"player_choice":"Ignored","damage_taken":0,"max_hp_gain":0,"max_hp_loss":0,"event_name":"Golden Idol","floor":14,"gold_loss":0}],"is_beta":false,"boss_relics":[],"items_purged_floors":[],"is_endless":false,"potions_floor_spawned":[1,3,10,11,13],"killed_by":"The Guardian","ascension_level":0}}