{"host":"z9811rt50ti81n54","time":1608869831,"event":{"mods":["BaseMod","Minty Spire (QoL Compilation)"],"gold_per_floor":[117,117,136,136,147,147,167,167,219,237,8,36,36,56,56,156,156,168,168,184,184,184,214,214,234,234,248,248,248],"floor_reached":28,"playtime":1104,"items_purged":[],"score":276,"play_id":"542e67c0-bc97-466a-bdfb-bbf841c2941b","local_time":"20201225131711","is_ascension_mode":true,"campfire_choices":[{"data":"Bouncing Flask","floor":8.0,"key":"SMITH"},{"data":"Footwork","floor":13.0,"key":"SMITH"},{"data":"Night Terror","floor":15.0,"key":"SMITH"},{"floor":24.0,"key":"REST"}],"circlet_count":0,"master_deck":["Strike_G","Strike_G","Strike_G","Defend_G","Defend_G","Defend_G","Defend_G","Defend_G","Survivor","Neutralize","Night Terror+1","Sucker Punch","Bouncing Flask+1","PiercingWail","Masterful Stab","Caltrops","Footwork+1","Deadly Poison","Bullet Time","Venomology","PanicButton","Necronomicurse","Predator","Acrobatics","Backstab","Acrobatics"],"relics":["Ring of the Snake","Lantern","OrangePellets","Bag of Marbles","Philosopher\u0027s Stone","Necronomicon","InkBottle","The Courier"],"acts_visited":["Exordium","TheCity"],"potions_floor_usage":[27,28],"damage_taken":[{"damage":1.0,"enemies":"Jaw Worm","floor":1.0,"turns":6.0},{"damage":0.0,"enemies":"Cultist","floor":3.0,"turns":5.0},{"damage":0.0,"enemies":"Small Slimes","floor":5.0,"turns":3.0},{"damage":7.0,"enemies":"Red Slaver","floor":7.0,"turns":3.0},{"damage":5.0,"enemies":"Looter","floor":10.0,"turns":3.0},{"damage":20.0,"enemies":"Gremlin Nob","floor":12.0,"turns":3.0},{"damage":0.0,"enemies":"Large Slime","floor":14.0,"turns":2.0},{"damage":5.0,"enemies":"Hexaghost","floor":16.0,"turns":8.0},{"damage":33.0,"enemies":"3 Byrds","floor":18.0,"turns":4.0},{"damage":6.0,"enemies":"2 Thieves","floor":20.0,"turns":3.0},{"damage":28.0,"enemies":"Book of Stabbing","floor":23.0,"turns":5.0},{"damage":5.0,"enemies":"Cultist and Chosen","floor":25.0,"turns":4.0},{"damage":0,"enemies":"Snake Plant","floor":27,"turns":2},{"damage":37,"enemies":"Shelled Parasite and Fungi","floor":28,"turns":4}],"seed_played":"4692257307785282090","potions_obtained":[{"floor":1.0,"key":"Energy Potion"},{"floor":5.0,"key":"AttackPotion"},{"floor":12.0,"key":"Weak Potion"},{"floor":14.0,"key":"Dexterity Potion"},{"floor":16.0,"key":"Block Potion"},{"floor":25.0,"key":"Dexterity Potion"}],"is_trial":false,"path_per_floor":["M","?","M","$","M","$","M","R","T","M","$","E","R","M","R","B",null,"M","?","M","?","?","E","R","M","T","M","M"],"character_chosen":"THE_SILENT","items_purchased":["Footwork","OrangePellets"],"campfire_rested":1,"item_purchase_floors":[11,11],"current_hp_per_floor":[48,70,70,70,70,70,63,63,63,58,58,38,38,38,38,33,70,37,37,31,15,15,11,32,27,27,27,0,0],"gold":248,"neow_bonus":"TRANSFORM_TWO_CARDS","is_daily":false,"chose_seed":false,"campfire_upgraded":3,"win_rate":0.0,"timestamp":1608869831,"path_taken":["M","?","M","$","?","$","M","R","T","M","$","E","R","M","R","BOSS","M","?","?","?","?","E","R","M","T","M","M"],"items_purchased_type":["Card","Relic"],"build_version":"2020-12-22","purchased_purges":0,"victory":false,"max_hp_per_floor":[70,70,70,70,70,70,70,70,70,70,70,70,70,70,70,70,70,70,70,70,70,70,70,70,70,70,70,70,70],"card_choices":[{"not_picked":["Reflex","Eviscerate"],"picked":"Sucker Punch","floor":1.0},{"not_picked":["Masterful Stab","Poisoned Stab"],"picked":"Bouncing Flask","floor":3.0},{"not_picked":["Concentrate","Deflect"],"picked":"PiercingWail","floor":5.0},{"not_picked":["Expertise","Riddle With Holes"],"picked":"Masterful Stab","floor":7.0},{"not_picked":["Deflect","Flechettes"],"picked":"Caltrops","floor":10.0},{"not_picked":["Acrobatics","Quick Slash"],"picked":"Deadly Poison","floor":12.0},{"not_picked":["Blade Dance","Cloak And Dagger"],"picked":"Bullet Time","floor":14.0},{"not_picked":["Envenom","Night Terror"],"picked":"Venomology","floor":16.0},{"not_picked":["Underhanded Strike","Expertise","Backflip"],"picked":"SKIP","floor":18.0},{"not_picked":["Dagger Throw","Dodge and Roll","Finisher"],"picked":"SKIP","floor":20.0},{"not_picked":["Blade Dance","Backflip"],"picked":"Acrobatics","floor":23.0},{"not_picked":["Bane","Sucker Punch"],"picked":"Backstab","floor":25.0},{"not_picked":["Acrobatics","Sucker Punch+1","Flying Knee"],"picked":"SKIP","floor":27},{"not_picked":["Sucker Punch+1","Flying Knee"],"picked":"Acrobatics","floor":27}],"player_experience":206487,"relics_obtained":[{"floor":9.0,"key":"Lantern"},{"floor":12.0,"key":"Bag of Marbles"},{"floor":21.0,"key":"Necronomicon"},{"floor":23.0,"key":"InkBottle"},{"floor":26.0,"key":"The Courier"}],"event_choices":[{"cards_removed":["Heel Hook"],"damage_healed":22.0,"max_hp_gain":0.0,"max_hp_loss":0.0,"gold_gain":0.0,"event_name":"Bonfire Elementals","player_choice":"Offered Uncommon","floor":2.0,"gold_loss":0.0,"damage_taken":0.0},{"damage_healed":0.0,"max_hp_gain":0.0,"max_hp_loss":0.0,"gold_gain":0.0,"event_name":"Match and Keep!","player_choice":"1 cards matched","floor":19.0,"gold_loss":0.0,"damage_taken":0.0,"cards_obtained":["PanicButton"]},{"damage_healed":0.0,"max_hp_gain":0.0,"max_hp_loss":0.0,"gold_gain":0.0,"event_name":"Cursed Tome","player_choice":"Obtained Book","floor":21.0,"gold_loss":0.0,"damage_taken":16.0},{"damage_healed":0.0,"max_hp_gain":0.0,"max_hp_loss":0.0,"gold_gain":0.0,"event_name":"The Library","player_choice":"Read","floor":22.0,"gold_loss":0.0,"damage_taken":0.0,"cards_obtained":["Predator"]}],"is_beta":false,"boss_relics":[{"not_picked":["Calling Bell","Velvet Choker"],"picked":"Philosopher\u0027s Stone"}],"items_purged_floors":[],"is_endless":false,"potions_floor_spawned":[1,5,12,14,16,18,25],"killed_by":"Shelled Parasite and Fungi","ascension_level":3}}