{"host":"m94dsuwomejivryp","time":1608895140,"event":{"mods":["AchievementEnabler","BaseMod","Minty Spire (QoL Compilation)","StSLib","SuperFastMode"],"gold_per_floor":[114,130,144,144,158,184,134,134,179,179,179,196,213,227,227,227,227],"floor_reached":16,"playtime":449,"items_purged":[],"score":104,"play_id":"3115bb91-7d21-46b6-a207-51e3c2157fd9","local_time":"20201225201900","is_ascension_mode":false,"campfire_choices":[{"data":"Eruption","floor":8,"key":"SMITH"},{"floor":10,"key":"RECALL"},{"floor":15,"key":"REST"}],"circlet_count":0,"master_deck":["Strike_P","Strike_P","Strike_P","Defend_P","Defend_P","Defend_P","Defend_P","Eruption+1","Vigilance","Weave","Halt","Devotion","FollowUp","ForeignInfluence"],"relics":["PureWater","NeowsBlessing","Singing Bowl","Nunchaku","PreservedInsect"],"acts_visited":["Exordium"],"potions_floor_usage":[12,13,16,16],"damage_taken":[{"damage":0,"enemies":"2 Louse","floor":1,"turns":2},{"damage":0,"enemies":"Cultist","floor":2,"turns":1},{"damage":0,"enemies":"Small Slimes","floor":3,"turns":1},{"damage":0,"enemies":"2 Fungi Beasts","floor":5,"turns":2},{"damage":34,"enemies":"3 Sentries","floor":6,"turns":6},{"damage":6,"enemies":"Gremlin Gang","floor":12,"turns":4},{"damage":0,"enemies":"3 Louse","floor":13,"turns":3},{"damage":13,"enemies":"Exordium Thugs","floor":14,"turns":3},{"damage":46,"enemies":"Slime Boss","floor":16,"turns":8}],"seed_played":"-3999792414589221083","potions_obtained":[{"floor":2,"key":"ColorlessPotion"},{"floor":3,"key":"GamblersBrew"},{"floor":6,"key":"LiquidMemories"},{"floor":14,"key":"GamblersBrew"}],"is_trial":false,"path_per_floor":["M","M","M","?","M","E","?","R","T","R","?","M","M","M","R","B"],"character_chosen":"WATCHER","items_purchased":[],"campfire_rested":1,"item_purchase_floors":[],"current_hp_per_floor":[72,72,72,72,72,38,38,38,38,38,38,32,34,21,43,0,0],"gold":227,"neow_bonus":"THREE_ENEMY_KILL","is_daily":false,"chose_seed":false,"campfire_upgraded":1,"win_rate":0.0,"timestamp":1608895140,"path_taken":["M","M","M","?","?","E","?","R","T","R","?","M","?","M","R","BOSS"],"items_purchased_type":[],"build_version":"2020-12-22","purchased_purges":0,"victory":false,"max_hp_per_floor":[72,72,72,72,72,72,72,72,72,72,72,72,74,74,74,74,74],"card_choices":[{"not_picked":["Consecrate","Sanctity"],"picked":"Weave","floor":1},{"not_picked":["EmptyMind","ThirdEye","ClearTheMind"],"picked":"SKIP","floor":2},{"not_picked":["FlyingSleeves","Sanctity"],"picked":"Halt","floor":3},{"not_picked":["Consecrate","Protect"],"picked":"Halt","floor":5},{"not_picked":["Fasting2","CrushJoints"],"picked":"Devotion","floor":6},{"not_picked":["EmptyFist","Protect"],"picked":"FollowUp","floor":12},{"not_picked":["ThirdEye","Consecrate","SashWhip"],"picked":"Singing Bowl","floor":13},{"not_picked":["FlyingSleeves","FlurryOfBlows"],"picked":"ForeignInfluence","floor":14}],"player_experience":175695,"relics_obtained":[{"floor":6,"key":"Nunchaku"},{"floor":9,"key":"PreservedInsect"}],"event_choices":[{"cards_removed":["Halt"],"damage_healed":0,"gold_gain":0,"player_choice":"Gave Card","damage_taken":0,"relics_obtained":["Singing Bowl"],"max_hp_gain":0,"max_hp_loss":0,"event_name":"WeMeetAgain","floor":4,"gold_loss":0},{"cards_removed":["Strike_P"],"damage_healed":0,"gold_gain":0,"player_choice":"Card Removal","damage_taken":0,"max_hp_gain":0,"max_hp_loss":0,"event_name":"The Cleric","floor":7,"gold_loss":50},{"damage_healed":0,"gold_gain":0,"player_choice":"Got Potions","damage_taken":0,"max_hp_gain":0,"max_hp_loss":0,"event_name":"Lab","floor":11,"gold_loss":0}],"is_beta":false,"boss_relics":[],"items_purged_floors":[],"is_endless":false,"potions_floor_spawned":[2,3,6,14],"killed_by":"Slime Boss","ascension_level":0}}