{"host":"3xls0xm49ftugio7","time":1608939184,"event":{"mods":["2.2 Compatiblity","AchievementEnabler","Act Like it!","BaseMod","Colored Powertips","DeckTracker","Duelist Mod","GifTheSpireLib","Minty Spire (QoL Compilation)","Quick Restart","Relic Stats","StSLib"],"gold_per_floor":[15,15,35,50,50,50,94,94,94,118,118,193,229,252,252,381,381,406,406,421,2,2,40,40,71,118,43,67,32,32,80,80,208,208,242,242,262,305,16,87,87,78,78,78,78,93,108,208,208,208],"floor_reached":51,"playtime":3179,"items_purged":["Shame","theDuelist:Sparks"],"score":968,"play_id":"95f6e7cf-466f-4d8b-a0ec-b31878a7b832","local_time":"20201226013304","is_ascension_mode":true,"campfire_choices":[{"data":"theDuelist:SmashingGround","floor":6.0,"key":"SMITH"},{"data":"theDuelist:GaiaDragonChamp","floor":11.0,"key":"SMITH"},{"data":"theDuelist:BSkullDragon","floor":15.0,"key":"SMITH"},{"floor":24.0,"key":"REST"},{"floor":30.0,"key":"REST"},{"data":"Apotheosis","floor":32,"key":"SMITH"},{"floor":41,"key":"REST"},{"floor":45,"key":"REST"},{"floor":49,"key":"REST"}],"circlet_count":0,"master_deck":["theDuelist:BabyDragon","theDuelist:CastleWalls","theDuelist:CastleWalls","theDuelist:CaveDragon","theDuelist:CaveDragon","theDuelist:LesserDragon","theDuelist:LesserDragon","theDuelist:Sparks","theDuelist:YamataDragon","theDuelist:VeilDarkness+1","theDuelist:CurseDragon","theDuelist:SmashingGround+1","theDuelist:GaiaDragonChamp+1","theDuelist:RedEyes","theDuelist:BSkullDragon+1","theDuelist:BlackVeloci","theDuelist:SliferSky","theDuelist:ReinforcementsArmy","Apotheosis+1","theDuelist:LightningDarts+1","theDuelist:MaskedDragon","theDuelist:SpiralSpearStrike+1","theDuelist:LordD","theDuelist:CyberDragonCore","theDuelist:DragonMastery+1","theDuelist:HazyFlameHydra+1","theDuelist:DefenseDraw+3","theDuelist:ArmageddonDragonEmp+1","theDuelist:BusterDrake","theDuelist:ArmageddonDragonEmp+1","theDuelist:TotemDragon","Parasite","theDuelist:BerserkScales+1","theDuelist:TyrantWing+1"],"relics":["theDuelist:MillenniumPuzzle","theDuelist:CardPoolRelic","theDuelist:CardPoolBasicRelic","theDuelist:BoosterPackPoolRelic","theDuelist:CardPoolAddRelic","theDuelist:CardPoolMinusRelic","theDuelist:CardPoolSaveRelic","theDuelist:CardPoolOptionsRelic","Lizard Tail","Golden Idol","theDuelist:MillenniumNecklace","Gambling Chip","Snake Skull","theDuelist:SummonAnchorRare","Question Card","Cursed Key","theDuelist:KaibaToken","Pantograph","theDuelist:DuelistLetterOpener","theDuelist:BlessingAnubis","theDuelist:PointPass","Happy Flower","PreservedInsect","Inserter","Membership Card","theDuelist:DuelistOrichalcum","Potion Belt","theDuelist:MerchantPendant"],"acts_visited":["Exordium","TheCity","TheBeyond"],"potions_floor_usage":[33,35,38,40,50,50,50,50,50],"damage_taken":[{"damage":4.0,"enemies":"Small Slimes","floor":1.0,"turns":3.0},{"damage":0.0,"enemies":"Jaw Worm","floor":3.0,"turns":2.0},{"damage":0.0,"enemies":"2 Louse","floor":4.0,"turns":2.0},{"damage":13.0,"enemies":"Gremlin Nob","floor":7.0,"turns":3.0},{"damage":8.0,"enemies":"Exordium Wildlife","floor":10.0,"turns":2.0},{"damage":7.0,"enemies":"Lagavulin","floor":13.0,"turns":4.0},{"damage":0.0,"enemies":"Lots of Slimes","floor":14.0,"turns":4.0},{"damage":17.0,"enemies":"The Guardian","floor":16.0,"turns":12.0},{"damage":9.0,"enemies":"Chosen","floor":18.0,"turns":3.0},{"damage":14.0,"enemies":"3 Byrds","floor":20.0,"turns":6.0},{"damage":18.0,"enemies":"Book of Stabbing","floor":23.0,"turns":5.0},{"damage":0.0,"enemies":"Cultist and Chosen","floor":25.0,"turns":5.0},{"damage":30.0,"enemies":"3 Cultists","floor":28.0,"turns":7.0},{"damage":10,"enemies":"theDuelist:KaibaA2","floor":31,"turns":4},{"damage":30,"enemies":"Collector","floor":33,"turns":6},{"damage":45,"enemies":"3 Darklings","floor":35,"turns":7},{"damage":3,"enemies":"Orb Walker","floor":37,"turns":3},{"damage":14,"enemies":"4 Shapes","floor":38,"turns":7},{"damage":0,"enemies":"Giant Head","floor":40,"turns":5},{"damage":16,"enemies":"Writhing Mass","floor":46,"turns":7},{"damage":20,"enemies":"Sphere and 2 Shapes","floor":47,"turns":8},{"damage":78,"enemies":"Awakened One","floor":50,"turns":11}],"seed_played":"-6649900564263394235","potions_obtained":[{"floor":7.0,"key":"theDuelist:OrbBottle"},{"floor":10.0,"key":"theDuelist:BottledKuriboh"},{"floor":10.0,"key":"theDuelist:VoidBottle"},{"floor":13.0,"key":"theDuelist:BabyPotion"},{"floor":14.0,"key":"Strength Potion"},{"floor":20.0,"key":"theDuelist:DestructPotionPotB"},{"floor":25.0,"key":"theDuelist:FlamingBottle"},{"floor":28.0,"key":"theDuelist:IcePotion"},{"floor":33,"key":"theDuelist:WaterBottle"},{"floor":35,"key":"theDuelist:BigOrbBottle"},{"floor":38,"key":"Dexterity Potion"},{"floor":40,"key":"theDuelist:WaterBottle"},{"floor":40,"key":"Strength Potion"},{"floor":46,"key":"theDuelist:FireBottle"}],"is_trial":false,"path_per_floor":["M","?","M","M","?","R","E","?","T","M","R","?","E","M","R","B",null,"M","?","M","$","?","E","R","M","T","?","M","$","R","E","R","B",null,"M","?","M","M","$","E","R","$","T","?","R","M","M","?","R","B",null],"character_chosen":"THE_DUELIST","items_purchased":["Pantograph","Apotheosis","theDuelist:PointPass","Happy Flower","theDuelist:LordD","Membership Card","theDuelist:DuelistOrichalcum","theDuelist:BusterDrake","theDuelist:MerchantPendant","theDuelist:TotemDragon"],"campfire_rested":5,"item_purchase_floors":[21,21,29,29,29,39,39,39,42,42],"current_hp_per_floor":[76,74,74,74,74,74,61,49,49,41,41,30,23,23,23,6,74,65,59,45,45,45,27,49,49,49,49,19,19,41,31,31,26,74,33,33,30,16,16,16,38,38,38,38,60,44,24,24,46,37],"gold":208,"neow_bonus":"ONE_RARE_RELIC","is_daily":false,"chose_seed":false,"campfire_upgraded":4,"win_rate":0.0,"timestamp":1608939184,"path_taken":["M","?","M","M","?","R","E","?","T","M","R","?","E","M","R","BOSS","M","?","M","$","?","E","R","M","T","?","M","$","R","E","R","BOSS","M","?","?","?","$","E","R","?","T","?","R","M","?","?","R","BOSS"],"items_purchased_type":["Relic","Card","Relic","Relic","Card","Relic","Relic","Card","Relic","Card"],"build_version":"2020-12-22","purchased_purges":2,"victory":true,"max_hp_per_floor":[80,74,74,74,74,74,74,74,74,74,74,74,74,74,74,74,74,74,74,74,74,74,74,74,74,74,74,74,74,74,74,74,74,74,74,74,74,74,74,74,74,74,74,74,74,74,74,74,74,74],"relic_stats":{"Lizard Tail":37,"Inserter":[24],"Happy Flower":[19],"counters":[22,116],"Golden Idol":168,"Gambling Chip":[18],"Pantograph":50,"Snake Skull":[0],"PreservedInsect":125,"Question Card":30,"Cursed Key":1,"obtain_stats":[{"theDuelist:DuelistOrichalcum":39,"Snake Skull":8,"theDuelist:MillenniumPuzzle":0,"Cursed Key":17,"Smiling Mask":26,"theDuelist:PointPass":29,"theDuelist:BoosterPackPoolRelic":0,"Lizard Tail":0,"theDuelist:KaibaToken":19,"theDuelist:DuelistLetterOpener":23,"Gambling Chip":7,"Pantograph":21,"theDuelist:CardPoolAddRelic":0,"theDuelist:CardPoolOptionsRelic":0,"theDuelist:SummonAnchorRare":9,"theDuelist:CardPoolRelic":0,"Potion Belt":40,"Inserter":34,"Happy Flower":29,"Golden Idol":2,"PreservedInsect":31,"theDuelist:MerchantPendant":42,"theDuelist:CardPoolSaveRelic":0,"Question Card":13,"theDuelist:CardPoolMinusRelic":0,"theDuelist:MillenniumNecklace":5,"theDuelist:CardPoolBasicRelic":0,"Membership Card":39,"theDuelist:BlessingAnubis":25},{"theDuelist:DuelistOrichalcum":18,"Snake Skull":4,"theDuelist:MillenniumPuzzle":0,"Cursed Key":8,"Smiling Mask":12,"theDuelist:PointPass":13,"theDuelist:BoosterPackPoolRelic":0,"Lizard Tail":0,"theDuelist:KaibaToken":9,"theDuelist:DuelistLetterOpener":11,"Gambling Chip":4,"Pantograph":10,"theDuelist:CardPoolAddRelic":0,"theDuelist:CardPoolOptionsRelic":0,"theDuelist:SummonAnchorRare":4,"theDuelist:CardPoolRelic":0,"Potion Belt":19,"Inserter":15,"Happy Flower":13,"Golden Idol":1,"PreservedInsect":14,"theDuelist:MerchantPendant":19,"theDuelist:CardPoolSaveRelic":0,"Question Card":6,"theDuelist:CardPoolMinusRelic":0,"theDuelist:MillenniumNecklace":3,"theDuelist:CardPoolBasicRelic":0,"Membership Card":18,"theDuelist:BlessingAnubis":12},{"theDuelist:DuelistOrichalcum":85,"Snake Skull":10,"theDuelist:MillenniumPuzzle":0,"Cursed Key":32,"Smiling Mask":51,"theDuelist:PointPass":58,"theDuelist:BoosterPackPoolRelic":0,"Lizard Tail":0,"theDuelist:KaibaToken":35,"theDuelist:DuelistLetterOpener":46,"Gambling Chip":10,"Pantograph":41,"theDuelist:CardPoolAddRelic":0,"theDuelist:CardPoolOptionsRelic":0,"theDuelist:SummonAnchorRare":10,"theDuelist:CardPoolRelic":0,"Potion Belt":90,"Inserter":68,"Happy Flower":58,"Golden Idol":3,"PreservedInsect":62,"theDuelist:MerchantPendant":90,"theDuelist:CardPoolSaveRelic":0,"Question Card":16,"theDuelist:CardPoolMinusRelic":0,"theDuelist:MillenniumNecklace":7,"theDuelist:CardPoolBasicRelic":0,"Membership Card":85,"theDuelist:BlessingAnubis":49}]},"card_choices":[{"not_picked":["theDuelist:FireDarts","theDuelist:DragonCaptureJar","theDuelist:DefenseZone+1","theDuelist:DefenseDraw"],"picked":"theDuelist:VeilDarkness+1","floor":1.0},{"not_picked":["theDuelist:MirageDragon","theDuelist:DarkHorus","theDuelist:DarkDriceratops","theDuelist:BlackBrachios"],"picked":"theDuelist:CurseDragon","floor":3.0},{"not_picked":["theDuelist:BigFire","theDuelist:Hinotama","theDuelist:LightningDarts","theDuelist:RainbowOverdragon"],"picked":"theDuelist:SmashingGround","floor":4.0},{"not_picked":["theDuelist:StardustDragon","theDuelist:LostWorld","theDuelist:ChimeratechOverdragon","theDuelist:BlasterDragonInfernos"],"picked":"theDuelist:GaiaDragonChamp","floor":7.0},{"not_picked":["theDuelist:TwinHeadedFire","theDuelist:BabyDragon","theDuelist:MaskedDragon","theDuelist:Earthquake"],"picked":"theDuelist:RedEyes","floor":10.0},{"not_picked":["theDuelist:TailSwipe","theDuelist:LostWorld","theDuelist:GaiaDragonChamp","theDuelist:ArmageddonDragonEmp"],"picked":"theDuelist:BSkullDragon","floor":13.0},{"not_picked":["theDuelist:DarkDriceratops","theDuelist:BlackBrutdrago","theDuelist:TrihornedDragon","theDuelist:BlackTyranno"],"picked":"theDuelist:BlackVeloci","floor":14.0},{"not_picked":["theDuelist:StardustDragon","theDuelist:BusterBladerDDS","theDuelist:BlasterDragonInfernos","theDuelist:ArmedProtectorDragon"],"picked":"theDuelist:SliferSky","floor":16.0},{"not_picked":["theDuelist:Pyrorex","theDuelist:Anthrosaurus","theDuelist:BlackStego","theDuelist:BlackBrutdrago","theDuelist:SnowdustDragon"],"picked":"SKIP","floor":18.0},{"not_picked":["theDuelist:BattleguardKing","theDuelist:RainbowOverdragon","theDuelist:LabyrinthWall","theDuelist:BlockGolem"],"picked":"theDuelist:ReinforcementsArmy","floor":20.0},{"not_picked":["theDuelist:BattleguardKing","theDuelist:BigKoala","theDuelist:LabyrinthWall","theDuelist:PurplePainOni"],"picked":"theDuelist:LightningDarts+1","floor":23.0},{"not_picked":["theDuelist:HazyFlameHydra","theDuelist:Freezadon","theDuelist:Pyrorex","theDuelist:GalaxySoldier"],"picked":"theDuelist:MaskedDragon","floor":25.0},{"not_picked":["theDuelist:SafeZone","theDuelist:DragonCaptureJar","theDuelist:DefenseZone+1","theDuelist:DefenseDraw"],"picked":"theDuelist:SpiralSpearStrike+1","floor":28.0},{"not_picked":["theDuelist:MaskedDragon","theDuelist:SnowDragon","theDuelist:DefenseZone","theDuelist:ViceDragon"],"picked":"theDuelist:CyberDragonCore","floor":31},{"not_picked":["theDuelist:TailSwipe","theDuelist:BlueDuston","theDuelist:BlasterDragonInfernos","theDuelist:BSkullDragon"],"picked":"theDuelist:DragonMastery","floor":33},{"not_picked":["theDuelist:LesserDragon+1","theDuelist:DarkHorus+1","theDuelist:CyberDragonVier+1","theDuelist:CoralDragon"],"picked":"theDuelist:HazyFlameHydra+1","floor":35},{"not_picked":["theDuelist:VeilDarkness+1","theDuelist:DragonCaptureJar+1","theDuelist:DefenseZone+1","theDuelist:SpiralSpearStrike+1"],"picked":"theDuelist:DefenseDraw+3","floor":37},{"not_picked":["theDuelist:CyberDragonInfinity+1","theDuelist:TailSwipe+1"],"picked":"theDuelist:ArmageddonDragonEmp+1","floor":38},{"not_picked":["theDuelist:GiantRex+1","theDuelist:SauropodBrachion","theDuelist:GalaxyTyranno+1","theDuelist:ExploderDragonwing+1"],"picked":"theDuelist:ArmageddonDragonEmp+1","floor":40},{"not_picked":["theDuelist:SurvivalFittest+1","theDuelist:LostWorld","theDuelist:DefensiveTactics+1","theDuelist:BusterBladerDDS"],"picked":"theDuelist:BerserkScales+1","floor":46},{"not_picked":["theDuelist:VeilDarkness+1","theDuelist:SpiralSpearStrike+1","theDuelist:DefenseZone+1","theDuelist:DefenseDraw+1"],"picked":"theDuelist:TyrantWing+1","floor":47}],"player_experience":701310,"relics_obtained":[{"floor":7.0,"key":"Gambling Chip"},{"floor":9.0,"key":"theDuelist:SummonAnchorRare"},{"floor":13.0,"key":"Question Card"},{"floor":23.0,"key":"theDuelist:DuelistLetterOpener"},{"floor":26.0,"key":"Smiling Mask"},{"floor":31,"key":"PreservedInsect"},{"floor":40,"key":"Potion Belt"}],"event_choices":[{"damage_healed":0.0,"max_hp_gain":0.0,"max_hp_loss":6.0,"gold_gain":0.0,"event_name":"Golden Idol","player_choice":"Lose Max HP","floor":2.0,"gold_loss":0.0,"damage_taken":0.0,"relics_obtained":["Golden Idol"]},{"damage_healed":0.0,"max_hp_gain":0.0,"max_hp_loss":0.0,"gold_gain":0.0,"event_name":"Millennium Items","player_choice":"Took item - Received: Millennium Necklace","duelist":true,"floor":5.0,"gold_loss":0.0,"damage_taken":0.0},{"damage_healed":0.0,"max_hp_gain":0.0,"max_hp_loss":0.0,"gold_gain":0.0,"event_name":"Scrap Ooze","player_choice":"Success","floor":8.0,"gold_loss":0.0,"damage_taken":12.0,"relics_obtained":["Snake Skull"]},{"damage_healed":0.0,"max_hp_gain":0.0,"max_hp_loss":0.0,"gold_gain":75.0,"event_name":"World of Goop","player_choice":"Gather Gold","floor":12.0,"gold_loss":0.0,"damage_taken":11.0},{"damage_healed":0.0,"max_hp_gain":0.0,"max_hp_loss":0.0,"gold_gain":0.0,"event_name":"Aknamkanon\u0027s Tomb","player_choice":"Dig - random Duelist relic","duelist":true,"floor":19.0,"gold_loss":0.0,"damage_taken":0.0},{"cards_removed":["theDuelist:VampireCurse"],"damage_healed":0.0,"max_hp_gain":0.0,"max_hp_loss":0.0,"gold_gain":0.0,"event_name":"Beggar","player_choice":"Gave Gold","floor":27.0,"gold_loss":75.0,"damage_taken":0.0},{"damage_healed":0,"gold_gain":0,"player_choice":"Scored: 742","duelist":true,"damage_taken":0,"max_hp_gain":0,"max_hp_loss":0,"event_name":"Visit from Anubis","floor":36,"gold_loss":0},{"damage_healed":0,"gold_gain":0,"player_choice":"Upgraded","damage_taken":0,"max_hp_gain":0,"max_hp_loss":0,"event_name":"Upgrade Shrine","floor":44,"gold_loss":0,"cards_upgraded":["theDuelist:DragonMastery"]},{"damage_healed":0,"gold_gain":100,"player_choice":"Pray","damage_taken":0,"max_hp_gain":0,"max_hp_loss":0,"event_name":"Golden Shrine","floor":48,"gold_loss":0}],"is_beta":false,"boss_relics":[{"not_picked":["Philosopher\u0027s Stone","Snecko Eye"],"picked":"Cursed Key"},{"not_picked":["Mark of Pain","Runic Dome"],"picked":"Inserter"}],"items_purged_floors":[29,39],"is_endless":false,"potions_floor_spawned":[10,20,31,33,40,46],"ascension_level":4}}