{"host":"qxeepl7ydvsgmfdb","time":1608912138,"event":{"mods":["AchievementEnabler","BaseMod","Colored Powertips","Minty Spire (QoL Compilation)","Quick Restart","slay the spire mod where everything is the same but ironclad has a cowboy hat"],"gold_per_floor":[119,119,119,69,244,271,271,271,271,299,314,45,60,70,70,167,167,177,177,92,106,106,106,138,151,205,220,21,32,32,32,32,134,134,150,150,167,179,196,227,227,243,266,266,299,319,319,332,332,332,332],"floor_reached":50,"playtime":1518,"items_purged":["Regret","Strike_G"],"score":757,"play_id":"3245e117-69de-497d-9c54-68767883868c","local_time":"20201225110218","is_ascension_mode":true,"campfire_choices":[{"data":"Backstab","floor":8.0,"key":"SMITH"},{"data":"Footwork","floor":15.0,"key":"SMITH"},{"floor":23.0,"key":"REST"},{"floor":30.0,"key":"REST"},{"floor":32.0,"key":"REST"},{"floor":41,"key":"REST"},{"floor":44,"key":"REST"},{"floor":49,"key":"REST"}],"circlet_count":0,"master_deck":["Strike_G","Strike_G","Strike_G","Strike_G","Defend_G","Defend_G","Defend_G","Defend_G","Defend_G","Survivor","Neutralize+1","Backstab+1","Quick Slash+1","Quick Slash+1","Deadly Poison","Footwork+1","Deadly Poison","Blade Dance","Deadly Poison","RitualDagger+1","Deflect","PiercingWail+1","Cloak And Dagger","Dagger Spray+1","Noxious Fumes","Blade Dance+1","Poisoned Stab+1"],"relics":["Ring of the Snake","NeowsBlessing","Smiling Mask","Blue Candle","StoneCalendar","Molten Egg 2","Pantograph","Lee\u0027s Waffle","Philosopher\u0027s Stone","HornCleat","Anchor","Nunchaku","Bronze Scales","SlaversCollar","Centennial Puzzle","Ancient Tea Set","Regal Pillow","Sundial"],"acts_visited":["Exordium","TheCity","TheBeyond"],"potions_floor_usage":[40,46,50],"damage_taken":[{"damage":0.0,"enemies":"2 Louse","floor":1.0,"turns":1.0},{"damage":0.0,"enemies":"Gremlin Nob","floor":6.0,"turns":1.0},{"damage":0.0,"enemies":"3 Sentries","floor":10.0,"turns":1.0},{"damage":0.0,"enemies":"Small Slimes","floor":11.0,"turns":2.0},{"damage":0.0,"enemies":"Jaw Worm","floor":13.0,"turns":1.0},{"damage":0.0,"enemies":"3 Louse","floor":14.0,"turns":2.0},{"damage":18.0,"enemies":"The Guardian","floor":16.0,"turns":8.0},{"damage":20.0,"enemies":"2 Thieves","floor":18.0,"turns":4.0},{"damage":16.0,"enemies":"3 Byrds","floor":21.0,"turns":5.0},{"damage":59.0,"enemies":"Book of Stabbing","floor":24.0,"turns":6.0},{"damage":0.0,"enemies":"3 Cultists","floor":25.0,"turns":7.0},{"damage":0.0,"enemies":"Centurion and Healer","floor":27.0,"turns":4.0},{"damage":7.0,"enemies":"Shelled Parasite and Fungi","floor":29.0,"turns":5.0},{"damage":37.0,"enemies":"Collector","floor":33.0,"turns":8.0},{"damage":0.0,"enemies":"3 Shapes","floor":35.0,"turns":3.0},{"damage":0.0,"enemies":"Orb Walker","floor":37.0,"turns":2.0},{"damage":13.0,"enemies":"Writhing Mass","floor":38.0,"turns":7.0},{"damage":23.0,"enemies":"Sphere and 2 Shapes","floor":39.0,"turns":5.0},{"damage":19,"enemies":"Nemesis","floor":40,"turns":5},{"damage":2,"enemies":"Jaw Worm Horde","floor":42,"turns":2},{"damage":57,"enemies":"Reptomancer","floor":45,"turns":5},{"damage":11,"enemies":"Writhing Mass","floor":46,"turns":5},{"damage":0,"enemies":"4 Shapes","floor":48,"turns":3},{"damage":74,"enemies":"Awakened One","floor":50,"turns":6}],"seed_played":"3050586121773190512","potions_obtained":[{"floor":1.0,"key":"CunningPotion"},{"floor":13.0,"key":"Fruit Juice"},{"floor":25.0,"key":"CunningPotion"},{"floor":27.0,"key":"FairyPotion"},{"floor":31.0,"key":"Weak Potion"},{"floor":31.0,"key":"AttackPotion"},{"floor":31.0,"key":"CunningPotion"},{"floor":35.0,"key":"PowerPotion"},{"floor":37.0,"key":"FearPotion"},{"floor":40,"key":"SneckoOil"},{"floor":45,"key":"Swift Potion"},{"floor":48,"key":"EssenceOfSteel"}],"is_trial":false,"path_per_floor":["M","?","?","$","?","E","?","R","T","E","M","$","M","M","R","B",null,"M","?","?","M","?","R","E","M","T","M","$","M","R","?","R","B",null,"M","T","M","M","M","E","R","M","T","R","E","M","?","M","R","B"],"character_chosen":"THE_SILENT","items_purchased":["Lee\u0027s Waffle","Deadly Poison","Footwork","Bronze Scales"],"campfire_rested":6,"item_purchase_floors":[12,12,12,28],"current_hp_per_floor":[63,63,63,63,63,63,60,60,60,60,60,77,82,82,82,64,78,58,52,52,36,36,60,1,1,1,1,1,24,48,48,72,45,73,73,73,73,60,37,18,42,40,40,79,22,11,11,11,48,0,0],"gold":332,"neow_bonus":"THREE_ENEMY_KILL","is_daily":false,"chose_seed":false,"campfire_upgraded":2,"win_rate":0.0,"timestamp":1608912138,"path_taken":["M","?","?","$","?","E","?","R","T","E","M","$","M","M","R","BOSS","M","?","?","M","?","R","E","M","T","M","$","?","R","?","R","BOSS","M","?","?","M","?","E","R","M","T","R","E","M","?","M","R","BOSS"],"items_purchased_type":["Relic","Card","Card","Relic"],"build_version":"2020-12-22","purchased_purges":2,"victory":false,"max_hp_per_floor":[70,70,70,70,70,70,70,70,70,70,70,77,82,82,82,82,82,82,82,82,82,82,82,82,82,82,82,82,82,82,82,82,82,82,82,82,82,82,82,82,82,82,82,82,82,82,76,76,76,76,76],"card_choices":[{"not_picked":["Bouncing Flask","Leg Sweep","Flying Knee"],"picked":"SKIP","floor":1.0},{"not_picked":["Sucker Punch","Doppelganger"],"picked":"Backstab","floor":6.0},{"not_picked":["Finisher+1","Prepared"],"picked":"Quick Slash+1","floor":10.0},{"not_picked":["Expertise","Accuracy"],"picked":"Quick Slash+1","floor":11.0},{"not_picked":["Flying Knee+1","Quick Slash+1"],"picked":"Deadly Poison","floor":13.0},{"not_picked":["Reflex","Heel Hook+1"],"picked":"Blade Dance","floor":14.0},{"not_picked":["Skewer+1","Deflect"],"picked":"Deadly Poison","floor":18.0},{"not_picked":["Flying Knee+1","PiercingWail"],"picked":"Deflect","floor":21.0},{"not_picked":["Bane+1","Deadly Poison"],"picked":"PiercingWail+1","floor":24.0},{"not_picked":["Caltrops+1","Heel Hook+1"],"picked":"Cloak And Dagger","floor":25.0},{"not_picked":["Deflect","Concentrate+1","Riddle With Holes+1"],"picked":"SKIP","floor":27.0},{"not_picked":["Choke+1","Underhanded Strike+1"],"picked":"Dagger Spray+1","floor":29.0},{"not_picked":["Bouncing Flask+1","Skewer+1"],"picked":"Noxious Fumes","floor":35.0},{"not_picked":["Prepared","Dash+1"],"picked":"Blade Dance+1","floor":37.0},{"not_picked":["Underhanded Strike+1","Masterful Stab+1"],"picked":"Poisoned Stab+1","floor":38.0},{"not_picked":["Acrobatics","Leg Sweep","Terror"],"picked":"SKIP","floor":39.0},{"not_picked":["Dodge and Roll","Dagger Throw+1","Finisher+1"],"picked":"SKIP","floor":40},{"not_picked":["Escape Plan+1","Sucker Punch+1","Dagger Spray+1"],"picked":"SKIP","floor":42},{"not_picked":["Heel Hook+1","Cloak And Dagger+1","Predator+1"],"picked":"SKIP","floor":45},{"not_picked":["Flying Knee+1","Prepared","Backflip"],"picked":"SKIP","floor":46},{"not_picked":["Finisher+1","Glass Knife+1","Concentrate"],"picked":"SKIP","floor":48}],"player_experience":384161,"relics_obtained":[{"floor":6.0,"key":"Blue Candle"},{"floor":9.0,"key":"Molten Egg 2"},{"floor":10.0,"key":"Pantograph"},{"floor":24.0,"key":"Anchor"},{"floor":26.0,"key":"Nunchaku"},{"floor":36.0,"key":"Centennial Puzzle"},{"floor":40,"key":"Ancient Tea Set"},{"floor":43,"key":"Regal Pillow"},{"floor":45,"key":"Sundial"}],"event_choices":[{"damage_healed":0.0,"max_hp_gain":0.0,"max_hp_loss":0.0,"gold_gain":0.0,"event_name":"Living Wall","player_choice":"Grow","floor":2.0,"gold_loss":0.0,"damage_taken":0.0,"cards_upgraded":["Neutralize"]},{"damage_healed":0.0,"max_hp_gain":0.0,"max_hp_loss":0.0,"gold_gain":0.0,"event_name":"Big Fish","player_choice":"Box","floor":3.0,"gold_loss":0.0,"damage_taken":0.0,"relics_obtained":["Smiling Mask"],"cards_obtained":["Regret"]},{"damage_healed":0.0,"max_hp_gain":0.0,"max_hp_loss":0.0,"gold_gain":175.0,"event_name":"Liars Game","player_choice":"AGREE","floor":5.0,"gold_loss":0.0,"damage_taken":0.0,"cards_obtained":["Doubt"]},{"damage_healed":0.0,"max_hp_gain":0.0,"max_hp_loss":0.0,"gold_gain":0.0,"event_name":"Scrap Ooze","player_choice":"Success","floor":7.0,"gold_loss":0.0,"damage_taken":3.0,"relics_obtained":["StoneCalendar"]},{"damage_healed":0.0,"max_hp_gain":0.0,"max_hp_loss":0.0,"gold_gain":0.0,"event_name":"Nest","player_choice":"Joined the Cult","floor":19.0,"gold_loss":0.0,"damage_taken":6.0,"cards_obtained":["RitualDagger"]},{"damage_healed":0.0,"max_hp_gain":0.0,"max_hp_loss":0.0,"gold_gain":0.0,"event_name":"Addict","player_choice":"Obtained Relic","floor":20.0,"gold_loss":85.0,"damage_taken":0.0,"relics_obtained":["HornCleat"]},{"cards_removed":["Doubt"],"damage_healed":0.0,"max_hp_gain":0.0,"max_hp_loss":0.0,"gold_gain":0.0,"event_name":"Purifier","player_choice":"Purged","floor":22.0,"gold_loss":0.0,"damage_taken":0.0},{"damage_healed":0.0,"max_hp_gain":0.0,"max_hp_loss":0.0,"gold_gain":0.0,"event_name":"Lab","player_choice":"Got Potions","floor":31.0,"gold_loss":0.0,"damage_taken":0.0},{"cards_removed":["Parasite","Parasite"],"damage_healed":0,"gold_gain":0,"player_choice":"Removed Curses","damage_taken":0,"max_hp_gain":0,"max_hp_loss":0,"event_name":"Fountain of Cleansing","floor":47,"gold_loss":0}],"is_beta":false,"boss_relics":[{"not_picked":["Cursed Key","Pandora\u0027s Box"],"picked":"Philosopher\u0027s Stone"},{"not_picked":["Sozu","Busted Crown"],"picked":"SlaversCollar"}],"items_purged_floors":[4,28],"is_endless":false,"potions_floor_spawned":[1,13,25,27,35,37,40,45,48],"killed_by":"Awakened One","ascension_level":6}}