{"host":"mxyu30643x34zc6i","time":1608871348,"event":{"mods":["AchievementEnabler","Astrologer","BaseMod","Better Match","Better Note","Better Third Choice","Block Reminder","Colored Map","Colored Powertips","Hermit","Minty Spire (QoL Compilation)","Rare Cards Sparkle","Relic Stats","Replay The Spire","Shade Mod","Spicy Shops","StSLib","The Blackbeard","The Blue Laboratory","The Cursed","The Hierophant","The Mystic","The Runesmith","The Servant 0.9.4","The Spell Scribe"],"gold_per_floor":[132,183,219,219,219,219,219],"floor_reached":6,"playtime":289,"items_purged":[],"score":61,"play_id":"e8123fe7-2a74-4bc1-874f-9eb8ce440e6a","local_time":"20201224204228","daily_mods":["Specialized","Green Cards","Midas"],"is_ascension_mode":false,"campfire_choices":[],"circlet_count":0,"master_deck":["Strike_B","Strike_B","Strike_B","Strike_B","Defend_B","Defend_B","Defend_B","Defend_B+1","Zap","Dualcast","Mirror Shield","Mirror Shield","Mirror Shield","Mirror Shield","Mirror Shield","Streamline","Cloak And Dagger","Acrobatics"],"relics":["Cracked Core","Replay:Antivirus Software"],"acts_visited":["Exordium"],"potions_floor_usage":[],"damage_taken":[{"damage":2,"enemies":"Jaw Worm","floor":1,"turns":3},{"damage":0,"enemies":"2 Louse","floor":2,"turns":2},{"damage":0,"enemies":"Cultist","floor":3,"turns":3},{"damage":57,"enemies":"Gremlin Nob","floor":6,"turns":4}],"seed_played":"-4191493353748528990","potions_obtained":[],"is_trial":true,"path_per_floor":["M","M","M","?","?","E"],"character_chosen":"DEFECT","items_purchased":[],"campfire_rested":0,"item_purchase_floors":[],"current_hp_per_floor":[73,73,73,55,55,0,0],"gold":219,"neow_bonus":"","is_daily":false,"chose_seed":false,"campfire_upgraded":0,"win_rate":0.0,"timestamp":1608871348,"path_taken":["M","M","M","?","?","E"],"items_purchased_type":[],"build_version":"2020-12-22","purchased_purges":0,"victory":false,"max_hp_per_floor":[75,75,75,75,75,75,75],"relic_stats":{"counters":[4,12],"obtain_stats":[{"Replay:Antivirus Software":4,"Cracked Core":0},{"Replay:Antivirus Software":3,"Cracked Core":0},{"Replay:Antivirus Software":8,"Cracked Core":0}]},"card_choices":[{"not_picked":["Underhanded Strike","Stack"],"picked":"Streamline","floor":1},{"not_picked":["Rebound","Cold Snap"],"picked":"Cloak And Dagger","floor":2},{"not_picked":["Streamline","Amplify"],"picked":"Acrobatics","floor":3}],"player_experience":368422,"relics_obtained":[],"event_choices":[{"damage_healed":0,"gold_gain":0,"player_choice":"Relic ","damage_taken":18,"max_hp_gain":0,"max_hp_loss":0,"event_name":"betterThird:BetterScrap","floor":4,"gold_loss":0,"cards_obtained":["Sentinel"]}],"is_beta":false,"boss_relics":[],"items_purged_floors":[],"is_endless":false,"potions_floor_spawned":[],"killed_by":"Gremlin Nob","ascension_level":0}}