{"host":"saki","time":1608884309,"event":{"mods":["BaseMod","Lobotomy","LobotomyExtend","Marisa£®ÏF”Í°°ƒß¿Ì…≥£©","Minty Spire (QoL Compilation)","StSLib","TestMod","Waifu the Spire"],"gold_per_floor":[114,114,133,58,72,99,99,114,183,183,203,223,223,223],"floor_reached":13,"playtime":1607,"items_purged":["Strike_R"],"score":151,"play_id":"f0aa289b-a274-42fe-94ed-51abda0848a9","local_time":"20201225161829","is_ascension_mode":true,"campfire_choices":[],"circlet_count":0,"master_deck":["Strike_R","Strike_R","Strike_R","Defend_R","Defend_R","Defend_R","Defend_R","Bash","MHz","Dropkick+1","Pommel Strike+1","VoidDream","Dazed","BigBird","Bloodletting+1","CherryBlossoms","Sword Boomerang+1","DreamingCurrent","Metallicize","WhitesApple","Parasite","Evolve"],"relics":["Burning Blood","testmod-TestBox","testmod-ChristmasGift","CogitoBucket","LetterFromLob","LaetitiaHeart","testmod-CasingShield","Potion Belt","testmod-ArcanaOfDestiny","FleshIdol","Amita_r"],"acts_visited":["Exordium"],"potions_floor_usage":[1,1,1,1,1,2,2,2,2,3,3,3,5,5,5,6,6,8,8,8,11,11,12,12,12,12,12,13,13],"damage_taken":[{"damage":8,"enemies":"Jaw Worm","floor":1,"turns":6},{"damage":0,"enemies":"Jaw Worm","floor":2,"turns":1},{"damage":5,"enemies":"Jaw Worm","floor":2,"turns":3},{"damage":0,"enemies":"Jaw Worm","floor":2,"turns":2},{"damage":0,"enemies":"Jaw Worm","floor":2,"turns":2},{"damage":0,"enemies":"Small Slimes","floor":3,"turns":2},{"damage":0,"enemies":"2 Louse","floor":5,"turns":2},{"damage":0,"enemies":"Gremlin Nob","floor":6,"turns":2},{"damage":4,"enemies":"Exordium Thugs","floor":8,"turns":3},{"damage":20,"enemies":"Lots of Slimes","floor":11,"turns":1},{"damage":99,"enemies":"3 Louse","floor":12,"turns":7},{"damage":32,"enemies":"Lagavulin","floor":13,"turns":3}],"seed_played":"995065658615270700","potions_obtained":[{"floor":1,"key":"DistilledChaos"},{"floor":6,"key":"BloodPotion"},{"floor":11,"key":"Weak Potion"}],"is_trial":false,"path_per_floor":["M","?","M","$","M","E","?","M","T","E","M","M","E"],"character_chosen":"IRONCLAD","items_purchased":[],"campfire_rested":0,"item_purchase_floors":[],"current_hp_per_floor":[80,79,80,80,80,80,80,80,80,80,69,15,0,0],"gold":223,"neow_bonus":"","is_daily":false,"chose_seed":false,"campfire_upgraded":0,"win_rate":0.0,"timestamp":1608884309,"path_taken":["M","?","M","$","M","E","?","M","T","E","M","M","E"],"items_purchased_type":[],"build_version":"2020-12-18","purchased_purges":1,"victory":false,"max_hp_per_floor":[80,80,80,80,80,80,80,80,80,80,80,80,80,80],"card_choices":[{"not_picked":["WallGazer","MeatLantern"],"picked":"MHz","floor":1},{"not_picked":["Flex","Clash"],"picked":"Dropkick","floor":1},{"not_picked":["Flex","Sentinel"],"picked":"Pommel Strike","floor":3},{"not_picked":["UniverseFragment","Bloodbath"],"picked":"VoidDream","floor":3},{"not_picked":["Perfected Strike","Impervious"],"picked":"Pummel","floor":5},{"not_picked":["Variant","Rudolta"],"picked":"BigBird","floor":5},{"not_picked":["Warcry","Whirlwind"],"picked":"Bloodletting","floor":6},{"not_picked":["Scorched","FairyFestival"],"picked":"CherryBlossoms","floor":6},{"not_picked":["True Grit","Shrug It Off"],"picked":"Sword Boomerang","floor":8},{"not_picked":["BeautyBeast","UniverseFragment"],"picked":"DreamingCurrent","floor":8},{"not_picked":["Perfected Strike","Shockwave"],"picked":"Metallicize","floor":11},{"not_picked":["WallGazer","BlackArmy"],"picked":"WhitesApple","floor":11},{"not_picked":["Clash","Headbutt"],"picked":"Evolve","floor":12}],"player_experience":245305,"relics_obtained":[{"floor":1,"key":"LetterFromLob"},{"floor":6,"key":"testmod-CasingShield"},{"floor":9,"key":"testmod-ArcanaOfDestiny"}],"event_choices":[{"damage_healed":0,"gold_gain":0,"player_choice":"Gave Potion","damage_taken":0,"relics_obtained":["Potion Belt"],"max_hp_gain":0,"max_hp_loss":0,"event_name":"WeMeetAgain","floor":7,"gold_loss":0}],"is_beta":true,"boss_relics":[],"items_purged_floors":[4],"is_endless":false,"potions_floor_spawned":[1,2,6,8,11],"killed_by":"Lagavulin","ascension_level":7}}