{"host":"hfvpa4llnnjpeawn","time":1608865111,"event":{"mods":["2.2 Compatiblity","AchievementEnabler","Act Like it!","Aspiration","Bard","BaseMod","Beaked The Cultist","Better Sensory Stone","Better Skull","Better Third Choice","BetterRewards","CapriCore","Conspire","Downfall","Elementarium","Energized Spire","Hubris","Infinite Spire","Jorbs\u0027s Wanderer Trilogy","Minty Spire (QoL Compilation)","Replay The Spire","Shade Mod","Spicy Shops","StSLib","The Bladedancer","The Factory","The Gatherer","The Jungle","Waifu the Spire","Wandering Minibosses"],"gold_per_floor":[99,114,129,129,144,183,183,108,132,156,156,165,9,28,47,172,172,172,172,191,191,191,229,279,317,317,38,57,57,57],"floor_reached":29,"playtime":5140,"items_purged":[],"score":263,"play_id":"4a72685f-1839-4648-868f-24f796846bd3","local_time":"20201224215831","daily_mods":["Heirloom","Uncertain Future","Elite Swarm"],"is_ascension_mode":false,"campfire_choices":[{"floor":1,"key":"RECALL"},{"floor":8,"key":"REST"},{"floor":11,"key":"REST"},{"data":"sneckomod:UnknownRarePower","floor":18,"key":"SMITH"},{"floor":26,"key":"REST"}],"circlet_count":0,"master_deck":["sneckomod:Strike","sneckomod:Strike","sneckomod:Strike","sneckomod:Defend+1","sneckomod:Defend","sneckomod:Defend","sneckomod:TailWhip","sneckomod:SnekBite","sneckomod:Unknown","sneckomod:Unknown+1","sneckomod:QuickMove","Pain","sneckomod:SoulExchange+1","sneckomod:UnknownClassRED+1","sneckomod:UnknownClassGUARDIAN","sneckomod:WideSting","sneckomod:UnknownVulnerable","sneckomod:UnknownClassPURPLE","sneckomod:CheapStock","sneckomod:UnknownRarePower+1","sneckomod:SnakeSap+1","sneckomod:DangerNoodle","sneckomod:UnknownRareAttack","sneckomod:UnknownClassTHE_CHAMP_GRAY","Replay:SS_forest_2"],"relics":["Magic Flower","Guide Book","PureWater","Golden Idol","conspire:Boomerang","hexamod:CandleOfCauterizing","infinitespire:Chaos","ChewingGum","Ring of Misfortune","Ring of Hypnosis","Anchor","War Paint","Replay:Baseball"],"acts_visited":["Exordium","TheCity"],"potions_floor_usage":[6,16,16,25],"damage_taken":[{"damage":0,"enemies":"conspire:RoseBush","floor":2,"turns":2},{"damage":5,"enemies":"infinitespire:Voidling","floor":3,"turns":4},{"damage":9,"enemies":"Small Slimes","floor":5,"turns":4},{"damage":49,"enemies":"Gremlin Nob","floor":6,"turns":5},{"damage":1,"enemies":"3 Louse","floor":9,"turns":4},{"damage":27,"enemies":"Large Slime","floor":10,"turns":6},{"damage":8,"enemies":"downfall:FleeingMerchant","floor":13,"turns":4},{"damage":0,"enemies":"Exordium Wildlife","floor":14,"turns":2},{"damage":26,"enemies":"conspire:2 RoseBushes","floor":15,"turns":3},{"damage":10,"enemies":"Fading Forest","floor":16,"turns":11},{"damage":5,"enemies":"Spheric Guardian","floor":20,"turns":1},{"damage":44,"enemies":"Nightmare","floor":23,"turns":6},{"damage":33,"enemies":"Book of Stabbing","floor":25,"turns":4},{"damage":4,"enemies":"downfall:FleeingMerchant","floor":27,"turns":4},{"damage":12,"enemies":"Chosen","floor":28,"turns":6},{"damage":28,"enemies":"3 Cultists","floor":29,"turns":4}],"seed_played":"-567031674859551473","potions_obtained":[{"floor":5,"key":"PowerPotion"},{"floor":14,"key":"ColorlessPotion"},{"floor":15,"key":"Strength Potion"},{"floor":16,"key":"Energy Potion"},{"floor":28,"key":"FearPotion"}],"is_trial":false,"path_per_floor":["R","M","M","?","M","E","T","R","M","M","R","?","$","M","M","B",null,"R","AVR","M","?","?","NM","T","E","R","$","M","M"],"character_chosen":"THE_SNECKO","items_purchased":["infinitespire:Chaos","Replay:SS_forest_2"],"campfire_rested":3,"item_purchase_floors":[13,27],"current_hp_per_floor":[90,90,85,85,76,27,27,54,54,28,55,55,48,48,22,27,93,93,93,88,88,88,44,44,11,38,40,28,0,0],"gold":57,"neow_bonus":"","is_daily":true,"chose_seed":false,"campfire_upgraded":1,"win_rate":0.0,"timestamp":1608865111,"path_taken":["R","M","M","?","?","E","T","R","M","M","R","?","$","M","M","BOSS","R","AVR","M","?","?","NM","T","E","R","?","M","M"],"items_purchased_type":["Relic","Card"],"build_version":"2020-12-22","purchased_purges":0,"victory":false,"max_hp_per_floor":[90,90,90,90,90,90,90,90,91,92,92,92,93,93,93,93,93,93,93,93,93,93,93,93,93,93,93,93,93,93],"card_choices":[{"not_picked":["sneckomod:UnknownClassBLADEMASTER_GRAY","sneckomod:UnknownClassPURPLE"],"picked":"sneckomod:QuickMove","floor":2},{"not_picked":["sneckomod:IronFang","sneckomod:QuickMove","sneckomod:SoulDraw"],"picked":"SKIP","floor":3},{"not_picked":["sneckomod:SoulRoll","sneckomod:QuickMove","sneckomod:UnknownStrike"],"picked":"SKIP","floor":5},{"not_picked":["sneckomod:Mudshield","sneckomod:SerpentMind"],"picked":"sneckomod:SoulExchange","floor":6},{"not_picked":["sneckomod:UnknownStrike","sneckomod:DiceBlock"],"picked":"sneckomod:UnknownClassRED","floor":9},{"not_picked":["sneckomod:SoulDraw","sneckomod:UnknownStrike"],"picked":"sneckomod:UnknownClassGUARDIAN","floor":10},{"not_picked":["sneckomod:Unknown1Cost","sneckomod:UnknownCommonSkill"],"picked":"sneckomod:UnknownVulnerable","floor":13},{"not_picked":["sneckomod:DiceBlock","sneckomod:Unknown1Cost"],"picked":"sneckomod:UnknownClassPURPLE","floor":14},{"not_picked":["sneckomod:UnknownVulnerable","sneckomod:UnknownCommonAttack"],"picked":"sneckomod:CheapStock","floor":15},{"not_picked":["sneckomod:UnknownRareSkill","sneckomod:UnlimitedRolls"],"picked":"sneckomod:UnknownRarePower","floor":16},{"not_picked":["sneckomod:UnknownVulnerable+1","sneckomod:UnknownCommonSkill"],"picked":"sneckomod:SnakeSap+1","floor":20},{"not_picked":["sneckomod:MorePower","sneckomod:Transmogrify"],"picked":"sneckomod:DangerNoodle","floor":23},{"not_picked":["sneckomod:SerpentMind","sneckomod:Restock"],"picked":"sneckomod:UnknownRareAttack","floor":25},{"not_picked":["sneckomod:DiceCrush","sneckomod:Nope"],"picked":"sneckomod:UnknownClassTHE_CHAMP_GRAY","floor":27},{"not_picked":["sneckomod:SerpentIdol","sneckomod:QuickMove","sneckomod:Nope"],"picked":"SKIP","floor":28}],"player_experience":340995,"relics_obtained":[{"floor":6,"key":"CeramicFish"},{"floor":7,"key":"conspire:DecoderRing"},{"floor":22,"key":"Ring of Misfortune"},{"floor":22,"key":"Ring of Hypnosis"},{"floor":23,"key":"Anchor"},{"floor":24,"key":"War Paint"},{"floor":25,"key":"Replay:Baseball"}],"event_choices":[{"damage_healed":0,"gold_gain":0,"player_choice":"Rummage","damage_taken":0,"relics_obtained":["WarpedTongs"],"max_hp_gain":0,"max_hp_loss":0,"event_name":"Accursed Blacksmith","floor":4,"gold_loss":0,"cards_obtained":["Pain"]},{"damage_healed":0,"gold_gain":0,"player_choice":"Leave","damage_taken":0,"max_hp_gain":0,"max_hp_loss":0,"event_name":"conspire:Investor","floor":21,"gold_loss":0}],"is_beta":false,"boss_relics":[{"not_picked":["hubris:CrackedHourglass","SlaversCollar"],"picked":"ChewingGum"}],"items_purged_floors":[],"is_endless":false,"potions_floor_spawned":[5,14,15,16,28],"killed_by":"3 Cultists","ascension_level":0}}