{"host":"a8rzj4nfw2w5de5r","time":1608900770,"event":{"mods":["BaseMod","Bestiary","Block Reminder","Colored Map","Downfall","Highlight Path","Minty Spire (QoL Compilation)","Relic Sorter","Relic Stats","StSLib"],"gold_per_floor":[99,114,132,132,146,180,205,218,230,262,290,304,229,254,272,377,377,302,316,145,245,258,258,310,328,340,340,371,10,10,27,40,144,144,69,79,130,150,161,161,161,177,189,216,216,234,260,260,271,271,271,299,16,16,16],"floor_reached":56,"playtime":6725,"items_purged":["Guardian:CrystalBeam","Guardian:GatlingBeam","Guardian:TwinSlam","Guardian:CurlUp"],"score":1355,"play_id":"3572406d-6f36-4190-8ad2-a7d91b9c7f52","local_time":"20201225182250","is_ascension_mode":false,"campfire_choices":[{"floor":1.0,"key":"RECALL"},{"floor":13,"key":"REST"},{"data":"Guardian:Suspension","floor":18,"key":"SMITH"},{"data":"Guardian:Suspension","floor":23,"key":"SMITH"},{"data":"Guardian:Orbwalk","floor":30,"key":"SMITH"},{"data":"Guardian:MultiBeam","floor":35,"key":"SMITH"},{"data":"Guardian:ExploitGems","floor":45,"key":"SMITH"},{"data":"Guardian:MultiBeam","floor":54,"key":"SMITH"}],"circlet_count":0,"master_deck":["Guardian:SentryBeam","Guardian:PiercingHide","Guardian:ChargeUp+1","Guardian:Orbwalk+1","Guardian:TemporalShield","Guardian:MultiBeam+1","Guardian:ArmoredProtocol","Guardian:Suspension+1","Guardian:GemFinder","Guardian:PrimingBeam","Guardian:Suspension+1","Guardian:Repulse","Guardian:PrismaticBarrier","Guardian:GemFire","Guardian:MultiBeam+1","Guardian:FloatingOrbs","Guardian:Recover","Guardian:Clone+1","Guardian:Preprogram+1","Guardian:PrismaticBeam","Guardian:SpikerProtocol","Guardian:SpikerProtocol","Guardian:ExploitGems+1","Guardian:DecasProtection+1","Guardian:TemporalShield+1","Guardian:CompilePackage","Guardian:PolyBeam+1","Guardian:Repulse+1","Guardian:Suspension+1","Guardian:BronzeArmor+1","Guardian:SpikerProtocol"],"relics":["Guardian:ModeShifter","Bronze Scales","downfall:ShatteredFragment","War Paint","Strawberry","Shovel","Odd Mushroom","downfall:HeartBlessingGreen","Darkstone Periapt","Pandora\u0027s Box","downfall:HeartBlessingRed","Torii","Question Card","NlothsMask","Gambling Chip","White Beast Statue","Cursed Key","downfall:HeartBlessingBlue","Pocketwatch","Happy Flower","Guardian:PocketSentry","InkBottle","Membership Card"],"acts_visited":["Exordium","TheCity","TheBeyond","TheEnding"],"potions_floor_usage":[11,36,38,55,55],"damage_taken":[{"damage":2.0,"enemies":"Small Slimes","floor":2.0,"turns":4.0},{"damage":7.0,"enemies":"2 Louse","floor":3.0,"turns":2.0},{"damage":0,"enemies":"Jaw Worm","floor":5,"turns":3},{"damage":4,"enemies":"Lagavulin","floor":6,"turns":7},{"damage":7,"enemies":"Exordium Thugs","floor":8,"turns":3},{"damage":2,"enemies":"Blue Slaver","floor":9,"turns":3},{"damage":4,"enemies":"3 Sentries","floor":10,"turns":5},{"damage":14,"enemies":"The Mushroom Lair","floor":11,"turns":1},{"damage":11,"enemies":"Large Slime","floor":12,"turns":6},{"damage":12,"enemies":"Lagavulin","floor":14,"turns":6},{"damage":1,"enemies":"3 Louse","floor":15,"turns":2},{"damage":23,"enemies":"downfall:Defect","floor":16,"turns":10},{"damage":4,"enemies":"Shell Parasite","floor":19,"turns":4},{"damage":0,"enemies":"downfall:FleeingMerchant","floor":20,"turns":4},{"damage":14,"enemies":"Colosseum Nobs","floor":21,"turns":4},{"damage":0,"enemies":"Chosen","floor":22,"turns":3},{"damage":0,"enemies":"3 Cultists","floor":25,"turns":3},{"damage":0,"enemies":"Centurion and Healer","floor":26,"turns":4},{"damage":21,"enemies":"Book of Stabbing","floor":28,"turns":4},{"damage":1,"enemies":"downfall:FleeingMerchant","floor":29,"turns":4},{"damage":7,"enemies":"Snake Plant","floor":31,"turns":4},{"damage":1,"enemies":"Sentry and Sphere","floor":32,"turns":4},{"damage":29,"enemies":"downfall:Watcher","floor":33,"turns":7},{"damage":23,"enemies":"3 Darklings","floor":36,"turns":3},{"damage":0,"enemies":"downfall:FleeingMerchant","floor":37,"turns":3},{"damage":9,"enemies":"3 Shapes","floor":38,"turns":2},{"damage":0,"enemies":"Transient","floor":39,"turns":5},{"damage":19,"enemies":"4 Shapes","floor":42,"turns":4},{"damage":0,"enemies":"Sphere and 2 Shapes","floor":43,"turns":4},{"damage":0,"enemies":"Nemesis","floor":44,"turns":7},{"damage":0,"enemies":"Maw","floor":46,"turns":5},{"damage":0,"enemies":"Giant Head","floor":47,"turns":5},{"damage":6,"enemies":"4 Shapes","floor":49,"turns":5},{"damage":0,"enemies":"downfall:Silent","floor":50,"turns":5},{"damage":1,"enemies":"downfall:CharBossMerchant","floor":52,"turns":7},{"damage":8,"enemies":"downfall:NeowBoss","floor":55,"turns":12}],"seed_played":"1116023981352450106","potions_obtained":[{"floor":8,"key":"BlessingOfTheForge"},{"floor":11,"key":"Dexterity Potion"},{"floor":12,"key":"SpeedPotion"},{"floor":14,"key":"sneckomod:MuddlingPotion"},{"floor":16,"key":"SteroidPotion"},{"floor":19,"key":"Fire Potion"},{"floor":25,"key":"Explosive Potion"},{"floor":31,"key":"Swift Potion"},{"floor":36,"key":"AttackPotion"},{"floor":37,"key":"LiquidBronze"},{"floor":38,"key":"Fruit Juice"},{"floor":39,"key":"champ:CounterPotion"}],"is_trial":false,"path_per_floor":["R","M","M","?","M","E","T","M","M","E","?","M","R","E","M","B",null,"R","M","$","?","M","R","T","M","M","?","E","$","R","M","M","B",null,"R","M","$","M","M","?","T","M","M","E","R","M","E","$","M","B",null,"E","$","R","B",null],"character_chosen":"GUARDIAN","items_purchased":["Guardian:FloatingOrbs","White Beast Statue","Guardian:ExploitGems","Membership Card","Guardian:SpikerProtocol","SteroidPotion"],"campfire_rested":1,"item_purchase_floors":[20,29,37,53,53,53],"current_hp_per_floor":[80,78,71,47,47,43,50,43,41,37,23,12,38,26,25,2,87,87,83,83,69,69,69,69,69,69,69,48,47,47,40,39,10,87,97,74,74,70,70,70,70,51,51,51,51,51,51,51,45,45,102,101,101,101,93],"gold":16,"neow_bonus":"RANDOM_COMMON_RELIC","is_daily":false,"chose_seed":false,"campfire_upgraded":6,"win_rate":0.0,"timestamp":1608900770,"path_taken":["R","M","M","?","M","E","T","M","M","E","?","M","R","E","M","BOSS","R","M","$","?","M","R","T","M","M","?","E","$","R","M","M","BOSS","R","M","$","M","M","?","T","M","M","E","R","M","E","?","M","BOSS","E","$","R","BOSS"],"items_purchased_type":["Card","Relic","Card","Relic","Card","Potion"],"build_version":"2020-12-22","purchased_purges":4,"victory":true,"max_hp_per_floor":[80,80,80,80,80,80,87,87,87,87,87,87,87,87,87,87,87,87,87,87,87,87,87,87,87,87,87,87,87,87,87,87,87,87,97,97,97,102,102,102,102,102,102,102,102,102,102,102,102,102,102,102,102,102,102],"relic_stats":{"Darkstone Periapt":0,"Torii":8,"Happy Flower":[13],"counters":[36,164],"War Paint":["Guardian:Defend_Guardian","Guardian:ChargeUp"],"Question Card":33,"Cursed Key":0,"Shovel":0,"Bronze Scales":[396],"Gambling Chip":[59],"Pandora\u0027s Box":["Guardian:PrimingBeam","Guardian:Suspension","Guardian:Repulse","Guardian:PrismaticBarrier","Guardian:GemFire","Guardian:GatlingBeam","Guardian:Gem_Purple","Guardian:CrystalBeam"],"obtain_stats":[{"Darkstone Periapt":14,"downfall:ShatteredFragment":4,"downfall:HeartBlessingRed":18,"Torii":21,"Happy Flower":44,"Guardian:ModeShifter":0,"downfall:HeartBlessingGreen":13,"Guardian:PocketSentry":47,"War Paint":6,"Odd Mushroom":11,"Question Card":21,"Cursed Key":34,"White Beast Statue":29,"Shovel":10,"downfall:HeartBlessingBlue":35,"Bronze Scales":0,"Strawberry":7,"Gambling Chip":28,"Pandora\u0027s Box":17,"Membership Card":53,"InkBottle":52,"NlothsMask":27,"Pocketwatch":40},{"Darkstone Periapt":10,"downfall:ShatteredFragment":2,"downfall:HeartBlessingRed":12,"Torii":15,"Happy Flower":30,"Guardian:ModeShifter":0,"downfall:HeartBlessingGreen":9,"Guardian:PocketSentry":32,"War Paint":4,"Odd Mushroom":8,"Question Card":15,"Cursed Key":23,"White Beast Statue":20,"Shovel":7,"downfall:HeartBlessingBlue":23,"Bronze Scales":0,"Strawberry":4,"Gambling Chip":19,"Pandora\u0027s Box":12,"Membership Card":35,"InkBottle":35,"NlothsMask":18,"Pocketwatch":27},{"Darkstone Periapt":40,"downfall:ShatteredFragment":6,"downfall:HeartBlessingRed":52,"Torii":64,"Happy Flower":125,"Guardian:ModeShifter":0,"downfall:HeartBlessingGreen":34,"Guardian:PocketSentry":135,"War Paint":16,"Odd Mushroom":28,"Question Card":64,"Cursed Key":97,"White Beast Statue":82,"Shovel":27,"downfall:HeartBlessingBlue":97,"Bronze Scales":0,"Strawberry":16,"Gambling Chip":78,"Pandora\u0027s Box":52,"Membership Card":152,"InkBottle":152,"NlothsMask":74,"Pocketwatch":110}],"InkBottle":[15],"Pocketwatch":[2]},"card_choices":[{"not_picked":["Guardian:Gem_Cyan","Guardian:Gem_Red"],"picked":"Guardian:SentryBeam","floor":2.0},{"not_picked":["Guardian:Orbwalk","Guardian:RefractedBeam"],"picked":"Guardian:PiercingHide","floor":3.0},{"not_picked":["Guardian:PrimingBeam","Guardian:Gem_Green"],"picked":"Guardian:ChargeUp","floor":5},{"not_picked":["Guardian:ShieldSpikes","Guardian:RefractedBeam"],"picked":"Guardian:Gem_Purple","floor":6},{"not_picked":["Guardian:Repulse","Guardian:Incinerate"],"picked":"Guardian:Orbwalk","floor":8},{"not_picked":["Guardian:Clone","Guardian:Reroute"],"picked":"Guardian:TemporalShield","floor":9},{"not_picked":["Guardian:BaubleBeam","Guardian:ChargeCore"],"picked":"Guardian:MultiBeam","floor":10},{"not_picked":["Guardian:VentSteam","Guardian:Gem_Red"],"picked":"Guardian:ArmoredProtocol","floor":12},{"not_picked":["Guardian:TemporalStrike","Guardian:PrimingBeam","Guardian:ShieldSpikes"],"picked":"SKIP","floor":14},{"not_picked":["Guardian:Incinerate","Guardian:Gem_Yellow"],"picked":"Guardian:Suspension","floor":15},{"not_picked":["Guardian:FastForward","Guardian:Gem_Synthetic"],"picked":"Guardian:GemFinder","floor":16},{"not_picked":["Guardian:WalkerClaw","Guardian:CrystalBeam","Guardian:GuardianWhirl+1"],"picked":"SKIP","floor":19},{"not_picked":["Guardian:Clone","Guardian:Gem_Lightblue"],"picked":"Guardian:MultiBeam","floor":20},{"not_picked":["Guardian:Incinerate","Guardian:RefractedBeam"],"picked":"Guardian:Recover","floor":21},{"not_picked":["Guardian:Gem_Red","Guardian:Gem_Green"],"picked":"Guardian:Gem_Cyan","floor":22},{"not_picked":["Guardian:DonusPower","Guardian:Recover","Guardian:VentSteam+1","Guardian:TemporalStrike"],"picked":"SKIP","floor":22},{"not_picked":["Guardian:Gem_Green","Guardian:Gem_Lightblue"],"picked":"Guardian:Gem_Cyan","floor":25},{"not_picked":["Guardian:ChargeCore","Guardian:Repulse+1","Guardian:Reroute"],"picked":"Guardian:Clone+1","floor":25},{"not_picked":["Guardian:Gem_Green","Guardian:Gem_Red"],"picked":"Guardian:Gem_Cyan","floor":26},{"not_picked":["Guardian:SphericShield","Guardian:TemporalStrike+1","Guardian:PiercingHide"],"picked":"Guardian:Preprogram+1","floor":26},{"not_picked":["Guardian:Gem_Red","Guardian:Gem_Green"],"picked":"Guardian:Gem_Cyan","floor":28},{"not_picked":["Guardian:ChargeCore","Guardian:AncientConstruct","Guardian:Recover"],"picked":"Guardian:PrismaticBeam","floor":28},{"not_picked":["Guardian:GemFinder","Guardian:GuardianWhirl","Guardian:TemporalStrike","Guardian:ChargeCore+1"],"picked":"SKIP","floor":29},{"not_picked":["Guardian:Gem_Red","Guardian:Gem_Green","Guardian:Clone"],"picked":"Guardian:SpikerProtocol","floor":31},{"not_picked":["Guardian:TemporalStrike","Guardian:PrimingBeam","Guardian:Gem_Cyan"],"picked":"Guardian:Gem_Blue","floor":32},{"not_picked":["Guardian:Gem_Green","Guardian:Gem_Red"],"picked":"Guardian:Gem_Cyan","floor":32},{"not_picked":["Guardian:BaubleBeam","Guardian:CompilePackage","Guardian:FierceBash"],"picked":"Guardian:Gem_Orange","floor":33},{"not_picked":["Guardian:Gem_Red","Guardian:Gem_Lightblue"],"picked":"Guardian:Gem_Cyan","floor":33},{"not_picked":["Guardian:ShieldSpikes","Guardian:PrimingBeam","Guardian:TimeBomb+1"],"picked":"Guardian:SpikerProtocol","floor":36},{"not_picked":["Guardian:GuardianWhirl+1","Guardian:WalkerClaw","Guardian:Gem_Red"],"picked":"Guardian:Gem_Cyan","floor":37},{"not_picked":["Guardian:FloatingOrbs","Guardian:VentSteam","Guardian:ArmoredProtocol+1"],"picked":"Guardian:Gem_Blue","floor":38},{"not_picked":["Guardian:Gem_Red","Guardian:Gem_Lightblue"],"picked":"Guardian:Gem_Cyan","floor":39},{"not_picked":["Guardian:Gem_Cyan","Guardian:Reroute","Guardian:Gem_Purple"],"picked":"Guardian:DecasProtection+1","floor":39},{"not_picked":["Guardian:ChargeCore","Guardian:VentSteam+1","Guardian:Reroute"],"picked":"Guardian:TemporalShield+1","floor":42},{"not_picked":["Guardian:WalkerClaw+1","Guardian:ChargeCore","Guardian:ChargeUp"],"picked":"Guardian:CompilePackage","floor":43},{"not_picked":["Guardian:ShieldCharger+1","Guardian:Gem_Fragmented","Guardian:Gem_White"],"picked":"Guardian:PolyBeam+1","floor":44},{"not_picked":["Guardian:Gem_Yellow","Guardian:Gem_Green","Guardian:Emergency"],"picked":"Guardian:Repulse+1","floor":46},{"not_picked":["Guardian:Gem_Fragmented","Guardian:PrimingBeam","Guardian:Gem_Purple","Guardian:Gem_Cyan"],"picked":"SKIP","floor":47},{"not_picked":["Guardian:ExploitGems","Guardian:ShieldCharger","Guardian:RollAttack"],"picked":"Guardian:Suspension+1","floor":49},{"not_picked":["Guardian:Gem_Red","Guardian:Gem_Lightblue"],"picked":"Guardian:Gem_Cyan","floor":49},{"not_picked":["Guardian:Gem_Cyan","Guardian:Gem_Red","Guardian:Recover"],"picked":"Guardian:BronzeArmor+1","floor":52}],"player_experience":582960,"relics_obtained":[{"floor":6,"key":"War Paint"},{"floor":7,"key":"Strawberry"},{"floor":10,"key":"Shovel"},{"floor":11,"key":"Odd Mushroom"},{"floor":14,"key":"Darkstone Periapt"},{"floor":21,"key":"Torii"},{"floor":21,"key":"Question Card"},{"floor":28,"key":"Gambling Chip"},{"floor":40,"key":"Pocketwatch"},{"floor":44,"key":"Happy Flower"},{"floor":47,"key":"Guardian:PocketSentry"},{"floor":52,"key":"InkBottle"}],"event_choices":[{"damage_healed":0,"gold_gain":0,"player_choice":"Fought Mushrooms","damage_taken":0,"max_hp_gain":0,"max_hp_loss":0,"event_name":"Mushrooms","floor":11,"gold_loss":0},{"damage_healed":0,"gold_gain":0,"player_choice":"Trade","damage_taken":0,"relics_obtained":["NlothsMask"],"max_hp_gain":0,"max_hp_loss":0,"event_name":"FaceTrader","floor":27,"gold_loss":0},{"damage_healed":0,"gold_gain":0,"player_choice":"Relic","damage_taken":0,"max_hp_gain":0,"max_hp_loss":0,"event_name":"Wheel of Change","floor":40,"gold_loss":0}],"is_beta":false,"boss_relics":[{"not_picked":["downfall:Hecktoplasm","Fusion Hammer"],"picked":"Pandora\u0027s Box"},{"not_picked":["Coffee Dripper","SlaversCollar"],"picked":"Cursed Key"}],"items_purged_floors":[20,29,37,53],"is_endless":false,"potions_floor_spawned":[8,11,12,14,15,16,19,21,25,31,32,33,36,37,38,39,42,43,44,46,47,49,52],"ascension_level":0}}