{"host":"55yei7x27djrlaep","time":1608891053,"event":{"mods":["Act Like it!","BaseMod","Better Altar","Better Match","Better Note","Better Sensory Stone","Better Skull","Better Third Choice","BetterRewards","Colored Map","Friendly Minions","GifTheSpireLib","Googly Eyes","Infinite Spire","Minty Spire (QoL Compilation)","StSLib","The Marked"],"gold_per_floor":[111,11,0,10,10,10,35,35,105,105,131,131,141,154,154,253,253,273,292,292,292,312,342,342,454,532,544,559,573,606,623,623,724,724,736,147,166,166,166,180,505,505,505,519,548,563,593,605,605,710,710,708,713,723,723,734,734,733,742,792,801,800,826,826,181,181,287,287,292,292,294,290,111,77,77],"floor_reached":74,"playtime":4308,"items_purged":["theMarked:Strike","theMarked:Strike","theMarked:Defend","theMarked:Defend","theMarked:ResourceFulStrike"],"score":1849,"play_id":"037e3661-e98f-4020-ad3a-065f3a280e53","local_time":"20201225131053","is_ascension_mode":true,"campfire_choices":[{"data":"Enlightenment","floor":6,"key":"SMITH"},{"data":"theMarked:SoldierOfQuellstein","floor":8,"key":"SMITH"},{"data":"theMarked:SelfDefenseTraining","floor":10,"key":"SMITH"},{"data":"theMarked:BindingBlade","floor":15,"key":"SMITH"},{"data":"theMarked:SoldierForm","floor":24,"key":"SMITH"},{"floor":32,"key":"REST"},{"floor":42,"key":"RECALL"},{"data":"infinitespire:UltimateForm","floor":49,"key":"SMITH"},{"floor":57,"key":"REST"},{"floor":66,"key":"REST"}],"circlet_count":0,"master_deck":["theMarked:SoldierOfQuellstein+1","theMarked:SelfDefenseTraining+1","Enlightenment+1","theMarked:BindingBlade+1","theMarked:TwofoldDefense+1","theMarked:MaelstromOfLightning+1","theMarked:BindingBlade+1","theMarked:SoldierForm+1","theMarked:BanishingStrike+1","theMarked:TwofoldDefense+1","theMarked:ReduceFriction+1","theMarked:Defy+1","theMarked:Improvise+1","theMarked:WastefulDefense+1","theMarked:Levitate+1","theMarked:DeterminationOfTheMarked","theMarked:WardOff+1","theMarked:Levitate+1","Madness+1","theMarked:Seal+1","infinitespire:UltimateForm+1","theMarked:Overcharge+1","theMarked:ComboAttacks+1","theMarked:EternalStudent+1","theMarked:HeritageOfTheMarked+1","theMarked:TakeOffHeels+1","theMarked:TurnInvisible+1","infinitespire:FutureSight+1","theMarked:ParalyzingBlade+1"],"relics":["theMarked:ArtifactOfAir","Eternal Feather","Lizard Tail","Bag of Marbles","Darkstone Periapt","Mango","Toxic Egg 2","Odd Mushroom","Molten Egg 2","Black Star","SlaversCollar","Du-Vu Doll","Ancient Tea Set","Sundial","Orichalcum","The Courier","Ice Cream","Blood Vial","Empty Cage","ClockworkSouvenir","Omamori","Thread and Needle","Letter Opener","Old Coin","infinitespire:Joker Card","Vajra","Kunai","theMarked:DemonDagger","infinitespire:BottledMercury","Fusion Hammer","HornCleat","Busted Crown","Ginger","Toy Ornithopter","PreservedInsect","Singing Bowl","Mercury Hourglass","Unceasing Top","Golden Idol","Shuriken","Bottled Tornado","Philosopher\u0027s Stone","Happy Flower","Bag of Preparation","Smiling Mask","Bronze Scales"],"acts_visited":["Exordium","TheCity","TheBeyond","Exordium","TheCity"],"potions_floor_usage":[7,16,30,30,40,41,41,48,71,74,74],"damage_taken":[{"damage":0,"enemies":"2 Louse","floor":1,"turns":2},{"damage":0,"enemies":"Small Slimes","floor":4,"turns":3},{"damage":18,"enemies":"3 Sentries","floor":7,"turns":5},{"damage":6,"enemies":"The Mushroom Lair","floor":11,"turns":4},{"damage":0,"enemies":"Cultist","floor":13,"turns":2},{"damage":4,"enemies":"Red Slaver","floor":14,"turns":3},{"damage":2,"enemies":"The Guardian","floor":16,"turns":7},{"damage":5,"enemies":"Shell Parasite","floor":18,"turns":4},{"damage":31,"enemies":"3 Byrds","floor":19,"turns":8},{"damage":1,"enemies":"3 Cultists","floor":22,"turns":3},{"damage":0,"enemies":"Gremlin Leader","floor":23,"turns":3},{"damage":1,"enemies":"Sentry and Sphere","floor":27,"turns":3},{"damage":15,"enemies":"Shelled Parasite and Fungi","floor":28,"turns":4},{"damage":0,"enemies":"Snecko","floor":29,"turns":3},{"damage":11,"enemies":"Nightmare","floor":30,"turns":7},{"damage":4,"enemies":"Sentry and Sphere","floor":31,"turns":3},{"damage":36,"enemies":"Collector","floor":33,"turns":6},{"damage":0,"enemies":"3 Darklings","floor":35,"turns":4},{"damage":0,"enemies":"3 Shapes","floor":37,"turns":4},{"damage":0,"enemies":"Spire Growth","floor":40,"turns":4},{"damage":13,"enemies":"Nightmare","floor":41,"turns":5},{"damage":0,"enemies":"Transient","floor":44,"turns":4},{"damage":7,"enemies":"Reptomancer","floor":45,"turns":2},{"damage":0,"enemies":"Sphere and 2 Shapes","floor":46,"turns":1},{"damage":0,"enemies":"Nemesis","floor":47,"turns":3},{"damage":36,"enemies":"Writhing Mass","floor":48,"turns":3},{"damage":0,"enemies":"Donu and Deca","floor":50,"turns":3},{"damage":0,"enemies":"Small Slimes","floor":52,"turns":2},{"damage":0,"enemies":"Cultist","floor":53,"turns":2},{"damage":0,"enemies":"2 Louse","floor":54,"turns":1},{"damage":0,"enemies":"Blue Slaver","floor":56,"turns":1},{"damage":0,"enemies":"Nightmare","floor":58,"turns":1},{"damage":0,"enemies":"Large Slime","floor":59,"turns":2},{"damage":2,"enemies":"3 Sentries","floor":61,"turns":3},{"damage":0,"enemies":"3 Louse","floor":62,"turns":1},{"damage":0,"enemies":"Gremlin Nob","floor":63,"turns":2},{"damage":0,"enemies":"Slime Boss","floor":67,"turns":2},{"damage":0,"enemies":"Spheric Guardian","floor":69,"turns":1},{"damage":0,"enemies":"2 Thieves","floor":71,"turns":1},{"damage":0,"enemies":"3 Cultists","floor":72,"turns":3},{"damage":152,"enemies":"Nightmare_Alpha","floor":74,"turns":4}],"seed_played":"7469113513682730016","potions_obtained":[{"floor":1,"key":"EssenceOfSteel"},{"floor":4,"key":"AttackPotion"},{"floor":13,"key":"EssenceOfSteel"},{"floor":27,"key":"AttackPotion"},{"floor":31,"key":"Ancient Potion"},{"floor":33,"key":"Energy Potion"},{"floor":35,"key":"ColorlessPotion"},{"floor":40,"key":"Fruit Juice"},{"floor":45,"key":"PowerPotion"},{"floor":46,"key":"Ancient Potion"},{"floor":50,"key":"Explosive Potion"},{"floor":53,"key":"Regen Potion"},{"floor":59,"key":"Regen Potion"},{"floor":61,"key":"DuplicationPotion"},{"floor":72,"key":"Energy Potion"}],"is_trial":false,"path_per_floor":["M","$","?","M","?","R","E","R","T","R","?","?","M","M","R","B",null,"M","M","?","AVR","M","E","R","?","T","M","M","M","NM","M","R","B",null,"M","$","M","?","?","M","NM","R","T","M","E","M","E","M","R","B",null,"M","M","M","AVR","M","R","NM","M","T","E","M","E","?","$","R","B",null,"M","?","M","M","$","NM"],"character_chosen":"THE_DEFAULT","items_purchased":["Eternal Feather","theMarked:ResourceFulStrike","theMarked:SelfDefenseTraining","Bag of Marbles","ClockworkSouvenir","Omamori","Thread and Needle","Shuriken","theMarked:TakeOffHeels+1","Bottled Tornado","theMarked:ParalyzingBlade+1","Bronze Scales"],"campfire_rested":3,"item_purchase_floors":[0,0,0,0,36,36,36,65,65,65,73,73],"current_hp_per_floor":[37,37,43,43,43,49,45,51,51,57,51,51,51,47,56,54,90,85,54,54,54,53,53,62,33,33,32,17,17,6,4,43,9,90,90,90,90,72,77,79,73,85,85,87,82,84,86,52,64,66,95,95,95,95,95,95,95,95,95,95,95,99,101,76,76,101,101,101,103,15,24,28,28,0,0],"gold":77,"neow_bonus":"","is_daily":false,"chose_seed":false,"campfire_upgraded":6,"win_rate":0.0,"timestamp":1608891053,"path_taken":["M","$","?","M","?","R","E","R","T","R","?","?","?","M","R","BOSS","M","M","?","AVR","M","E","R","?","T","M","M","?","NM","M","R","BOSS","M","$","M","?","?","M","NM","R","T","M","E","?","E","M","R","BOSS","M","M","M","AVR","M","R","NM","M","T","E","M","E","?","$","R","BOSS","M","?","M","?","$","NM"],"items_purchased_type":["Relic","Card","Card","Relic","Relic","Relic","Relic","Relic","Card","Relic","Card","Relic"],"build_version":"2020-12-22","purchased_purges":5,"victory":false,"max_hp_per_floor":[70,70,76,76,76,76,90,90,90,90,90,90,90,90,90,90,90,90,90,90,90,90,90,90,90,90,90,90,90,90,90,90,90,90,90,90,90,90,90,90,95,95,95,95,95,95,95,95,95,95,95,95,95,95,95,95,95,95,95,95,97,99,101,101,101,101,101,101,103,103,105,107,107,107,107],"card_choices":[{"not_picked":["theMarked:Static","theMarked:ResourceFulStrike"],"picked":"theMarked:EmpowerWeapon","floor":1},{"not_picked":["theMarked:PowerFlow","theMarked:Electrocute","theMarked:Aftermath"],"picked":"SKIP","floor":4},{"not_picked":["theMarked:ChannelForce","theMarked:Seal"],"picked":"theMarked:BindingBlade","floor":7},{"not_picked":["theMarked:WardOff+1","theMarked:EmpowerWeapon+1"],"picked":"theMarked:TwofoldDefense+1","floor":11},{"not_picked":["theMarked:Panic+1","theMarked:ChainLightning+1"],"picked":"theMarked:MaelstromOfLightning+1","floor":13},{"not_picked":["theMarked:Static+1","theMarked:SwordAndMagic+1"],"picked":"theMarked:BindingBlade+1","floor":14},{"not_picked":["theMarked:Snap+1","theMarked:MuscleMemory+1"],"picked":"theMarked:SoldierForm","floor":16},{"not_picked":["theMarked:WastefulAttack+1","theMarked:ChainLightning+1"],"picked":"theMarked:BanishingStrike+1","floor":18},{"not_picked":["theMarked:Parkour+1","theMarked:Static+1"],"picked":"theMarked:TwofoldDefense+1","floor":19},{"not_picked":["theMarked:MysticalArsenal","theMarked:Convert+1","theMarked:KeepCalmAndFightOn+1"],"picked":"SKIP","floor":22},{"not_picked":["theMarked:ResourceFulStrike+1","theMarked:Frustration+1"],"picked":"theMarked:Improvise+1","floor":23},{"not_picked":["theMarked:HeightenedSenses+1","theMarked:WastefulDefense+1","theMarked:ElectricStrings+1"],"picked":"SKIP","floor":27},{"not_picked":["theMarked:HeightenedSenses+1","theMarked:ElectricStrings+1"],"picked":"theMarked:WastefulDefense+1","floor":27},{"not_picked":["theMarked:WardOff+1","theMarked:EnhanceMovement+1"],"picked":"theMarked:Levitate+1","floor":28},{"not_picked":["theMarked:EmpowerWeapon+1","theMarked:ResourceFulStrike+1"],"picked":"theMarked:DeterminationOfTheMarked","floor":29},{"not_picked":["theMarked:ContemptForTheProud+1","theMarked:Convert+1","theMarked:Static+1"],"picked":"SKIP","floor":30},{"not_picked":["theMarked:ResourceFulStrike+1","theMarked:SelfDefenseTraining+1"],"picked":"theMarked:WardOff+1","floor":31},{"not_picked":["theMarked:SoldierForm","theMarked:FavorableWinds+1"],"picked":"theMarked:Levitate+1","floor":33},{"not_picked":["theMarked:Improvise+1","theMarked:SelfDefenseTraining+1","theMarked:EnhanceMovement+1"],"picked":"SKIP","floor":35},{"not_picked":["theMarked:Static+1","theMarked:RepellingDischarge+1","theMarked:Parkour+1"],"picked":"SKIP","floor":37},{"not_picked":["theMarked:WardOff+1","theMarked:BanishingWave+1"],"picked":"theMarked:Seal+1","floor":40},{"not_picked":["infinitespire:Menacing","infinitespire:Starlight"],"picked":"infinitespire:UltimateForm","floor":41},{"not_picked":["theMarked:Electrocute+1","theMarked:BanishingWave+1","theMarked:WastefulAttack+1"],"picked":"SKIP","floor":41},{"not_picked":["theMarked:Opportunist+1","theMarked:WastefulAttack+1"],"picked":"theMarked:Overcharge+1","floor":44},{"not_picked":["theMarked:BanishingStrike+1","theMarked:MaelstromOfLightning+1","theMarked:Frustration+1"],"picked":"SKIP","floor":45},{"not_picked":["theMarked:MaelstromOfLightning+1","theMarked:WastefulAttack+1","theMarked:Frustration+1"],"picked":"SKIP","floor":46},{"not_picked":["theMarked:Frustration+1","theMarked:HeritageOfTheMarked"],"picked":"theMarked:ComboAttacks+1","floor":47},{"not_picked":["theMarked:Reabsorb+1","theMarked:CreepingChasm+1","theMarked:SwordAndMagic+1"],"picked":"SKIP","floor":48},{"not_picked":["theMarked:SummonStrength","theMarked:Snap+1"],"picked":"theMarked:EternalStudent+1","floor":50},{"not_picked":["theMarked:Electrocute+1","theMarked:PowerFlow+1","theMarked:Aftermath+1"],"picked":"SKIP","floor":52},{"not_picked":["theMarked:WastefulAttack+1","theMarked:EnhanceMovement+1","theMarked:Convert+1"],"picked":"SKIP","floor":53},{"not_picked":["theMarked:CreepingChasm+1","theMarked:Polarize+1"],"picked":"theMarked:HeritageOfTheMarked","floor":54},{"not_picked":["theMarked:HeritageOfTheMarked"],"picked":"SKIP","floor":56},{"not_picked":["theMarked:Polarize+1"],"picked":"SKIP","floor":58},{"not_picked":["theMarked:Improvise+1"],"picked":"SKIP","floor":59},{"not_picked":["theMarked:Improvise+1"],"picked":"SKIP","floor":59},{"not_picked":["theMarked:Electrocute+1"],"picked":"Singing Bowl","floor":61},{"not_picked":["theMarked:KeepCalmAndFightOn+1"],"picked":"Singing Bowl","floor":62},{"not_picked":["theMarked:Parkour+1"],"picked":"Singing Bowl","floor":63},{"not_picked":[],"picked":"theMarked:TurnInvisible+1","floor":67},{"not_picked":["infinitespire:Gouge","infinitespire:TheBestDefense"],"picked":"infinitespire:FutureSight","floor":68},{"not_picked":["theMarked:Aftermath+1"],"picked":"Singing Bowl","floor":69},{"not_picked":["theMarked:Overcharge+1"],"picked":"Singing Bowl","floor":71},{"not_picked":["theMarked:WardOff+1"],"picked":"Singing Bowl","floor":72}],"player_experience":328849,"relics_obtained":[{"floor":5,"key":"Darkstone Periapt"},{"floor":7,"key":"Mango"},{"floor":9,"key":"Toxic Egg 2"},{"floor":11,"key":"Odd Mushroom"},{"floor":23,"key":"Ancient Tea Set"},{"floor":23,"key":"Sundial"},{"floor":26,"key":"The Courier"},{"floor":30,"key":"Ice Cream"},{"floor":30,"key":"Blood Vial"},{"floor":41,"key":"Letter Opener"},{"floor":41,"key":"Old Coin"},{"floor":43,"key":"infinitespire:Joker Card"},{"floor":45,"key":"Vajra"},{"floor":45,"key":"Kunai"},{"floor":47,"key":"theMarked:DemonDagger"},{"floor":47,"key":"infinitespire:BottledMercury"},{"floor":58,"key":"Ginger"},{"floor":58,"key":"Toy Ornithopter"},{"floor":61,"key":"PreservedInsect"},{"floor":61,"key":"Singing Bowl"},{"floor":63,"key":"Mercury Hourglass"},{"floor":63,"key":"Unceasing Top"}],"event_choices":[{"damage_healed":0,"gold_gain":0,"player_choice":"RENOUNCE","damage_taken":11,"max_hp_gain":0,"max_hp_loss":0,"event_name":"betterThird:BetterSerpent","floor":3,"gold_loss":11,"cards_obtained":["Enlightenment"]},{"damage_healed":0,"gold_gain":0,"player_choice":"Fought Mushrooms","damage_taken":0,"max_hp_gain":0,"max_hp_loss":0,"event_name":"Mushrooms","floor":11,"gold_loss":0},{"cards_removed":["theMarked:Indomitable"],"damage_healed":0,"gold_gain":0,"player_choice":"Gave Card","damage_taken":0,"relics_obtained":["Molten Egg 2"],"max_hp_gain":0,"max_hp_loss":0,"event_name":"WeMeetAgain","floor":12,"gold_loss":0},{"damage_healed":0,"gold_gain":0,"cards_transformed":["theMarked:Defend","theMarked:Strike"],"player_choice":"Became Test Subject","damage_taken":0,"max_hp_gain":0,"max_hp_loss":0,"event_name":"Drug Dealer","floor":20,"gold_loss":0,"cards_obtained":["theMarked:ReduceFriction","theMarked:Defy"]},{"damage_healed":0,"gold_gain":112,"player_choice":"RE GO ","damage_taken":32,"relics_obtained":["Orichalcum"],"max_hp_gain":0,"max_hp_loss":0,"event_name":"betterSkull:BetterSkull","floor":25,"gold_loss":0,"cards_upgraded":[]},{"damage_healed":0,"gold_gain":3,"player_choice":"2","damage_taken":0,"max_hp_gain":0,"max_hp_loss":18,"event_name":"betterStone:BetterStone","floor":38,"gold_loss":0},{"cards_removed":["theMarked:EmpowerWeapon"],"damage_healed":5,"gold_gain":0,"player_choice":"Offered Common","damage_taken":0,"max_hp_gain":0,"max_hp_loss":0,"event_name":"Bonfire Elementals","floor":39,"gold_loss":0},{"cards_removed":["theMarked:EmpowerWeapon"],"damage_healed":5,"gold_gain":0,"player_choice":"Offered Special","damage_taken":0,"max_hp_gain":0,"max_hp_loss":0,"event_name":"Bonfire Elementals","floor":39,"gold_loss":0},{"damage_healed":0,"gold_gain":0,"player_choice":"Take Damage","damage_taken":25,"relics_obtained":["Golden Idol"],"max_hp_gain":0,"max_hp_loss":0,"event_name":"Golden Idol","floor":64,"gold_loss":0},{"damage_healed":0,"gold_gain":0,"player_choice":"RE RE UP RE ","damage_taken":96,"relics_obtained":["Happy Flower","Bag of Preparation","Smiling Mask"],"max_hp_gain":0,"max_hp_loss":0,"event_name":"betterSkull:BetterSkull","floor":70,"gold_loss":0,"cards_upgraded":["theMarked:HeritageOfTheMarked"]}],"is_beta":false,"boss_relics":[{"not_picked":["Busted Crown","infinitespire:Cupcake"],"picked":"Black Star"},{"not_picked":["theMarked:BronzeBlade","Snecko Eye"],"picked":"Empty Cage"},{"not_picked":["Astrolabe","Pandora\u0027s Box"],"picked":"Fusion Hammer"},{"not_picked":["Runic Pyramid","theMarked:Eyepatch"],"picked":"Philosopher\u0027s Stone"}],"items_purged_floors":[0,2,21,36,65],"is_endless":true,"potions_floor_spawned":[1,4,13,27,31,33,35,40,45,46,50,53,59,61,63,67,72],"killed_by":"Nightmare_Alpha","ascension_level":2}}