{"host":"wfy07lporsqrbz3r","time":1608905905,"event":{"mods":["BaseMod","Minty Spire (QoL Compilation)","Replay The Spire","StSLib"],"gold_per_floor":[115,115,115,132,144,176,192,209,263,278,278,278,278],"floor_reached":12,"playtime":363,"items_purged":[],"score":164,"play_id":"38c37af2-9193-470d-af68-47ec381a7f4f","local_time":"20201225221825","is_ascension_mode":true,"campfire_choices":[{"floor":11,"key":"REST"}],"circlet_count":0,"master_deck":["AscendersBane","Strike_G","Strike_G","Strike_G","Strike_G","Strike_G","Defend_G","Defend_G","Defend_G","Defend_G","Survivor","Neutralize","PiercingWail","CommonCold","Masterful Stab","Noxious Fumes","Quick Slash","Hidden Blade"],"relics":["Ring of the Snake","NeowsBlessing","ReplayTheSpireMod:Ring of Exchange","Potion Belt","Centennial Puzzle"],"acts_visited":["Exordium"],"potions_floor_usage":[6,6],"damage_taken":[{"damage":0,"enemies":"Small Slimes","floor":1,"turns":1},{"damage":0,"enemies":"Jaw Worm","floor":4,"turns":1},{"damage":0,"enemies":"Cultist","floor":5,"turns":1},{"damage":14,"enemies":"3 Sentries","floor":6,"turns":6},{"damage":15,"enemies":"Large Slime","floor":7,"turns":7},{"damage":2,"enemies":"Blue Slaver","floor":8,"turns":4},{"damage":21,"enemies":"Lots of Slimes","floor":10,"turns":5},{"damage":23,"enemies":"Lagavulin","floor":12,"turns":8}],"seed_played":"2590441096437775099","potions_obtained":[{"floor":1,"key":"SkillPotion"},{"floor":4,"key":"Explosive Potion"},{"floor":5,"key":"BlessingOfTheForge"},{"floor":8,"key":"Dexterity Potion"}],"is_trial":false,"path_per_floor":["M","?","?","M","M","E","M","M","T","M","R","E"],"character_chosen":"THE_SILENT","items_purchased":[],"campfire_rested":1,"item_purchase_floors":[],"current_hp_per_floor":[59,59,59,59,59,45,30,28,28,7,26,3,3],"gold":278,"neow_bonus":"THREE_ENEMY_KILL","is_daily":false,"chose_seed":false,"campfire_upgraded":0,"win_rate":0.0,"timestamp":1608905905,"path_taken":["M","?","?","M","M","E","M","M","T","M","R","E"],"items_purchased_type":[],"build_version":"2020-12-22","purchased_purges":0,"victory":false,"max_hp_per_floor":[66,66,66,66,66,66,66,66,66,66,66,66,66],"card_choices":[{"not_picked":["Riddle With Holes","Bane"],"picked":"PiercingWail","floor":1},{"not_picked":["Escape Plan","Dodge and Roll"],"picked":"Masterful Stab","floor":4},{"not_picked":["Concentrate","Well Laid Plans"],"picked":"Noxious Fumes","floor":5},{"not_picked":["Slice","Outmaneuver"],"picked":"Quick Slash","floor":6},{"not_picked":["Cloak And Dagger","Flechettes","Flying Knee"],"picked":"SKIP","floor":7},{"not_picked":["Slice","Dagger Spray"],"picked":"Hidden Blade","floor":8},{"not_picked":["Doppelganger","Bane","Masterful Stab"],"picked":"SKIP","floor":10}],"player_experience":720411,"relics_obtained":[{"floor":3,"key":"ReplayTheSpireMod:Ring of Exchange"},{"floor":6,"key":"Potion Belt"},{"floor":9,"key":"Centennial Puzzle"}],"event_choices":[],"is_beta":false,"boss_relics":[],"items_purged_floors":[],"is_endless":false,"potions_floor_spawned":[1,4,5,8],"killed_by":"Lagavulin","ascension_level":20}}