{"host":"toh0bbw446wnuexf","time":1608879065,"event":{"mods":["BaseMod","Downfall","Hermit","Minty Spire (QoL Compilation)","Random Character Button","StSLib"],"gold_per_floor":[99,99,99,249,249,249,249,249,249,249,267,284,284,298,318,318,318],"floor_reached":16,"playtime":1254,"items_purged":[],"score":88,"play_id":"2290dd77-a43c-4ea1-b62c-2a63f84d437b","local_time":"20201225195105","is_ascension_mode":false,"campfire_choices":[{"data":"sneckomod:SnekBite","floor":1,"key":"SMITH"},{"data":"sneckomod:TailWhip","floor":8,"key":"SMITH"},{"data":"sneckomod:IronFang","floor":10,"key":"SMITH"},{"data":"sneckomod:Strike","floor":13,"key":"SMITH"}],"circlet_count":0,"master_deck":["sneckomod:Strike+1","sneckomod:Strike","sneckomod:Strike","sneckomod:Defend","sneckomod:Defend","sneckomod:Defend","sneckomod:TailWhip+1","sneckomod:SnekBite+1","sneckomod:Unknown","Slimebound:Icky","sneckomod:IronFang+1","sneckomod:SerpentIdol"],"relics":["sneckomod:SneckoSoul","downfall:HeartsMalice","Sundial","Meat on the Bone"],"acts_visited":["Exordium"],"potions_floor_usage":[],"damage_taken":[{"damage":0,"enemies":"2 Louse","floor":3,"turns":1},{"damage":0,"enemies":"Jaw Worm","floor":5,"turns":1},{"damage":0,"enemies":"Small Slimes","floor":9,"turns":1},{"damage":23,"enemies":"Gremlin Gang","floor":11,"turns":6},{"damage":8,"enemies":"3 Louse","floor":12,"turns":3},{"damage":13,"enemies":"2 Fungi Beasts","floor":14,"turns":3},{"damage":3,"enemies":"Red Slaver","floor":15,"turns":4},{"damage":57,"enemies":"downfall:Defect","floor":16,"turns":6}],"seed_played":"5210198696851197318","potions_obtained":[{"floor":14,"key":"Weak Potion"},{"floor":15,"key":"SmokeBomb"}],"is_trial":false,"path_per_floor":["R","?","M","?","M","?","T","R","M","R","M","M","R","M","M","B"],"character_chosen":"THE_SNECKO","items_purchased":[],"campfire_rested":0,"item_purchase_floors":[],"current_hp_per_floor":[90,78,78,78,78,78,78,78,78,78,55,47,47,46,55,0,0],"gold":318,"neow_bonus":"THREE_ENEMY_KILL","is_daily":false,"chose_seed":false,"campfire_upgraded":4,"win_rate":0.0,"timestamp":1608879065,"path_taken":["R","?","M","?","M","?","T","R","M","R","M","?","R","M","M","BOSS"],"items_purchased_type":[],"build_version":"2020-12-22","purchased_purges":0,"victory":false,"max_hp_per_floor":[90,90,90,90,90,90,90,90,90,90,90,90,90,90,90,90,90],"card_choices":[{"not_picked":["sneckomod:UnknownVulnerable","sneckomod:SoulRoll","sneckomod:UnknownBlock"],"picked":"SKIP","floor":3},{"not_picked":["sneckomod:UnknownWeak","sneckomod:RainOfDice","sneckomod:UnknownClassHEXA_GHOST_PURPLE"],"picked":"SKIP","floor":5},{"not_picked":["sneckomod:RainOfDice","sneckomod:UnknownBlock","sneckomod:SnekBeam"],"picked":"SKIP","floor":9},{"not_picked":["sneckomod:SoulCleanse","sneckomod:UnknownBlock","sneckomod:QuickMove"],"picked":"SKIP","floor":11},{"not_picked":["sneckomod:UnknownVulnerable","sneckomod:UnknownClassTHE_CHAMP_GRAY","sneckomod:SoulRoll"],"picked":"SKIP","floor":12},{"not_picked":["sneckomod:SoulDraw","sneckomod:Nope"],"picked":"sneckomod:SerpentIdol","floor":14},{"not_picked":["sneckomod:RainOfDice","sneckomod:UnknownCommonAttack","sneckomod:ImprovisedAttack"],"picked":"SKIP","floor":15}],"player_experience":521972,"relics_obtained":[{"floor":7,"key":"Meat on the Bone"}],"event_choices":[{"damage_healed":0,"gold_gain":0,"player_choice":"Success","damage_taken":12,"relics_obtained":["Sundial"],"max_hp_gain":0,"max_hp_loss":0,"event_name":"Scrap Ooze","floor":2,"gold_loss":0},{"damage_healed":0,"gold_gain":0,"cards_transformed":["sneckomod:Unknown"],"player_choice":"Transformed","damage_taken":0,"max_hp_gain":0,"max_hp_loss":0,"event_name":"Transmorgrifier","floor":6,"gold_loss":0,"cards_obtained":["sneckomod:IronFang"]}],"is_beta":false,"boss_relics":[],"items_purged_floors":[],"is_endless":false,"potions_floor_spawned":[14,15],"killed_by":"downfall:Defect","ascension_level":0}}