{"host":"3jpwrwmmgyabjceh","time":1608904528,"event":{"mods":["AchievementEnabler","BaseMod","Colored Map","Colored Powertips","Highlight Path","Minty Spire (QoL Compilation)","Quick Restart","StSLib"],"gold_per_floor":[116,129,129,129,194,194,212,212,212,212,262,30,80,130,130,251,251,275,325,394,444,467,507,521,670,724,724,189,189,222,237,237,237,237],"floor_reached":33,"playtime":860,"items_purged":["Strike_B","Strike_B"],"score":328,"play_id":"6ea80cc1-e8f4-4108-b2f1-e540bbc38b06","local_time":"20201225165528","is_ascension_mode":true,"campfire_choices":[{"data":"Zap","floor":6,"key":"SMITH"},{"data":"Sweeping Beam","floor":8,"key":"SMITH"},{"data":"Dualcast","floor":10,"key":"SMITH"},{"floor":15,"key":"REST"},{"data":"J.A.X.","floor":27,"key":"SMITH"},{"data":"Self Repair","floor":29,"key":"SMITH"},{"data":"Conserve Battery","floor":32,"key":"SMITH"}],"circlet_count":0,"master_deck":["Defend_B","Defend_B","Defend_B","Defend_B","Zap+1","Dualcast+1","Go for the Eyes+1","Chill","Sweeping Beam+1","All For One+1","Beam Cell+1","J.A.X.+1","Steam+1","Auto Shields+1","Reprogram+1","Gash+1","Self Repair+1","Rebound+1","Conserve Battery+1","Self Repair"],"relics":["Cracked Core","Blood Vial","Golden Idol","SsserpentHead","Vajra","Matryoshka","Bronze Scales","Pen Nib","MealTicket","Sozu","Molten Egg 2","Cables","Whetstone","Lantern","Dream Catcher"],"acts_visited":["Exordium","TheCity"],"potions_floor_usage":[7,16],"damage_taken":[{"damage":6,"enemies":"Cultist","floor":1,"turns":3},{"damage":7,"enemies":"Small Slimes","floor":2,"turns":4},{"damage":0,"enemies":"2 Louse","floor":5,"turns":2},{"damage":5,"enemies":"Exordium Thugs","floor":7,"turns":5},{"damage":41,"enemies":"Slime Boss","floor":16,"turns":9},{"damage":1,"enemies":"Chosen","floor":18,"turns":3},{"damage":0,"enemies":"Shell Parasite","floor":20,"turns":3},{"damage":7,"enemies":"Snake Plant","floor":22,"turns":2},{"damage":30,"enemies":"Book of Stabbing","floor":23,"turns":4},{"damage":3,"enemies":"Chosen and Byrds","floor":24,"turns":3},{"damage":20,"enemies":"Slavers","floor":30,"turns":6},{"damage":12,"enemies":"Cultist and Chosen","floor":31,"turns":3},{"damage":63,"enemies":"Collector","floor":33,"turns":6}],"seed_played":"-6894116420174792797","potions_obtained":[{"floor":1,"key":"SteroidPotion"},{"floor":5,"key":"Energy Potion"}],"is_trial":false,"path_per_floor":["M","M","?","?","M","R","M","R","T","R","?","$","T","?","R","B",null,"M","?","M","?","M","E","M","?","T","R","$","R","E","M","R","B"],"character_chosen":"DEFECT","items_purchased":["Bronze Scales","Gash+1","Self Repair","Rebound+1","Whetstone","Lantern"],"campfire_rested":1,"item_purchase_floors":[12,28,28,28,28,28],"current_hp_per_floor":[69,64,46,46,48,48,45,45,45,45,45,45,45,38,60,21,75,74,74,75,75,68,40,39,39,39,39,54,54,46,46,46,0,0],"gold":237,"neow_bonus":"RANDOM_COMMON_RELIC","is_daily":false,"chose_seed":false,"campfire_upgraded":6,"win_rate":0.0,"timestamp":1608904528,"path_taken":["M","M","?","?","?","R","M","R","T","R","?","$","?","?","R","BOSS","M","?","?","?","M","E","M","?","T","R","$","R","E","M","R","BOSS"],"items_purchased_type":["Relic","Card","Card","Card","Relic","Relic"],"build_version":"2020-12-22","purchased_purges":2,"victory":false,"max_hp_per_floor":[75,75,75,75,75,75,75,75,75,75,75,75,75,75,75,75,75,75,75,75,75,75,75,75,75,75,75,75,75,75,75,75,75,75],"card_choices":[{"not_picked":["Compile Driver","White Noise"],"picked":"Go for the Eyes","floor":1},{"not_picked":["Cold Snap","Redo"],"picked":"Chill","floor":2},{"not_picked":["Turbo","Ball Lightning"],"picked":"Chill","floor":5},{"not_picked":["Beam Cell","Go for the Eyes"],"picked":"Sweeping Beam","floor":7},{"not_picked":["Biased Cognition","Machine Learning"],"picked":"All For One","floor":16},{"not_picked":["Barrage","Self Repair"],"picked":"Beam Cell+1","floor":18},{"not_picked":["Coolheaded","Darkness","Melter"],"picked":"SKIP","floor":20},{"not_picked":["Genetic Algorithm","Heatsinks"],"picked":"Steam+1","floor":22},{"not_picked":["Fission","Turbo"],"picked":"Auto Shields+1","floor":23},{"not_picked":["Conserve Battery","Steam Power"],"picked":"Reprogram+1","floor":24},{"not_picked":["Steam Power","Melter+1"],"picked":"Conserve Battery","floor":30},{"not_picked":["Streamline+1","Rebound+1"],"picked":"Self Repair","floor":31}],"player_experience":276124,"relics_obtained":[{"floor":9,"key":"Vajra"},{"floor":13,"key":"Pen Nib"},{"floor":13,"key":"MealTicket"},{"floor":23,"key":"Molten Egg 2"},{"floor":26,"key":"Cables"},{"floor":30,"key":"Dream Catcher"}],"event_choices":[{"damage_healed":0,"gold_gain":0,"player_choice":"Take Damage","damage_taken":18,"relics_obtained":["Golden Idol"],"max_hp_gain":0,"max_hp_loss":0,"event_name":"Golden Idol","floor":3,"gold_loss":0},{"damage_healed":0,"gold_gain":0,"player_choice":"Trade","damage_taken":0,"relics_obtained":["SsserpentHead"],"max_hp_gain":0,"max_hp_loss":0,"event_name":"FaceTrader","floor":4,"gold_loss":0},{"cards_removed":["Chill"],"damage_healed":0,"gold_gain":0,"player_choice":"Gave Card","damage_taken":0,"relics_obtained":["Matryoshka"],"max_hp_gain":0,"max_hp_loss":0,"event_name":"WeMeetAgain","floor":11,"gold_loss":0},{"cards_removed":["Strike_B"],"damage_healed":0,"gold_gain":0,"player_choice":"Card Removal","damage_taken":7,"max_hp_gain":0,"max_hp_loss":0,"event_name":"Golden Wing","floor":14,"gold_loss":0},{"cards_removed":["Strike_B"],"damage_healed":0,"gold_gain":0,"player_choice":"Purged","damage_taken":0,"max_hp_gain":0,"max_hp_loss":0,"event_name":"Purifier","floor":19,"gold_loss":0},{"damage_healed":0,"gold_gain":0,"player_choice":"Obtain J.A.X.","damage_taken":0,"max_hp_gain":0,"max_hp_loss":0,"event_name":"Drug Dealer","floor":21,"gold_loss":0,"cards_obtained":["J.A.X."]},{"damage_healed":0,"gold_gain":99,"player_choice":"Stole From Cult","damage_taken":0,"max_hp_gain":0,"max_hp_loss":0,"event_name":"Nest","floor":25,"gold_loss":0}],"is_beta":false,"boss_relics":[{"not_picked":["Calling Bell","Tiny House"],"picked":"Sozu"}],"items_purged_floors":[12,28],"is_endless":false,"potions_floor_spawned":[1,5,20,23,30],"killed_by":"Collector","ascension_level":4}}