{"host":"3wnvf1tkxc6p198c","time":1608913250,"event":{"mods":["AchievementEnabler","BaseMod","Colored Map","DeckTracker","Keyboard Shortcuts","Minty Spire (QoL Compilation)","Permanent Neow","Quick Restart","Rare Cards Sparkle","StSLib","SuperFastMode"],"gold_per_floor":[20,30,44,58,58,58,71,90,169,169,187,198,227,61,61,133,133,148,74,85,85,85],"floor_reached":21,"playtime":1028,"items_purged":[],"score":420,"play_id":"1c3fc4d4-d346-4a51-85f9-c5b54d26508d","local_time":"20201226012050","is_ascension_mode":true,"campfire_choices":[{"data":"All Out Attack","floor":6.0,"key":"SMITH"},{"data":"Neutralize","floor":15.0,"key":"SMITH"}],"circlet_count":0,"master_deck":["AscendersBane","Strike_G","Strike_G","Strike_G","Strike_G","Defend_G","Defend_G","Defend_G","Defend_G","Defend_G","Survivor","Neutralize+1","All Out Attack+1","Calculated Gamble","Cloak And Dagger","Predator","Well Laid Plans","Dagger Throw","Dagger Spray","Envenom","Noxious Fumes+1"],"relics":["Ring of the Snake","FossilizedHelix","Ninja Scroll","Vajra","Medical Kit","Black Star","Torii"],"acts_visited":["Exordium","TheCity"],"potions_floor_usage":[21],"damage_taken":[{"damage":0.0,"enemies":"Small Slimes","floor":1.0,"turns":4.0},{"damage":0.0,"enemies":"2 Louse","floor":2.0,"turns":2.0},{"damage":0.0,"enemies":"Cultist","floor":3.0,"turns":4.0},{"damage":0.0,"enemies":"3 Louse","floor":4.0,"turns":2.0},{"damage":4.0,"enemies":"Gremlin Gang","floor":7.0,"turns":4.0},{"damage":0.0,"enemies":"Red Slaver","floor":8.0,"turns":3.0},{"damage":0.0,"enemies":"3 Louse","floor":11.0,"turns":2.0},{"damage":0.0,"enemies":"Blue Slaver","floor":12.0,"turns":2.0},{"damage":0.0,"enemies":"3 Sentries","floor":13.0,"turns":6.0},{"damage":47.0,"enemies":"Hexaghost","floor":16.0,"turns":14.0},{"damage":23.0,"enemies":"3 Byrds","floor":18.0,"turns":6.0},{"damage":19,"enemies":"Spheric Guardian","floor":20,"turns":4},{"damage":7,"enemies":"3 Cultists","floor":21,"turns":4}],"seed_played":"4451518573919639609","potions_obtained":[{"floor":3.0,"key":"Explosive Potion"},{"floor":4.0,"key":"Strength Potion"},{"floor":8.0,"key":"SpeedPotion"},{"floor":11.0,"key":"Ancient Potion"},{"floor":20,"key":"Block Potion"}],"is_trial":false,"path_per_floor":["M","M","M","M","$","R","M","M","T","?","M","M","E","$","R","B",null,"M","?","M","M"],"character_chosen":"THE_SILENT","items_purchased":["Medical Kit"],"campfire_rested":0,"item_purchase_floors":[14],"current_hp_per_floor":[59,59,59,59,59,59,55,55,55,48,48,48,48,48,48,1,50,27,27,8,1,1],"gold":85,"neow_bonus":"ONE_RARE_RELIC","is_daily":false,"chose_seed":false,"campfire_upgraded":2,"win_rate":0.0,"timestamp":1608913250,"path_taken":["M","M","M","M","$","R","M","M","T","?","M","M","E","$","R","BOSS","M","?","M","M"],"items_purchased_type":["Relic"],"build_version":"2020-12-22","purchased_purges":0,"victory":false,"max_hp_per_floor":[66,66,66,66,66,66,66,66,66,66,66,66,66,66,66,66,66,66,66,66,66,66],"card_choices":[{"not_picked":["Sucker Punch","Flechettes"],"picked":"All Out Attack","floor":1.0},{"not_picked":["Terror","Prepared"],"picked":"Calculated Gamble","floor":2.0},{"not_picked":["Terror","Flechettes"],"picked":"Cloak And Dagger","floor":3.0},{"not_picked":["Acrobatics","Slice","Underhanded Strike"],"picked":"SKIP","floor":4.0},{"not_picked":["Catalyst","Concentrate"],"picked":"Predator","floor":7.0},{"not_picked":["Prepared","Acrobatics"],"picked":"Well Laid Plans","floor":8.0},{"not_picked":["Outmaneuver","Dodge and Roll","Slice"],"picked":"SKIP","floor":11.0},{"not_picked":["Flying Knee","Outmaneuver"],"picked":"Dagger Throw","floor":12.0},{"not_picked":["PiercingWail","Deadly Poison"],"picked":"Dagger Spray","floor":13.0},{"not_picked":["Phantasmal Killer","Grand Finale"],"picked":"Envenom","floor":16.0},{"not_picked":["Poisoned Stab","Acrobatics","Prepared"],"picked":"SKIP","floor":18.0},{"not_picked":["Blur","Dodge and Roll"],"picked":"Noxious Fumes+1","floor":20}],"player_experience":901748,"relics_obtained":[{"floor":9.0,"key":"Ninja Scroll"},{"floor":13.0,"key":"Vajra"}],"event_choices":[{"cards_removed":["Strike_G"],"damage_healed":0.0,"max_hp_gain":0.0,"max_hp_loss":0.0,"gold_gain":0.0,"event_name":"Golden Wing","player_choice":"Card Removal","floor":10.0,"gold_loss":0.0,"damage_taken":7.0},{"damage_healed":0.0,"max_hp_gain":0.0,"max_hp_loss":0.0,"gold_gain":0.0,"event_name":"WeMeetAgain","player_choice":"Paid Gold","floor":19.0,"gold_loss":74.0,"damage_taken":0.0,"relics_obtained":["Torii"]}],"is_beta":false,"boss_relics":[{"not_picked":["Runic Dome","Busted Crown"],"picked":"Black Star"}],"items_purged_floors":[],"is_endless":false,"potions_floor_spawned":[3,4,8,11,12,20],"killed_by":"3 Cultists","ascension_level":20}}