{"host":"9l1knhxfturzliqa","time":1608879393,"event":{"mods":["BaseMod","Colored Map","Colored Powertips","DeckTracker","Highlight Path","Keyboard Shortcuts","Minty Spire (QoL Compilation)","Quick Restart","Random Character Button"],"gold_per_floor":[13,13,30,41,316,342,354,385,421,433,445,445],"floor_reached":11,"playtime":572,"items_purged":[],"score":80,"play_id":"8de84ba8-480e-4946-b5b8-91644803c053","local_time":"20201225155633","is_ascension_mode":true,"campfire_choices":[{"data":"Immolate","floor":7,"key":"SMITH"},{"data":"Rampage","floor":10,"key":"SMITH"}],"circlet_count":0,"master_deck":["Strike_R","Strike_R","Strike_R","Strike_R","Defend_R","Defend_R","Defend_R","Bash","Rampage+1","Sword Boomerang","Regret","Immolate+1","Wild Strike"],"relics":["Burning Blood","MawBank","Centennial Puzzle"],"acts_visited":["Exordium"],"potions_floor_usage":[6,8],"damage_taken":[{"damage":6,"enemies":"Jaw Worm","floor":1,"turns":5},{"damage":1,"enemies":"Cultist","floor":3,"turns":3},{"damage":8,"enemies":"2 Louse","floor":4,"turns":3},{"damage":61,"enemies":"3 Sentries","floor":6,"turns":9},{"damage":25,"enemies":"Lots of Slimes","floor":8,"turns":4},{"damage":32,"enemies":"Gremlin Nob","floor":11,"turns":3}],"seed_played":"4969866556358780137","potions_obtained":[{"floor":1,"key":"EssenceOfSteel"},{"floor":4,"key":"Regen Potion"}],"is_trial":false,"path_per_floor":["M","$","M","M","?","E","R","M","T","R","E"],"character_chosen":"IRONCLAD","items_purchased":[],"campfire_rested":0,"item_purchase_floors":[],"current_hp_per_floor":[80,80,80,78,78,23,23,16,16,16,0,0],"gold":445,"neow_bonus":"REMOVE_TWO","is_daily":false,"chose_seed":false,"campfire_upgraded":2,"win_rate":0.0,"timestamp":1608879393,"path_taken":["M","$","M","M","?","E","R","M","T","R","E"],"items_purchased_type":[],"build_version":"2020-12-22","purchased_purges":0,"victory":false,"max_hp_per_floor":[80,80,80,80,80,80,80,80,80,80,80,80],"card_choices":[{"not_picked":["Power Through","Inflame"],"picked":"Rampage","floor":1},{"not_picked":["Headbutt","Body Slam"],"picked":"Sword Boomerang","floor":3},{"not_picked":["Infernal Blade","Anger","Headbutt"],"picked":"SKIP","floor":4},{"not_picked":["Thunderclap","Power Through"],"picked":"Immolate","floor":6},{"not_picked":["Shrug It Off","Clothesline"],"picked":"Wild Strike","floor":8}],"player_experience":238163,"relics_obtained":[{"floor":6,"key":"MawBank"},{"floor":9,"key":"Centennial Puzzle"}],"event_choices":[{"damage_healed":0,"gold_gain":275,"player_choice":"Desecrate","damage_taken":0,"max_hp_gain":0,"max_hp_loss":0,"event_name":"Golden Shrine","floor":5,"gold_loss":0,"cards_obtained":["Regret"]}],"is_beta":false,"boss_relics":[],"items_purged_floors":[],"is_endless":false,"potions_floor_spawned":[1,4],"killed_by":"Gremlin Nob","ascension_level":2}}