{"host":"vddkjx04kiwje1tk","time":1608911624,"event":{"mods":["AchievementEnabler","BaseMod","Colored Map","Minty Spire (QoL Compilation)","Quick Restart","SuperFastMode"],"gold_per_floor":[117,117,135,135,210,210,236,256,256,288,299,299,299,310,310,412,412,425,445,455,455,87,87,115,15,15,34,34,60,60,70,70,167,167,186,200,75,93,93,120,120,120,120,134,134,134],"floor_reached":45,"playtime":1234,"items_purged":["Defend_G","Defend_G","Strike_G"],"score":673,"play_id":"c37f150c-0bf6-437c-aacf-177dc00df2b2","local_time":"20201226005344","is_ascension_mode":true,"campfire_choices":[{"data":"Infinite Blades","floor":6,"key":"SMITH"},{"floor":13,"key":"REST"},{"data":"Accuracy","floor":15,"key":"SMITH"},{"data":"Infinite Blades","floor":23,"key":"SMITH"},{"floor":28,"key":"REST"},{"floor":30,"key":"DIG"},{"floor":32,"key":"DIG"},{"floor":42,"key":"DIG"}],"circlet_count":0,"master_deck":["Strike_G","Strike_G","Strike_G","Defend_G+1","Defend_G","Defend_G","Survivor","Neutralize+1","Infinite Blades+1","Blade Dance","Infinite Blades+1","Accuracy+1","After Image","PiercingWail","Cloak And Dagger","Envenom","Doubt"],"relics":["Ring of the Snake","NeowsBlessing","Omamori","Singing Bowl","TungstenRod","Cursed Key","MutagenicStrength","Mango","Shovel","Mercury Hourglass","Snake Skull","Orichalcum","Dead Branch","Potion Belt","Torii","Blue Candle","Bottled Lightning"],"acts_visited":["Exordium","TheCity","TheBeyond"],"potions_floor_usage":[16,29],"damage_taken":[{"damage":0,"enemies":"Cultist","floor":1,"turns":1},{"damage":0,"enemies":"Small Slimes","floor":3,"turns":1},{"damage":0,"enemies":"3 Sentries","floor":7,"turns":1},{"damage":0,"enemies":"2 Louse","floor":8,"turns":3},{"damage":12,"enemies":"Lagavulin","floor":10,"turns":5},{"damage":3,"enemies":"Exordium Thugs","floor":11,"turns":3},{"damage":3,"enemies":"Red Slaver","floor":14,"turns":3},{"damage":38,"enemies":"The Guardian","floor":16,"turns":9},{"damage":0,"enemies":"3 Byrds","floor":18,"turns":5},{"damage":3,"enemies":"Shell Parasite","floor":19,"turns":5},{"damage":5,"enemies":"3 Cultists","floor":20,"turns":6},{"damage":22,"enemies":"Gremlin Leader","floor":24,"turns":8},{"damage":12,"enemies":"Shelled Parasite and Fungi","floor":27,"turns":4},{"damage":5,"enemies":"Book of Stabbing","floor":29,"turns":4},{"damage":4,"enemies":"Cultist and Chosen","floor":31,"turns":5},{"damage":29,"enemies":"Automaton","floor":33,"turns":8},{"damage":9,"enemies":"Orb Walker","floor":35,"turns":3},{"damage":14,"enemies":"3 Shapes","floor":36,"turns":3},{"damage":15,"enemies":"Transient","floor":38,"turns":5},{"damage":36,"enemies":"Nemesis","floor":40,"turns":5},{"damage":26,"enemies":"Spire Growth","floor":44,"turns":5},{"damage":28,"enemies":"3 Darklings","floor":45,"turns":3}],"seed_played":"6637298384540942395","potions_obtained":[{"floor":1,"key":"AttackPotion"},{"floor":8,"key":"FairyPotion"},{"floor":10,"key":"Ancient Potion"},{"floor":24,"key":"DuplicationPotion"},{"floor":31,"key":"LiquidMemories"},{"floor":33,"key":"CultistPotion"},{"floor":44,"key":"Ancient Potion"}],"is_trial":false,"path_per_floor":["M","?","M","?","?","R","E","M","T","E","M","?","R","M","R","B",null,"M","M","M","?","$","R","E","$","T","M","R","E","R","M","R","B",null,"M","M","$","M","?","E","T","R","T","M","M"],"character_chosen":"THE_SILENT","items_purchased":["Mango"],"campfire_rested":2,"item_purchase_floors":[22],"current_hp_per_floor":[70,70,70,63,52,52,52,52,52,42,41,27,49,48,48,10,60,62,61,58,58,72,72,52,52,52,40,69,66,66,62,62,33,83,76,64,64,51,93,59,59,59,59,35,7,7],"gold":134,"neow_bonus":"THREE_ENEMY_KILL","is_daily":false,"chose_seed":false,"campfire_upgraded":3,"win_rate":0.0,"timestamp":1608911624,"path_taken":["M","?","?","?","?","R","E","M","T","E","M","?","R","M","R","BOSS","M","M","M","?","$","R","E","$","T","M","R","E","R","M","R","BOSS","M","M","$","M","?","E","?","R","T","?","M"],"items_purchased_type":["Relic"],"build_version":"2020-12-22","purchased_purges":3,"victory":false,"max_hp_per_floor":[70,70,70,70,70,70,70,70,70,72,74,74,74,76,76,76,76,78,80,82,82,96,96,98,98,98,98,98,100,100,100,100,100,100,102,104,104,106,93,95,95,95,95,97,97,97],"card_choices":[{"not_picked":["Riddle With Holes","Dodge and Roll"],"picked":"Infinite Blades","floor":1},{"not_picked":["PiercingWail","Backstab"],"picked":"Blade Dance","floor":3},{"not_picked":["Bane","Underhanded Strike"],"picked":"Infinite Blades","floor":7},{"not_picked":["Sucker Punch","Dagger Spray"],"picked":"Accuracy","floor":8},{"not_picked":["Skewer","Acrobatics","Choke"],"picked":"Singing Bowl","floor":10},{"not_picked":["Prepared","Setup","Flying Knee"],"picked":"Singing Bowl","floor":11},{"not_picked":["Tactician","Dagger Spray","Deadly Poison"],"picked":"Singing Bowl","floor":14},{"not_picked":["Doppelganger","Adrenaline"],"picked":"After Image","floor":16},{"not_picked":["Quick Slash","Deadly Poison+1","Sucker Punch+1"],"picked":"Singing Bowl","floor":18},{"not_picked":["Crippling Poison","Escape Plan","Prepared"],"picked":"Singing Bowl","floor":19},{"not_picked":["Flying Knee+1","Bouncing Flask","Underhanded Strike"],"picked":"Singing Bowl","floor":20},{"not_picked":["Blur","Unload","Dodge and Roll+1"],"picked":"Singing Bowl","floor":24},{"not_picked":["Quick Slash","Bouncing Flask+1"],"picked":"PiercingWail","floor":27},{"not_picked":["Predator","Backstab","Reflex"],"picked":"Singing Bowl","floor":29},{"not_picked":["Backflip","Acrobatics"],"picked":"Cloak And Dagger","floor":31},{"not_picked":["Storm of Steel","Corpse Explosion"],"picked":"Envenom","floor":33},{"not_picked":["Deflect","Dagger Spray+1","Blur+1"],"picked":"Singing Bowl","floor":35},{"not_picked":["Acrobatics","PiercingWail","Blade Dance+1"],"picked":"Singing Bowl","floor":36},{"not_picked":["Leg Sweep","Distraction","Setup+1"],"picked":"Singing Bowl","floor":38},{"not_picked":["Poisoned Stab","Bouncing Flask+1","Storm of Steel"],"picked":"Singing Bowl","floor":40},{"not_picked":["Concentrate+1","Outmaneuver","Acrobatics"],"picked":"Singing Bowl","floor":44}],"player_experience":222959,"relics_obtained":[{"floor":7,"key":"Omamori"},{"floor":9,"key":"Singing Bowl"},{"floor":10,"key":"TungstenRod"},{"floor":24,"key":"Shovel"},{"floor":26,"key":"Mercury Hourglass"},{"floor":29,"key":"Snake Skull"},{"floor":30,"key":"Orichalcum"},{"floor":32,"key":"Dead Branch"},{"floor":40,"key":"Potion Belt"},{"floor":41,"key":"Torii"},{"floor":42,"key":"Blue Candle"},{"floor":43,"key":"Bottled Lightning"}],"event_choices":[{"damage_healed":0,"gold_gain":0,"player_choice":"0 cards matched","damage_taken":0,"max_hp_gain":0,"max_hp_loss":0,"event_name":"Match and Keep!","floor":2,"gold_loss":0,"cards_obtained":[]},{"cards_removed":["Strike_G"],"damage_healed":0,"gold_gain":0,"player_choice":"Card Removal","damage_taken":7,"max_hp_gain":0,"max_hp_loss":0,"event_name":"Golden Wing","floor":4,"gold_loss":0},{"damage_healed":0,"gold_gain":75,"player_choice":"Gather Gold","damage_taken":11,"max_hp_gain":0,"max_hp_loss":0,"event_name":"World of Goop","floor":5,"gold_loss":0},{"damage_healed":0,"gold_gain":0,"player_choice":"Entered Light","damage_taken":15,"max_hp_gain":0,"max_hp_loss":0,"event_name":"Shining Light","floor":12,"gold_loss":0,"cards_upgraded":["Defend_G","Neutralize"]},{"damage_healed":0,"gold_gain":0,"player_choice":"Inject Mutagens","damage_taken":0,"relics_obtained":["MutagenicStrength"],"max_hp_gain":0,"max_hp_loss":0,"event_name":"Drug Dealer","floor":21,"gold_loss":0},{"damage_healed":93,"gold_gain":0,"player_choice":"Heal","damage_taken":0,"max_hp_gain":0,"max_hp_loss":13,"event_name":"The Moai Head","floor":39,"gold_loss":0}],"is_beta":false,"boss_relics":[{"not_picked":["Runic Pyramid","Fusion Hammer"],"picked":"Cursed Key"},{"not_picked":["SacredBark","Snecko Eye","Velvet Choker"]}],"items_purged_floors":[22,25,37],"is_endless":false,"potions_floor_spawned":[1,8,10,24,31,33,35,36,44],"killed_by":"3 Darklings","ascension_level":5}}