{"host":"xwa8eo9nbml0h97x","time":1608886104,"event":{"mods":["Aspiration","BaseMod","Colored Map","Colored Powertips","DeckTracker","Highlight Path","Hubris","Infinite Spire","Minty Spire (QoL Compilation)","Quick Restart","Random Character Button","Relic Sorter","Replay The Spire","StSLib","SuperFastMode","Synergy Search","The Cursed","The Disciple","The Jungle","The Runesmith"],"gold_per_floor":[116,116,127,141,141,141,174,174,197,207,225,280,280,312,312,410,510,527,527,527,540,540,569,569,583,583,598,598,612,647,647,647,746,746,759,770,770,781,781,781,781,781,781,793,838,871,871,885,895,922,922,922,922],"floor_reached":52,"playtime":2611,"items_purged":[],"score":637,"play_id":"13bc4182-3ccd-4d4b-8ce1-a5d86af41547","local_time":"20201225054824","is_ascension_mode":false,"campfire_choices":[{"data":"TheCursedMod:CircleOfFlame","floor":6,"key":"SMITH"},{"data":"TheCursedMod:CursedBlade","floor":8,"key":"SMITH"},{"floor":13,"key":"REST"},{"floor":15,"key":"REST"},{"floor":24,"key":"REST"},{"floor":28,"key":"REST"},{"floor":32,"key":"REST"},{"data":"TheCursedMod:NeowsMight","floor":40,"key":"SMITH"},{"data":"TheCursedMod:AbyssShockwave","floor":43,"key":"SMITH"},{"floor":47,"key":"REST"},{"floor":51,"key":"REST"}],"circlet_count":0,"master_deck":["TheCursedMod:Strike_TheCursed","TheCursedMod:Strike_TheCursed","TheCursedMod:Strike_TheCursed","TheCursedMod:Strike_TheCursed","TheCursedMod:Defend_TheCursed","TheCursedMod:Defend_TheCursed+1","TheCursedMod:Defend_TheCursed+1","TheCursedMod:Defend_TheCursed","TheCursedMod:CursedWand+1","TheCursedMod:CleanUpWorkshop","TheCursedMod:Dregs","TheCursedMod:CursedBlade+1","TheCursedMod:RavingStaff","TheCursedMod:CircleOfFlame+1","TheCursedMod:Stretching+1","TheCursedMod:AbyssShockwave+1","TheCursedMod:CursedShiv+1","TheCursedMod:AshesToAshes","Atom Bomb+1","Bouncing Flask+1","TheCursedMod:SpitefulPray","TheCursedMod:SpitefulStrike","TheCursedMod:NeowsMight+1","TheCursedMod:CircleOfAmplification+1","TheCursedMod:CircleOfBlood+1","TheCursedMod:ReleasedStrength+1","TheCursedMod:CursedShiv","TheCursedMod:FleshFromBone","TheCursedMod:OutForBlood"],"relics":["TheCursedMod:BlackMagic101","Orichalcum","ReplayTheSpireMod:Lightbulb","Blood Vial","Gremlin Food","infinitespire:Broken Mirror","Replay:Wanted Poster","Replay:Ringing Soul","Sundial","Replay:Bottled Steam","aspiration:PoetsPen_weak","PreservedInsect","Mirror","Bronze Scales"],"acts_visited":["Exordium","Exordium","TheBeyond"],"potions_floor_usage":[21,33,33,33,52,52,52],"damage_taken":[{"damage":2,"enemies":"Jaw Worm","floor":1,"turns":5},{"damage":0,"enemies":"Small Slimes","floor":3,"turns":3},{"damage":1,"enemies":"2 Louse","floor":4,"turns":2},{"damage":13,"enemies":"3 Sentries","floor":7,"turns":4},{"damage":0,"enemies":"Looter","floor":10,"turns":3},{"damage":0,"enemies":"Gremlin Gang","floor":11,"turns":3},{"damage":8,"enemies":"3 Sentries","floor":12,"turns":4},{"damage":18,"enemies":"Gremlin Nob","floor":14,"turns":4},{"damage":69,"enemies":"Hexaghost","floor":16,"turns":10},{"damage":16,"enemies":"theJungle:Flameango_and_Byrd","floor":18,"turns":3},{"damage":4,"enemies":"theJungle:GiantWrat","floor":21,"turns":2},{"damage":21,"enemies":"theJungle:Cassacara","floor":23,"turns":5},{"damage":35,"enemies":"theJungle:2_Flameangoes","floor":25,"turns":4},{"damage":16,"enemies":"theJungle:JungleHuntersEncounter","floor":27,"turns":4},{"damage":10,"enemies":"theJungle:Lyon","floor":29,"turns":3},{"damage":40,"enemies":"Nightmare","floor":30,"turns":8},{"damage":27,"enemies":"theJungle:QueenSpyder","floor":33,"turns":7},{"damage":9,"enemies":"3 Shapes","floor":35,"turns":1},{"damage":4,"enemies":"Orb Walker","floor":36,"turns":2},{"damage":0,"enemies":"Writhing Mass","floor":38,"turns":3},{"damage":0,"enemies":"Jaw Worm Horde","floor":44,"turns":2},{"damage":28,"enemies":"Reptomancer","floor":46,"turns":3},{"damage":11,"enemies":"Spire Growth","floor":48,"turns":3},{"damage":19,"enemies":"Transient","floor":49,"turns":5},{"damage":64,"enemies":"Nightmare","floor":50,"turns":5},{"damage":105,"enemies":"hubris:GrandSnecko","floor":52,"turns":8}],"seed_played":"-5013636561502649349","potions_obtained":[{"floor":1,"key":"Energy Potion"},{"floor":7,"key":"BlessingOfTheForge"},{"floor":14,"key":"Elixir"},{"floor":18,"key":"LifebloodPotion"},{"floor":21,"key":"Milkshake"},{"floor":30,"key":"Strength Potion"},{"floor":38,"key":"GamblersBrew"},{"floor":44,"key":"BlessingOfTheForge"},{"floor":46,"key":"DuplicationPotion"}],"is_trial":false,"path_per_floor":["M","?","M","M","?","R","E","R","T","M","M","?","R","E","R","B",null,"M","?","?","M","?","E","R","M","T","M","R","M","NM","?","R","B",null,"M","M","?","M","?","R","PTL","PTL","R","M","T","E","R","M","M","NM","R","B"],"character_chosen":"THE_CURSED","items_purchased":[],"campfire_rested":7,"item_purchase_floors":[],"current_hp_per_floor":[80,68,68,67,67,67,54,54,54,56,58,52,76,60,82,13,82,66,66,66,64,64,45,69,39,39,25,50,42,4,4,29,7,88,82,80,80,85,94,94,94,94,94,97,97,72,100,103,84,53,84,0,0],"gold":922,"neow_bonus":"TEN_PERCENT_HP_BONUS","is_daily":false,"chose_seed":false,"campfire_upgraded":4,"win_rate":0.0,"timestamp":1608886104,"path_taken":["M","?","M","M","?","R","E","R","T","M","?","?","R","E","R","BOSS","M","?","?","?","?","E","R","?","T","M","R","?","NM","?","R","BOSS","M","M","?","?","?","R","PTL","PTL","R","?","T","E","R","M","M","NM","R","BOSS"],"items_purchased_type":[],"build_version":"2020-12-22","purchased_purges":0,"victory":false,"max_hp_per_floor":[82,82,82,82,82,82,82,82,82,82,82,82,82,82,82,82,82,82,82,82,82,82,82,82,85,85,85,85,85,85,85,85,88,88,91,91,91,94,94,94,94,94,94,97,97,100,100,103,103,106,106,106,106],"card_choices":[{"not_picked":["TheCursedMod:CircleOfAmplification","TheCursedMod:Mangle"],"picked":"TheCursedMod:CursedBlade","floor":1},{"not_picked":["TheCursedMod:CursedBlade","TheCursedMod:CircleOfWindfury"],"picked":"TheCursedMod:RavingStaff","floor":3},{"not_picked":["TheCursedMod:Wield","TheCursedMod:SpreadPlague"],"picked":"TheCursedMod:CircleOfFlame","floor":4},{"not_picked":["TheCursedMod:CursedBlade","TheCursedMod:SaltUponWound"],"picked":"TheCursedMod:Stretching","floor":7},{"not_picked":["TheCursedMod:CursedBlade","TheCursedMod:CircleOfFlame"],"picked":"TheCursedMod:AbyssShockwave","floor":10},{"not_picked":["TheCursedMod:VitalStrike","TheCursedMod:CircleOfFlame"],"picked":"TheCursedMod:CursedShiv","floor":11},{"not_picked":["TheCursedMod:ManaCirculation","TheCursedMod:Wield"],"picked":"TheCursedMod:CursedMace","floor":12},{"not_picked":["TheCursedMod:SpitefulPlan","TheCursedMod:CircleOfFlame"],"picked":"TheCursedMod:AshesToAshes","floor":14},{"not_picked":["TheCursedMod:ParallelWorld","TheCursedMod:Neurasthenia"],"picked":"TheCursedMod:DemonSword","floor":16},{"not_picked":["TheCursedMod:Stretching","TheCursedMod:SurpriseAttack+1"],"picked":"TheCursedMod:CircleOfCorruption","floor":18},{"not_picked":["TheCursedMod:Stigma","TheCursedMod:Wield"],"picked":"TheCursedMod:SpitefulPray","floor":21},{"not_picked":["TheCursedMod:ManaCirculation","TheCursedMod:Stretching","TheCursedMod:RavingStaff+1"],"picked":"SKIP","floor":23},{"not_picked":["TheCursedMod:CursedShiv","TheCursedMod:RapidMovement"],"picked":"TheCursedMod:SpitefulStrike","floor":25},{"not_picked":["TheCursedMod:TacticalStrike+1","TheCursedMod:AshesToAshes","TheCursedMod:RapidMovement"],"picked":"SKIP","floor":27},{"not_picked":["TheCursedMod:TacticalStrike","TheCursedMod:CircleOfFocus","TheCursedMod:Stretching+1"],"picked":"SKIP","floor":29},{"not_picked":["TheCursedMod:DarkBarrier","TheCursedMod:Hemoplague","TheCursedMod:Obscuration"],"picked":"SKIP","floor":30},{"not_picked":["TheCursedMod:DemonicPact","TheCursedMod:ManaCirculation"],"picked":"TheCursedMod:NeowsMight","floor":33},{"not_picked":["TheCursedMod:SmokeScreen","TheCursedMod:RapidMovement"],"picked":"TheCursedMod:CircleOfAmplification+1","floor":35},{"not_picked":["TheCursedMod:Obscuration+1","TheCursedMod:AshesToAshes","TheCursedMod:ManaBullet+1"],"picked":"SKIP","floor":36},{"not_picked":["TheCursedMod:SmokeScreen","TheCursedMod:FleshFromBone"],"picked":"TheCursedMod:CircleOfBlood+1","floor":38},{"not_picked":["TheCursedMod:Mangle","TheCursedMod:Stretching+1"],"picked":"TheCursedMod:ReleasedStrength","floor":44},{"not_picked":["TheCursedMod:SmokeScreen+1","TheCursedMod:AshesToAshes+1"],"picked":"TheCursedMod:CursedShiv","floor":46},{"not_picked":["TheCursedMod:Hemoplague+1","TheCursedMod:SpitefulPlan+1"],"picked":"TheCursedMod:FleshFromBone","floor":48},{"not_picked":["TheCursedMod:OutForBlood","TheCursedMod:CircleOfFlame","TheCursedMod:VitalStrike"],"picked":"SKIP","floor":49},{"not_picked":["TheCursedMod:LuckyCharm","TheCursedMod:SoulCrush"],"picked":"TheCursedMod:OutForBlood","floor":50}],"player_experience":1502,"relics_obtained":[{"floor":7,"key":"ReplayTheSpireMod:Lightbulb"},{"floor":9,"key":"Blood Vial"},{"floor":12,"key":"Gremlin Food"},{"floor":14,"key":"infinitespire:Broken Mirror"},{"floor":23,"key":"Replay:Ringing Soul"},{"floor":26,"key":"Sundial"},{"floor":30,"key":"Replay:Bottled Steam"},{"floor":45,"key":"PreservedInsect"},{"floor":46,"key":"Mirror"},{"floor":50,"key":"Bronze Scales"}],"event_choices":[{"damage_healed":0,"gold_gain":0,"player_choice":"Success","damage_taken":12,"relics_obtained":["Orichalcum"],"max_hp_gain":0,"max_hp_loss":0,"event_name":"Scrap Ooze","floor":2,"gold_loss":0},{"damage_healed":0,"gold_gain":0,"player_choice":"Searched \u00271\u0027 times","damage_taken":0,"max_hp_gain":0,"max_hp_loss":0,"event_name":"Dead Adventurer","floor":12,"gold_loss":0},{"damage_healed":0,"gold_gain":0,"player_choice":"Bought 0 Potions","damage_taken":0,"max_hp_gain":0,"max_hp_loss":0,"event_name":"The Woman in Blue","floor":20,"gold_loss":0},{"damage_healed":0,"gold_gain":0,"player_choice":"Ignored","damage_taken":0,"max_hp_gain":0,"max_hp_loss":0,"event_name":"Fountain of Cleansing","floor":22,"gold_loss":0},{"damage_healed":0,"gold_gain":0,"player_choice":"Forge","damage_taken":0,"max_hp_gain":0,"max_hp_loss":0,"event_name":"Accursed Blacksmith","floor":37,"gold_loss":0,"cards_upgraded":["Atom Bomb"]},{"cards_removed":["hubris:Counter"],"damage_healed":9,"gold_gain":0,"player_choice":"Offered Uncommon","damage_taken":0,"max_hp_gain":0,"max_hp_loss":0,"event_name":"Bonfire Elementals","floor":39,"gold_loss":0}],"is_beta":false,"boss_relics":[{"not_picked":["SacredBark","Replay:Bronze Core"],"picked":"Replay:Wanted Poster"},{"not_picked":["Replay:Ancient Bell","Runic Dome"],"picked":"aspiration:PoetsPen_weak"}],"items_purged_floors":[],"is_endless":false,"potions_floor_spawned":[1,7,14,16,18,21,30,38,44,46],"killed_by":"hubris:GrandSnecko","ascension_level":0}}