{"host":"e1pm3b7xpcm97e5w","time":1608940760,"event":{"mods":["BaseMod","Better Skull","Googly Eyes","Minty Spire (QoL Compilation)","Relic Stats","Shop Mod","Spicy Shops","StSLib"],"gold_per_floor":[119,69,87,102,38,38,56,73,99,99,99],"floor_reached":10,"playtime":346,"items_purged":[],"score":90,"play_id":"af4fa2f3-f48b-4700-8971-deefcbed2d89","local_time":"20201225185920","is_ascension_mode":true,"campfire_choices":[{"data":"PathToVictory","floor":6,"key":"SMITH"}],"circlet_count":0,"master_deck":["AscendersBane","Strike_P","Strike_P","Strike_P","Strike_P","Defend_P","Defend_P","Defend_P","Defend_P","Eruption","Vigilance","EmptyBody","TalkToTheHand","PathToVictory+1","FlurryOfBlows","Protect"],"relics":["PureWater","Bag of Marbles","Damaru"],"acts_visited":["Exordium"],"potions_floor_usage":[10],"damage_taken":[{"damage":0,"enemies":"Cultist","floor":1,"turns":4},{"damage":7,"enemies":"2 Louse","floor":3,"turns":3},{"damage":0,"enemies":"Small Slimes","floor":4,"turns":3},{"damage":24,"enemies":"Gremlin Gang","floor":7,"turns":3},{"damage":4,"enemies":"Exordium Thugs","floor":8,"turns":4},{"damage":31,"enemies":"Lagavulin","floor":10,"turns":8}],"seed_played":"6830171099169230090","potions_obtained":[{"floor":1,"key":"Regen Potion"},{"floor":8,"key":"Swift Potion"}],"is_trial":false,"path_per_floor":["M","$","M","M","?","R","M","M","T","E"],"character_chosen":"WATCHER","items_purchased":["PathToVictory"],"campfire_rested":0,"item_purchase_floors":[2],"current_hp_per_floor":[65,65,58,58,58,58,34,30,30,0,0],"gold":99,"neow_bonus":"THREE_CARDS","is_daily":false,"chose_seed":false,"campfire_upgraded":1,"win_rate":0.0,"timestamp":1608940760,"path_taken":["M","$","M","?","?","R","?","M","T","E"],"items_purchased_type":["Card"],"build_version":"2020-12-22","purchased_purges":0,"victory":false,"max_hp_per_floor":[72,72,72,72,72,72,72,72,72,72,72],"relic_stats":{"counters":[6,25],"obtain_stats":[{"Damaru":9,"Bag of Marbles":5,"PureWater":0},{"Damaru":5,"Bag of Marbles":3,"PureWater":0},{"Damaru":17,"Bag of Marbles":10,"PureWater":0}]},"card_choices":[{"not_picked":["EmptyMind","ThirdEye"],"picked":"EmptyBody","floor":0},{"not_picked":["SignatureMove","Halt"],"picked":"TalkToTheHand","floor":1},{"not_picked":["EmptyFist","SignatureMove"],"picked":"FlurryOfBlows","floor":3},{"not_picked":["BowlingBash","Vengeance","JustLucky"],"picked":"SKIP","floor":4},{"not_picked":["ReachHeaven","Tantrum","EmptyFist"],"picked":"SKIP","floor":7},{"not_picked":["CutThroughFate","Evaluate"],"picked":"Protect","floor":8}],"player_experience":436643,"relics_obtained":[{"floor":9,"key":"Damaru"}],"event_choices":[{"damage_healed":0,"gold_gain":0,"player_choice":"Paid Gold","damage_taken":0,"relics_obtained":["Bag of Marbles"],"max_hp_gain":0,"max_hp_loss":0,"event_name":"WeMeetAgain","floor":5,"gold_loss":64}],"is_beta":false,"boss_relics":[],"items_purged_floors":[],"is_endless":false,"potions_floor_spawned":[1,8],"killed_by":"Lagavulin","ascension_level":10}}