{"host":"g53g9qlo34vrqi92","time":1608894332,"event":{"mods":["Aspiration","Bard","BaseMod","Beaked The Cultist","BetterRewards","Colored Map","Conspire","Energized Spire","Fiend Mod","GifTheSpireLib","Googly Eyes","Gremlin Skip","Halation","Hermit","Hubris","Infinite Spire","Jedi Mod","Minty Spire (QoL Compilation)","Permanent Neow","Quick Restart","Relic Filter","Replay The Spire","Spikes Relics","StSLib","Stuff the Spire","Synergy Search","The Bladedancer","The Bug Knight","The Construct","The Cursed","The Factory","The Forsaken","The Jungle","The Necromancer","The Spell Scribe","The Trickster","Trackpad","slay the spire mod where everything is the same but ironclad has a cowboy hat","vexMod"],"gold_per_floor":[112,128,146,45,60,60,90,90,90,13,13,31,45,63,63,167,167,177,177,187,187,202,202,202,216,216,341,367,367,487,104,104,204,204,319,65,65,83,138,138,165,165,165,165,165,165,165,184,184,184,184,184,5,35,35],"floor_reached":56,"playtime":2318,"items_purged":["Strike_R","Decay"],"score":1615,"play_id":"4ab7f784-a81e-4f55-96d5-c66f9dff4e4b","local_time":"20201225030532","is_ascension_mode":false,"campfire_choices":[{"data":"Feed","floor":6.0,"key":"SMITH"},{"data":"Power Through","floor":8.0,"key":"SMITH"},{"data":"Dark Shackles","floor":11.0,"key":"SMITH"},{"floor":15.0,"key":"DIG"},{"floor":24.0,"key":"RECALL"},{"data":"Whirlwind","floor":29.0,"key":"SMITH"},{"floor":32.0,"key":"DIG"},{"floor":44.0,"key":"REST"},{"floor":47.0,"key":"REST"},{"floor":49.0,"key":"REST"},{"data":"Uppercut","floor":52.0,"key":"SMITH"}],"circlet_count":0,"master_deck":["Strike_R","Strike_R","Strike_R","Strike_R","Defend_R","Defend_R","Defend_R","Bash","Thunderclap","Whirlwind+1","Power Through+1","Replay:Undeath\u0027s Touch","Replay:Undeath\u0027s Touch","Flex","Feed+1","Iron Wave","Cleave","Dark Shackles+1","Iron Wave","Iron Wave","Reaper","Flex","Metallicize","Sword Boomerang","Sword Boomerang+1","Pommel Strike","BarbarianYell","ReplayTheSpireMod:Stacked","Thunderclap+1","Uppercut+1","Disarm+1","Metallicize+1"],"relics":["Burning Blood","Vajra","StuffTheSpire:Gunfinga","StuffTheSpire:CocoNut","jedi:crownofsimplicity","trackpad:AdjectivePendant","ReplayTheSpireMod:CursedCoin","WingedGreaves","ChewingGum","halation:EternalFortune","hubris:Icosahedron","conspire:Boomerang","infinitespire:Lucky Rock","jedi:matchstick","Prayer Wheel","hubris:Stopwatch","jedi:archwizardhat","Replay:Rubber Ducky","trackpad:ByrdBGone","Golden Egg","aspiration:HummingbirdHeart"],"acts_visited":["Exordium","TheCity","TheBeyond","TheEnding"],"potions_floor_usage":[55,55],"damage_taken":[{"damage":0.0,"enemies":"conspire:RoseBush","floor":1.0,"turns":2.0},{"damage":0.0,"enemies":"2 Louse","floor":2.0,"turns":2.0},{"damage":0.0,"enemies":"Jaw Worm","floor":3.0,"turns":3.0},{"damage":0.0,"enemies":"Lots of Slimes","floor":5.0,"turns":2.0},{"damage":19.0,"enemies":"HollowMod:MossKnight","floor":7.0,"turns":9.0},{"damage":0.0,"enemies":"Red Slaver","floor":12.0,"turns":2.0},{"damage":1.0,"enemies":"Exordium Thugs","floor":13.0,"turns":4.0},{"damage":0.0,"enemies":"2 Fungi Beasts","floor":14.0,"turns":1.0},{"damage":0.0,"enemies":"Slime Boss","floor":16.0,"turns":3.0},{"damage":0.0,"enemies":"3 Byrds","floor":18.0,"turns":3.0},{"damage":10.0,"enemies":"2 Thieves","floor":20.0,"turns":3.0},{"damage":12.0,"enemies":"conspire:HollyBat","floor":22.0,"turns":7.0},{"damage":0.0,"enemies":"Cultist and Chosen","floor":25.0,"turns":4.0},{"damage":0.0,"enemies":"conspire:Head Lice","floor":27.0,"turns":5.0},{"damage":0.0,"enemies":"Book of Stabbing","floor":28.0,"turns":3.0},{"damage":5.0,"enemies":"Sentry and Sphere","floor":30.0,"turns":3.0},{"damage":23.0,"enemies":"conspire:MysteriousRune","floor":33.0,"turns":6.0},{"damage":20.0,"enemies":"3 Darklings","floor":35.0,"turns":3.0},{"damage":15.0,"enemies":"3 Shapes","floor":38.0,"turns":3.0},{"damage":63.0,"enemies":"HollowMod:StalkingDevout","floor":41.0,"turns":5.0},{"damage":22.0,"enemies":"infinitespire:Three Voidlings","floor":46.0,"turns":4.0},{"damage":25.0,"enemies":"Maw","floor":48.0,"turns":4.0},{"damage":81.0,"enemies":"conspire:OrnateMirror","floor":50.0,"turns":7.0},{"damage":63.0,"enemies":"Shield and Spear","floor":54.0,"turns":6.0},{"damage":83,"enemies":"The Heart","floor":55,"turns":7}],"seed_played":"1832597999892867897","potions_obtained":[{"floor":2.0,"key":"Dexterity Potion"},{"floor":3.0,"key":"SpeedPotion"},{"floor":12.0,"key":"SpeedPotion"},{"floor":28.0,"key":"infinitespire:BlackPotion"},{"floor":37.0,"key":"CultistPotion"},{"floor":37.0,"key":"Flashbang"}],"is_trial":false,"path_per_floor":["M","M","M","$","M","R","E","R","T","$","R","M","M","M","R_BF","B",null,"M","?","M","?","M","?","R","M","T","E","E","R","M","$","R_BF","B",null,"M","$","?","M","T","R","E","?","T","R","R","?","R","M","R","B",null,"R","$","E","B",null],"character_chosen":"IRONCLAD","items_purchased":["Vajra","StuffTheSpire:Gunfinga","Thunderclap","StuffTheSpire:CocoNut","Whirlwind","Power Through","Replay:Undeath\u0027s Touch","Flex","ReplayTheSpireMod:CursedCoin","Cleave","Dark Shackles","jedi:matchstick","BarbarianYell","jedi:archwizardhat","Disarm","Metallicize","Regen Potion"],"campfire_rested":3,"item_purchase_floors":[0,0,0,0,0,0,4,4,10,10,10,31,31,36,53,53,53],"current_hp_per_floor":[58,64,70,70,76,76,63,63,63,63,63,69,78,84,84,90,91,95,98,94,94,98,78,78,103,103,107,111,111,115,115,115,98,115,115,115,115,110,110,110,53,53,53,88,88,76,112,93,123,48,123,123,123,70,30],"gold":35,"neow_bonus":"","is_daily":false,"chose_seed":false,"campfire_upgraded":5,"win_rate":0.0,"timestamp":1608894332,"path_taken":["M","M","M","$","M","R","E","R","T","$","R","M","M","M","R_BF","BOSS","M","?","M","?","M","?","R","M","T","E","E","R","?","$","R_BF","BOSS","M","$","?","?","?","R","E","?","T","R","R","?","R","?","R","BOSS","R","$","E","BOSS"],"items_purchased_type":["Relic","Relic","Card","Relic","Card","Card","Card","Card","Relic","Card","Card","Relic","Card","Relic","Card","Card","Potion"],"build_version":"2020-12-22","purchased_purges":2,"victory":true,"max_hp_per_floor":[87,87,87,87,87,87,87,87,87,87,87,87,91,91,91,91,91,95,98,98,98,98,103,103,107,107,107,111,111,115,115,115,115,115,115,115,115,119,119,119,119,119,119,119,119,123,123,123,123,123,123,123,123,127,127],"card_choices":[{"not_picked":["StuffTheSpire:Pyroclast","Heavy Blade"],"picked":"Replay:Undeath\u0027s Touch","floor":1.0},{"not_picked":["hubris:CleavingFinish","jedi:fear","Wild Strike"],"picked":"SKIP","floor":2.0},{"not_picked":["ReplayTheSpireMod:Strike From Hell","Run Through","hubris:ReadiedAction"],"picked":"SKIP","floor":3.0},{"not_picked":["Fire Breathing","Dual Wield"],"picked":"Feed","floor":5.0},{"not_picked":["hubris:ReadiedAction","ReplayTheSpireMod:Limb From Limb"],"picked":"Iron Wave","floor":7.0},{"not_picked":["Clash","jedi:hate"],"picked":"Iron Wave","floor":12.0},{"not_picked":["hubris:CleavingFinish","Havoc","Hemokinesis"],"picked":"SKIP","floor":13.0},{"not_picked":["Warcry","Shrug It Off"],"picked":"Iron Wave","floor":14.0},{"not_picked":["Demonic Infusion","Brutality"],"picked":"Reaper","floor":16.0},{"not_picked":["True Grit","StuffTheSpire:Pyroclast+1"],"picked":"Flex","floor":18.0},{"not_picked":["Anger","Flex"],"picked":"Metallicize","floor":20.0},{"not_picked":["StuffTheSpire:Slingshot","Seeing Red"],"picked":"Sword Boomerang","floor":22.0},{"not_picked":["Shrug It Off","infinitespire:OneForAll+1","jedi:fear"],"picked":"SKIP","floor":25.0},{"not_picked":["jedi:fear","jedi:harder"],"picked":"Sword Boomerang+1","floor":27.0},{"not_picked":["ReplayReversal","Blood for Blood+1"],"picked":"Pommel Strike","floor":28.0},{"not_picked":["Run Through","Second Wind+1","Combust"],"picked":"SKIP","floor":30.0},{"not_picked":["Heavy Blade","Anger"],"picked":"ReplayTheSpireMod:Stacked","floor":35.0},{"not_picked":["Perfected Strike+1","Infernal Blade+1","Wild Strike"],"picked":"SKIP","floor":35.0},{"not_picked":["Blood for Blood+1","ReplayTheSpireMod:Strike From Hell+1"],"picked":"Thunderclap+1","floor":38.0},{"not_picked":["Abandon","ReplayTheSpireMod:Strike From Hell+1"],"picked":"Uppercut","floor":38.0},{"not_picked":["Abandon+1","Havoc","Clothesline"],"picked":"SKIP","floor":41.0},{"not_picked":["Pommel Strike","Body Slam","Spot Weakness"],"picked":"SKIP","floor":48.0},{"not_picked":["Hemokinesis","hubris:ReadiedAction","Invigoration"],"picked":"SKIP","floor":48.0},{"not_picked":["StuffTheSpire:Incineration+1","Clash","Twin Strike"],"picked":"SKIP","floor":54.0}],"player_experience":1080494,"relics_obtained":[{"floor":7.0,"key":"jedi:crownofsimplicity"},{"floor":9.0,"key":"trackpad:AdjectivePendant"},{"floor":15.0,"key":"WingedGreaves"},{"floor":27.0,"key":"conspire:Boomerang"},{"floor":28.0,"key":"infinitespire:Lucky Rock"},{"floor":32.0,"key":"Prayer Wheel"},{"floor":39.0,"key":"Replay:Rubber Ducky"},{"floor":41.0,"key":"trackpad:ByrdBGone"},{"floor":43.0,"key":"Golden Egg"},{"floor":54.0,"key":"aspiration:HummingbirdHeart"}],"event_choices":[{"damage_healed":0.0,"max_hp_gain":5.0,"max_hp_loss":0.0,"gold_gain":0.0,"event_name":"Forgotten Altar","player_choice":"Shed Blood","floor":23.0,"gold_loss":0.0,"damage_taken":25.0},{"damage_healed":0.0,"max_hp_gain":0.0,"max_hp_loss":0.0,"gold_gain":0.0,"event_name":"Lab","player_choice":"Got Potions","floor":37.0,"gold_loss":0.0,"damage_taken":0.0}],"is_beta":false,"boss_relics":[{"not_picked":["halation:Risk","aspiration:BardSkillbook"],"picked":"ChewingGum"},{"not_picked":["Kintsugi","StuffTheSpire:Kangaroo"],"picked":"hubris:Stopwatch"}],"items_purged_floors":[0,10],"is_endless":false,"potions_floor_spawned":[2,3,12,16,22,25,28,38,48],"ascension_level":0}}