{"host":"pz1ko3gi7nsxydm3","time":1608872756,"event":{"mods":["AchievementEnabler","Act Like it!","BaseMod","Better Note","Better Third Choice","Colored Map","Downfall","Hallownest","Hermit","Hubris","Minty Spire (QoL Compilation)","Rare Cards Sparkle","Replay The Spire","StSLib","The Bug Knight","The Jungle","??????REMEMod"],"gold_per_floor":[119,119,119,71,71,71,90,90,101,101,127,146,176,176,192,192,192,287,287,298,298,298,314,344,344],"floor_reached":24,"playtime":788,"items_purged":[],"score":194,"play_id":"64c25222-7878-440b-b227-2c33a1022c86","local_time":"20201225050556","is_ascension_mode":false,"campfire_choices":[{"floor":8,"key":"REST"},{"floor":10,"key":"RECALL"},{"floor":14,"key":"REST"},{"floor":17,"key":"DIG"}],"circlet_count":0,"master_deck":["Strike_B","Strike_B","Strike_B","Strike_B","Defend_B","Defend_B","Defend_B","Defend_B","Zap","Dualcast","hubris:Wrath","Electrodynamics","Consume","Ball Lightning","REME_Whirling","ReplayRNGCard","Tempest","Beam Cell","Rainbow","Time Bomb","hubris:SpecializedCircuitry","Echo Form","Defragment","Fission"],"relics":["Cracked Core","REME_ComplimentaryCards","Bird Faced Urn","hubris:Icosahedron","Geode","Dream Catcher","Black Star","Nloth\u0027s Gift"],"acts_visited":["Exordium","TheCity"],"potions_floor_usage":[18,18,18,24,24,24],"damage_taken":[{"damage":0,"enemies":"2 Louse","floor":1,"turns":1},{"damage":1,"enemies":"Jaw Worm","floor":7,"turns":3},{"damage":19,"enemies":"Small Slimes","floor":9,"turns":3},{"damage":7,"enemies":"Blue Slaver","floor":12,"turns":2},{"damage":13,"enemies":"3 Sentries","floor":13,"turns":4},{"damage":6,"enemies":"Exordium Wildlife","floor":15,"turns":2},{"damage":60,"enemies":"Hexaghost","floor":18,"turns":10},{"damage":46,"enemies":"3 Byrds","floor":20,"turns":5},{"damage":10,"enemies":"Chosen","floor":23,"turns":3},{"damage":28,"enemies":"Shelled Parasite and Fungi","floor":24,"turns":2}],"seed_played":"2925510325734379496","potions_obtained":[{"floor":7,"key":"SkillPotion"},{"floor":9,"key":"GamblersBrew"},{"floor":15,"key":"Block Potion"},{"floor":18,"key":"Strength Potion"},{"floor":20,"key":"GamblersBrew"},{"floor":23,"key":"REME_GoldPotion"}],"is_trial":false,"path_per_floor":["M","?","?","$","PTL","PTL","M","R","M","R","T","M","E","R","M","?","R_BF","B",null,"M","?","?","M","M"],"character_chosen":"DEFECT","items_purchased":["Ball Lightning"],"campfire_rested":2,"item_purchase_floors":[4],"current_hp_per_floor":[75,48,48,48,48,48,49,71,54,54,54,49,38,60,56,75,75,15,75,29,29,29,21,0,0],"gold":344,"neow_bonus":"THREE_RARE_CARDS","is_daily":false,"chose_seed":false,"campfire_upgraded":0,"win_rate":0.0,"timestamp":1608872756,"path_taken":["M","?","?","$","PTL","PTL","M","R","M","R","T","M","E","R","M","?","R_BF","BOSS","M","?","?","M","?"],"items_purchased_type":["Card"],"build_version":"2020-12-22","purchased_purges":0,"victory":false,"max_hp_per_floor":[75,75,75,75,75,75,75,75,75,75,75,75,75,75,75,75,75,75,75,75,75,75,75,75,75],"card_choices":[{"not_picked":["Creative AI","hubris:SpecializedCircuitry"],"picked":"Electrodynamics","floor":0},{"not_picked":["BasicCrystalCard","Hologram"],"picked":"Consume","floor":1},{"not_picked":["Hologram","Panic Button"],"picked":"REME_Whirling","floor":7},{"not_picked":["Beam Cell","Go for the Eyes"],"picked":"Tempest","floor":9},{"not_picked":["Barrage","Stack"],"picked":"Beam Cell","floor":12},{"not_picked":["Hologram","Stack"],"picked":"Rainbow","floor":13},{"not_picked":["Hologram","BasicCrystalCard"],"picked":"Time Bomb","floor":14},{"not_picked":["Conserve Battery","Heatsinks"],"picked":"hubris:SpecializedCircuitry","floor":15},{"not_picked":["hubris:SpecializedCircuitry","Seek"],"picked":"Echo Form","floor":18},{"not_picked":["REME_SelfUpgrade","Undo"],"picked":"Defragment","floor":20},{"not_picked":["Ball Lightning","Gash"],"picked":"Fission","floor":23}],"player_experience":104896,"relics_obtained":[{"floor":11,"key":"Geode"},{"floor":13,"key":"Dream Catcher"},{"floor":17,"key":"HollowMod:LifeEnderRelic"}],"event_choices":[{"damage_healed":0,"gold_gain":0,"player_choice":"Relic ","damage_taken":27,"max_hp_gain":0,"max_hp_loss":0,"event_name":"betterThird:BetterScrap","floor":2,"gold_loss":0,"cards_obtained":["Bouncing Flask"]},{"damage_healed":25,"gold_gain":0,"player_choice":"Banana","damage_taken":0,"max_hp_gain":0,"max_hp_loss":0,"event_name":"Big Fish","floor":16,"gold_loss":0},{"damage_healed":0,"gold_gain":0,"player_choice":"Ignored","damage_taken":0,"max_hp_gain":0,"max_hp_loss":0,"event_name":"betterNote:BetterNote","floor":21,"gold_loss":0,"cards_obtained":["Draining Mist"]},{"damage_healed":0,"gold_gain":0,"player_choice":"Traded Relic","damage_taken":0,"relics_obtained":["Nloth\u0027s Gift"],"max_hp_gain":0,"max_hp_loss":0,"event_name":"N\u0027loth","floor":22,"relics_lost":["HollowMod:LifeEnderRelic"],"gold_loss":0}],"is_beta":false,"boss_relics":[{"not_picked":["hubris:VirtuousBlindfold","Busted Crown"],"picked":"Black Star"}],"items_purged_floors":[],"is_endless":false,"potions_floor_spawned":[7,9,15,18,20,23],"killed_by":"Shelled Parasite and Fungi","ascension_level":0}}