{"host":"u9xtr94typ21duox","time":1608880159,"event":{"mods":["BaseMod","Key Reminder","KinomotoSakuraMod(木之本樱)","LagranYue(拉格朗・月)","Marisa（F雨　魔理沙）","Minty Spire (QoL Compilation)","Reimu（博丽灵梦）","Remilia（蕾米莉亚）","Replay The Spire","StSLib","Td1madao Mod","The Administrix","The Bladedancer","The Bug Knight","The Construct","The Cursed","The Gatherer","The Runesmith","The Servant 0.9.4","WarShipGirlsR/战舰少女R mod","Youmu（魂魄妖梦）","vexMod"],"gold_per_floor":[115,115,140,140,80,80,115,131,131,9,44,64,85,106,106,235,298,323,78,94,119,140,178,178,178,178],"floor_reached":25,"playtime":5945,"items_purged":["Dualcast","Zap+1"],"score":285,"play_id":"75b5d946-21c7-4fab-8f03-da01c4812aa4","local_time":"20201225150919","is_ascension_mode":false,"campfire_choices":[{"data":"Zap","floor":6,"key":"SMITH"},{"data":"Reprogram","floor":15,"key":"SMITH"},{"data":"Hologram","floor":24,"key":"SMITH"}],"circlet_count":0,"master_deck":["Strike_B","Strike_B","Strike_B","Strike_B","Defend_B","Defend_B+1","Defend_B","Defend_B","Cold Snap+1","Self Repair","Double Energy","Conserve Battery","Reprogram+1","Gash","Sweeping Beam","Gash","ReplayTheSpireMod:System Scan+1","Beam Cell","Machine Learning","ReplayTheSpireMod:GoodbyeWorld+1","Leap","Steam","FTL","FTL","Steam","Go for the Eyes","Hologram+1"],"relics":["Cracked Core","LagranYue:RandomDrawCardRelic","NeowsBlessing","Golden Idol","Letter Opener","Runesmith:Nanobots","Divine Protection","Tiny House","Pocketwatch"],"acts_visited":["Exordium","TheCity"],"potions_floor_usage":[],"damage_taken":[{"damage":0,"enemies":"Jaw Worm","floor":1,"turns":1},{"damage":0,"enemies":"2 Louse","floor":3,"turns":1},{"damage":0,"enemies":"Gremlin Nob","floor":7,"turns":1},{"damage":0,"enemies":"Cultist","floor":8,"turns":2},{"damage":3,"enemies":"Replay:BlueRogue","floor":11,"turns":5},{"damage":0,"enemies":"Looter","floor":12,"turns":3},{"damage":0,"enemies":"Lots of Slimes","floor":13,"turns":4},{"damage":9,"enemies":"Exordium Thugs","floor":14,"turns":4},{"damage":23,"enemies":"Fading Forest","floor":16,"turns":11},{"damage":7,"enemies":"Shell Parasite","floor":18,"turns":6},{"damage":21,"enemies":"Chosen","floor":20,"turns":7},{"damage":6,"enemies":"Snake Plant","floor":21,"turns":6},{"damage":16,"enemies":"3 Cultists","floor":22,"turns":7},{"damage":0,"enemies":"HollowMod:Nosk","floor":23,"turns":10},{"damage":0,"enemies":"Replay:Snechameleon","floor":25,"turns":2}],"seed_played":"5162397765112280758","potions_obtained":[{"floor":1,"key":"construct:ShiftPotion"},{"floor":3,"key":"GamblersBrew"},{"floor":8,"key":"FearPotion"}],"is_trial":false,"path_per_floor":["M","?","M","?","?","R","E","M","T","$","E","M","M","M","R","B",null,"M","$","M","M","M","E","R","E"],"character_chosen":"DEFECT","items_purchased":["Gash","Leap","Steam","FTL"],"campfire_rested":0,"item_purchase_floors":[10,19,19,19],"current_hp_per_floor":[75,57,57,42,42,42,42,42,42,42,46,53,60,58,58,42,80,80,80,66,67,58,65,65,65,65],"gold":178,"neow_bonus":"THREE_ENEMY_KILL","is_daily":false,"chose_seed":false,"campfire_upgraded":3,"win_rate":0.0,"timestamp":1608880159,"path_taken":["M","?","M","?","?","R","E","M","T","$","E","M","M","M","R","BOSS","M","$","M","M","M","E","R","E"],"items_purchased_type":["Card","Card","Card","Card"],"build_version":"2020-12-22","purchased_purges":2,"victory":false,"max_hp_per_floor":[75,75,75,75,75,75,75,75,75,75,75,75,75,75,75,75,80,80,80,80,80,80,80,80,80,80],"card_choices":[{"not_picked":["Darkness","Go for the Eyes","Sweeping Beam"],"picked":"SKIP","floor":1},{"not_picked":["Beam Cell","Darkness"],"picked":"Cold Snap","floor":3},{"not_picked":[],"picked":"Self Repair","floor":5},{"not_picked":[],"picked":"Double Energy","floor":5},{"not_picked":[],"picked":"Conserve Battery","floor":5},{"not_picked":["Crystallizer","Scrape","Panic Button"],"picked":"SKIP","floor":7},{"not_picked":["Skim","Cold Snap"],"picked":"Reprogram","floor":8},{"not_picked":["Coolheaded","Redo"],"picked":"Sweeping Beam","floor":11},{"not_picked":["Cold Snap","Compile Driver"],"picked":"Gash","floor":12},{"not_picked":["Ball Lightning","Chaos"],"picked":"ReplayTheSpireMod:System Scan","floor":13},{"not_picked":["Leap","Coolheaded"],"picked":"Beam Cell","floor":14},{"not_picked":["Biased Cognition","Amplify"],"picked":"Machine Learning","floor":16},{"not_picked":["Tempest","Conserve Battery"],"picked":"ReplayTheSpireMod:GoodbyeWorld+1","floor":18},{"not_picked":["Panic Button","Tempest"],"picked":"Steam","floor":20},{"not_picked":["Go for the Eyes","Chaos","Compile Driver+1"],"picked":"SKIP","floor":21},{"not_picked":["Chaos","Compile Driver+1"],"picked":"Go for the Eyes","floor":21},{"not_picked":["Coolheaded+1","BootSequence","Go for the Eyes"],"picked":"SKIP","floor":22},{"not_picked":["Chaos","Rip and Tear"],"picked":"Hologram","floor":23}],"player_experience":236094,"relics_obtained":[{"floor":7,"key":"Letter Opener"},{"floor":9,"key":"Runesmith:Nanobots"},{"floor":11,"key":"Divine Protection"},{"floor":23,"key":"Pocketwatch"}],"event_choices":[{"damage_healed":0,"gold_gain":0,"player_choice":"Take Damage","damage_taken":18,"relics_obtained":["Golden Idol"],"max_hp_gain":0,"max_hp_loss":0,"event_name":"Golden Idol","floor":2,"gold_loss":0},{"damage_healed":0,"gold_gain":0,"player_choice":"Entered Light","damage_taken":15,"max_hp_gain":0,"max_hp_loss":0,"event_name":"Shining Light","floor":4,"gold_loss":0,"cards_upgraded":["Cold Snap","Defend_B"]}],"is_beta":false,"boss_relics":[{"not_picked":["Runic Pyramid","vexMod:BigBerry"],"picked":"Tiny House"}],"items_purged_floors":[10,19],"is_endless":false,"potions_floor_spawned":[1,3,8,16,20],"killed_by":"Replay:Snechameleon","ascension_level":0}}