{"host":"acpsw8r33r8788yr","time":1608926672,"event":{"mods":["BaseMod","Better Altar","Better Skull","Better Third Choice","BetterRewards","Colored Map","Downfall","Hermit","Highlight Path","Hubris","Minty Spire (QoL Compilation)","Quick Restart","Replay The Spire","Robot Space Explorer","Shop Mod","StSLib","The Bug Knight","The Construct","The Cursed","The Disciple","The Jungle","The Runesmith","The Senshi"],"gold_per_floor":[119,119,119,61,80,114,134,169,196,206,206],"floor_reached":10,"playtime":322,"items_purged":[],"score":106,"play_id":"f2a7fbe3-7be4-43c6-aabb-898ac1254e13","local_time":"20201225120432","is_ascension_mode":true,"campfire_choices":[],"circlet_count":0,"master_deck":["RobotSpaceExplorer:Strike","RobotSpaceExplorer:Strike","RobotSpaceExplorer:Strike","RobotSpaceExplorer:Strike","RobotSpaceExplorer:Defend","RobotSpaceExplorer:Defend","RobotSpaceExplorer:Defend","RobotSpaceExplorer:Defend","RobotSpaceExplorer:Scan","RobotSpaceExplorer:MiniLasers","RobotSpaceExplorer:ShockKick","RobotSpaceExplorer:Electroshield+1","RobotSpaceExplorer:GlueShot","RobotSpaceExplorer:Asteroid","RobotSpaceExplorer:FranticSearch"],"relics":["RobotSpaceExplorer:RoboCore","NeowsBlessing","hubris:Icosahedron","Golden Idol","RobotSpaceExplorer:RingOfTheNewt","Ornamental Fan","Replay:Bandana"],"acts_visited":["Exordium"],"potions_floor_usage":[8,8],"damage_taken":[{"damage":0,"enemies":"Small Slimes","floor":1,"turns":1},{"damage":0,"enemies":"Jaw Worm","floor":5,"turns":1},{"damage":0,"enemies":"3 Sentries","floor":6,"turns":2},{"damage":0,"enemies":"Cultist","floor":7,"turns":3},{"damage":35,"enemies":"Lagavulin","floor":8,"turns":8},{"damage":7,"enemies":"Gremlin Nob","floor":10,"turns":3}],"seed_played":"2737754544444204533","potions_obtained":[{"floor":6,"key":"Weak Potion"},{"floor":7,"key":"ColorlessPotion"},{"floor":8,"key":"SpeedPotion"}],"is_trial":false,"path_per_floor":["M","?","?","$","M","E","M","E","T","E"],"character_chosen":"RobotSpaceExplorer","items_purchased":["RobotSpaceExplorer:Electroshield+1"],"campfire_rested":0,"item_purchase_floors":[4],"current_hp_per_floor":[75,75,57,57,57,57,57,22,22,15,15],"gold":206,"neow_bonus":"THREE_ENEMY_KILL","is_daily":false,"chose_seed":false,"campfire_upgraded":0,"win_rate":0.0,"timestamp":1608926672,"path_taken":["M","?","?","$","M","E","M","E","T","E"],"items_purchased_type":["Card"],"build_version":"2020-12-22","purchased_purges":0,"victory":false,"max_hp_per_floor":[75,75,75,75,75,75,75,75,75,75,75],"card_choices":[{"not_picked":["RobotSpaceExplorer:Ammunition","RobotSpaceExplorer:Pulsar"],"picked":"RobotSpaceExplorer:ShockKick","floor":1},{"not_picked":["RobotSpaceExplorer:ShovelStrike","RobotSpaceExplorer:Smokescreen"],"picked":"RobotSpaceExplorer:GlueShot","floor":5},{"not_picked":["RobotSpaceExplorer:MiniBoosters","RobotSpaceExplorer:PowerGlove"],"picked":"RobotSpaceExplorer:Asteroid","floor":6},{"not_picked":["RobotSpaceExplorer:FrostMissile","RobotSpaceExplorer:DoubleBlock"],"picked":"RobotSpaceExplorer:FranticSearch","floor":7},{"not_picked":["RobotSpaceExplorer:ImprovisedAttack","RobotSpaceExplorer:FreezeRay","RobotSpaceExplorer:Ammunition"],"picked":"SKIP","floor":8}],"player_experience":360555,"relics_obtained":[{"floor":6,"key":"RobotSpaceExplorer:RingOfTheNewt"},{"floor":8,"key":"Ornamental Fan"},{"floor":9,"key":"Replay:Bandana"}],"event_choices":[{"damage_healed":0,"gold_gain":0,"player_choice":"Take Damage","damage_taken":18,"relics_obtained":["Golden Idol"],"max_hp_gain":0,"max_hp_loss":0,"event_name":"Golden Idol","floor":3,"gold_loss":0}],"is_beta":false,"boss_relics":[],"items_purged_floors":[],"is_endless":false,"potions_floor_spawned":[6,7,8],"killed_by":"Gremlin Nob","ascension_level":1}}