{"host":"owox7x4ngjt9htcc","time":1608877837,"event":{"mods":["BaseMod","Colored Map","DeckTracker","Keyboard Shortcuts","Minty Spire (QoL Compilation)","SuperFastMode"],"gold_per_floor":[114,114,129,129,144,174,189,219,219,249,324,354,354,319,319,419,419,434,434,434,434,134,134,164,179,229,259,47,86,101,131,131,240,240,255,5,40,40,55,94,94,124,149,149,188,112,142,142,142,142],"floor_reached":51,"playtime":1491,"items_purged":[],"score":1363,"play_id":"55679c9f-a379-45dc-906d-e70e5ca34bdc","local_time":"20201225153037","daily_mods":["Draft","Hoarder","Elite Swarm"],"is_ascension_mode":false,"campfire_choices":[{"data":"Armaments","floor":15,"key":"SMITH"},{"data":"Armaments","floor":23,"key":"SMITH"},{"data":"Armaments","floor":32,"key":"SMITH"},{"data":"Armaments","floor":41,"key":"SMITH"},{"data":"Armaments","floor":44,"key":"SMITH"},{"floor":49,"key":"REST"}],"circlet_count":0,"master_deck":["Iron Wave","Iron Wave","Iron Wave","Seeing Red","Seeing Red","Seeing Red","Flame Barrier","Flame Barrier","Flame Barrier","Iron Wave","Iron Wave","Iron Wave","Heavy Blade","Heavy Blade","Heavy Blade","Cleave+1","Cleave","Cleave","Clash","Clash","Clash","Shrug It Off","Shrug It Off","Shrug It Off","Seeing Red","Seeing Red","Seeing Red","Armaments+1","Armaments+1","Armaments+1","Seeing Red","Seeing Red","Seeing Red","Dropkick","Dropkick","Dropkick","Iron Wave","Iron Wave","Iron Wave","Disarm","Disarm","Disarm+1","Armaments+1","Armaments+1","Armaments+1","Thunderclap","Thunderclap","Thunderclap","Shrug It Off","Shrug It Off","Shrug It Off","Inflame","Inflame","Inflame","Sword Boomerang","Sword Boomerang+1","Sword Boomerang","Offering","Offering","Offering+1","Limit Break","Limit Break","Limit Break","Dual Wield+1","Dual Wield+1","Dual Wield+1","Pummel","Pummel","Pummel","Dark Embrace","Dark Embrace","Dark Embrace","Double Tap","Double Tap","Double Tap","Double Tap","Double Tap","Double Tap","Corruption","Corruption","Corruption","Exhume","Exhume","Exhume","Madness","Madness","Madness"],"relics":["Burning Blood","Vajra","Potion Belt","Pear","InkBottle","Red Skull","Black Star","ClockworkSouvenir","War Paint","Centennial Puzzle","HornCleat","CeramicFish","Magic Flower","CaptainsWheel","Sling","Blue Candle","Bronze Scales","Orichalcum","Du-Vu Doll","Busted Crown","Self Forming Clay","Torii","Lizard Tail","Anchor","Charon\u0027s Ashes","Mango","Whetstone","Strawberry","White Beast Statue","Mummified Hand","Kunai"],"acts_visited":["Exordium","TheCity","TheBeyond"],"potions_floor_usage":[29,29,50,50,50,50],"damage_taken":[{"damage":0,"enemies":"Small Slimes","floor":1,"turns":3},{"damage":0,"enemies":"Cultist","floor":3,"turns":3},{"damage":0,"enemies":"2 Louse","floor":5,"turns":2},{"damage":0,"enemies":"3 Sentries","floor":6,"turns":5},{"damage":1,"enemies":"Large Slime","floor":7,"turns":4},{"damage":40,"enemies":"Gremlin Nob","floor":8,"turns":6},{"damage":17,"enemies":"Lagavulin","floor":10,"turns":8},{"damage":8,"enemies":"Gremlin Nob","floor":12,"turns":3},{"damage":13,"enemies":"Slime Boss","floor":16,"turns":7},{"damage":12,"enemies":"Shell Parasite","floor":18,"turns":4},{"damage":12,"enemies":"Gremlin Leader","floor":24,"turns":4},{"damage":9,"enemies":"Spheric Guardian","floor":25,"turns":6},{"damage":24,"enemies":"Book of Stabbing","floor":27,"turns":3},{"damage":10,"enemies":"Slavers","floor":29,"turns":2},{"damage":1,"enemies":"3 Cultists","floor":30,"turns":3},{"damage":7,"enemies":"Book of Stabbing","floor":31,"turns":4},{"damage":13,"enemies":"Champ","floor":33,"turns":6},{"damage":6,"enemies":"3 Darklings","floor":35,"turns":3},{"damage":10,"enemies":"2 Orb Walkers","floor":37,"turns":5},{"damage":0,"enemies":"Orb Walker","floor":39,"turns":3},{"damage":16,"enemies":"Reptomancer","floor":40,"turns":2},{"damage":12,"enemies":"Nemesis","floor":42,"turns":5},{"damage":0,"enemies":"Reptomancer","floor":45,"turns":2},{"damage":40,"enemies":"Giant Head","floor":47,"turns":7},{"damage":0,"enemies":"Donu and Deca","floor":50,"turns":5}],"seed_played":"-567031674859551473","potions_obtained":[{"floor":5,"key":"Energy Potion"},{"floor":7,"key":"FearPotion"},{"floor":8,"key":"Regen Potion"},{"floor":12,"key":"Block Potion"},{"floor":27,"key":"SteroidPotion"},{"floor":29,"key":"Strength Potion"},{"floor":30,"key":"Block Potion"},{"floor":37,"key":"Swift Potion"},{"floor":42,"key":"EssenceOfSteel"}],"is_trial":false,"path_per_floor":["M","?","M","$","M","E","M","E","T","E","?","E","?","?","R","B",null,"M","?","?","?","$","R","E","M","T","E","$","E","M","E","R","B",null,"M","$","?","?","M","E","R","E","T","R","E","$","E","?","R","B",null],"character_chosen":"IRONCLAD","items_purchased":["ClockworkSouvenir","War Paint","Sling","Dark Embrace","Self Forming Clay","Madness"],"campfire_rested":1,"item_purchase_floors":[22,22,28,28,36,46],"current_hp_per_floor":[80,80,80,80,80,80,80,46,56,45,34,32,37,60,60,53,95,89,89,89,89,89,89,83,80,80,62,62,61,69,71,71,67,95,95,95,94,94,95,88,88,99,99,99,115,115,84,84,116,116],"gold":142,"neow_bonus":"","is_daily":true,"chose_seed":false,"campfire_upgraded":5,"win_rate":0.0,"timestamp":1608877837,"path_taken":["M","?","?","$","M","E","M","E","T","E","?","E","?","?","R","BOSS","M","?","?","?","$","R","E","M","T","E","?","E","M","E","R","BOSS","M","$","?","?","?","E","R","E","T","R","E","$","E","?","R","BOSS"],"items_purchased_type":["Relic","Relic","Relic","Card","Relic","Card"],"build_version":"2020-12-22","purchased_purges":0,"victory":true,"max_hp_per_floor":[80,80,80,80,80,80,80,80,90,90,90,90,95,95,95,95,95,95,95,95,95,95,95,95,95,95,95,95,95,95,95,95,95,95,95,95,95,95,95,95,95,109,109,109,116,116,116,116,116,116],"card_choices":[{"not_picked":["Havoc","Warcry"],"picked":"Iron Wave","floor":0},{"not_picked":["Reckless Charge","Pommel Strike"],"picked":"Seeing Red","floor":0},{"not_picked":["Searing Blow","Thunderclap"],"picked":"Flame Barrier","floor":0},{"not_picked":["Sentinel","Heavy Blade"],"picked":"Iron Wave","floor":0},{"not_picked":["Clothesline","Bloodletting"],"picked":"Heavy Blade","floor":0},{"not_picked":["Dual Wield","Heavy Blade"],"picked":"Cleave","floor":0},{"not_picked":["Cleave","Heavy Blade"],"picked":"Clash","floor":0},{"not_picked":["Power Through","Flex"],"picked":"Shrug It Off","floor":0},{"not_picked":["Heavy Blade","Combust"],"picked":"Seeing Red","floor":0},{"not_picked":["Clash","Sword Boomerang"],"picked":"Armaments","floor":0},{"not_picked":["Thunderclap","Perfected Strike"],"picked":"Seeing Red","floor":0},{"not_picked":["Wild Strike","Dual Wield"],"picked":"Dropkick","floor":0},{"not_picked":["Cleave","Havoc"],"picked":"Iron Wave","floor":0},{"not_picked":["Havoc","Body Slam"],"picked":"Disarm","floor":0},{"not_picked":["Clash","Rupture"],"picked":"Armaments","floor":0},{"not_picked":["Combust","Sentinel"],"picked":"Thunderclap","floor":1},{"not_picked":["Entrench","Heavy Blade"],"picked":"Shrug It Off","floor":3},{"not_picked":["Perfected Strike","True Grit"],"picked":"Inflame","floor":5},{"not_picked":["Reaper","Corruption","Brutality"],"picked":"SKIP","floor":6},{"not_picked":["Flex","Power Through"],"picked":"Sword Boomerang","floor":7},{"not_picked":["Exhume","Bludgeon","Brutality"],"picked":"SKIP","floor":8},{"not_picked":["Impervious","Brutality","Immolate"],"picked":"SKIP","floor":10},{"not_picked":["Demon Form","Exhume"],"picked":"Offering","floor":12},{"not_picked":["Double Tap","Berserk"],"picked":"Limit Break","floor":16},{"not_picked":["Disarm","Sword Boomerang"],"picked":"Dual Wield+1","floor":18},{"not_picked":["Impervious","Corruption","Reaper"],"picked":"SKIP","floor":24},{"not_picked":["Reckless Charge","Anger+1","Hemokinesis"],"picked":"SKIP","floor":25},{"not_picked":["Bludgeon","Brutality","Immolate"],"picked":"SKIP","floor":27},{"not_picked":["Impervious","Immolate"],"picked":"Double Tap","floor":29},{"not_picked":["Headbutt","Iron Wave","Wild Strike"],"picked":"SKIP","floor":30},{"not_picked":["Barricade","Feed","Bludgeon"],"picked":"SKIP","floor":31},{"not_picked":["Corruption","Reaper"],"picked":"Double Tap","floor":33},{"not_picked":["Anger+1"],"picked":"SKIP","floor":35},{"not_picked":["Blood for Blood+1"],"picked":"SKIP","floor":39},{"not_picked":["Corruption"],"picked":"SKIP","floor":40},{"not_picked":[],"picked":"Corruption","floor":40},{"not_picked":["Corruption"],"picked":"SKIP","floor":42},{"not_picked":[],"picked":"Exhume","floor":45},{"not_picked":["Immolate"],"picked":"SKIP","floor":47}],"player_experience":853745,"relics_obtained":[{"floor":6,"key":"Vajra"},{"floor":8,"key":"Potion Belt"},{"floor":9,"key":"Pear"},{"floor":10,"key":"InkBottle"},{"floor":12,"key":"Red Skull"},{"floor":24,"key":"Centennial Puzzle"},{"floor":24,"key":"HornCleat"},{"floor":26,"key":"CeramicFish"},{"floor":27,"key":"Magic Flower"},{"floor":27,"key":"CaptainsWheel"},{"floor":29,"key":"Blue Candle"},{"floor":29,"key":"Bronze Scales"},{"floor":31,"key":"Orichalcum"},{"floor":31,"key":"Du-Vu Doll"},{"floor":37,"key":"Torii"},{"floor":40,"key":"Lizard Tail"},{"floor":40,"key":"Anchor"},{"floor":42,"key":"Charon\u0027s Ashes"},{"floor":42,"key":"Mango"},{"floor":43,"key":"Whetstone"},{"floor":45,"key":"Strawberry"},{"floor":45,"key":"White Beast Statue"},{"floor":47,"key":"Mummified Hand"},{"floor":47,"key":"Kunai"}],"event_choices":[{"damage_healed":0,"gold_gain":0,"player_choice":"Cursed","damage_taken":0,"max_hp_gain":0,"max_hp_loss":0,"event_name":"Wheel of Change","floor":2,"gold_loss":0,"cards_obtained":["Decay"]},{"damage_healed":0,"gold_gain":75,"player_choice":"Gather Gold","damage_taken":11,"max_hp_gain":0,"max_hp_loss":0,"event_name":"World of Goop","floor":11,"gold_loss":0},{"damage_healed":0,"gold_gain":0,"player_choice":"Donut","damage_taken":0,"max_hp_gain":5,"max_hp_loss":0,"event_name":"Big Fish","floor":13,"gold_loss":0},{"damage_healed":23,"gold_gain":0,"player_choice":"Healed","damage_taken":0,"max_hp_gain":0,"max_hp_loss":0,"event_name":"The Cleric","floor":14,"gold_loss":35},{"damage_healed":0,"gold_gain":0,"player_choice":"Ignored","damage_taken":0,"max_hp_gain":0,"max_hp_loss":0,"event_name":"Ghosts","floor":19,"gold_loss":0},{"cards_removed":["Decay"],"damage_healed":0,"gold_gain":0,"player_choice":"Elegance","damage_taken":0,"max_hp_gain":0,"max_hp_loss":0,"event_name":"Back to Basics","floor":20,"gold_loss":0},{"damage_healed":0,"gold_gain":0,"player_choice":"Read","damage_taken":0,"max_hp_gain":0,"max_hp_loss":0,"event_name":"The Library","floor":21,"gold_loss":0,"cards_obtained":["Pummel"]},{"damage_healed":0,"gold_gain":0,"player_choice":"Fight","damage_taken":0,"max_hp_gain":0,"max_hp_loss":0,"event_name":"Mysterious Sphere","floor":37,"gold_loss":0},{"cards_removed":["Decay","Decay"],"damage_healed":0,"gold_gain":0,"player_choice":"Removed Curses","damage_taken":0,"max_hp_gain":0,"max_hp_loss":0,"event_name":"Fountain of Cleansing","floor":38,"gold_loss":0},{"damage_healed":0,"gold_gain":0,"player_choice":"Forge","damage_taken":0,"max_hp_gain":0,"max_hp_loss":0,"event_name":"Accursed Blacksmith","floor":48,"gold_loss":0,"cards_upgraded":["Armaments"]}],"is_beta":false,"boss_relics":[{"not_picked":["SacredBark","Astrolabe"],"picked":"Black Star"},{"not_picked":["Cursed Key","Coffee Dripper"],"picked":"Busted Crown"}],"items_purged_floors":[],"is_endless":false,"potions_floor_spawned":[5,7,8,12,27,29,30,35,37,42,47],"ascension_level":0}}