{"host":"zh06ha8197vgjo02","time":1608888027,"event":{"mods":["AchievementEnabler","Arknights The Spire","BaseMod","Better Skull","CapriCore","DeckTracker","GifTheSpireLib","Hermit","Koishi","Marisa£¨Ùöéë¡¡Øª×âÞÞ£©","Minty Spire (QoL Compilation)","Reimu£¨ÚÏ???£©","StSLib","SuperFastMode","Td1madao Mod","The Cursed","The Dragon Tamer","The Immortal","TheBandit"],"gold_per_floor":[113,113,288,58,158,158,182,200,223,247,271,271,26,39,39,165,165,181,204,404,304,329,329,364,364,388,413,448,476,488,500,500],"floor_reached":31,"playtime":1542,"items_purged":["Regret","Doubt"],"score":274,"play_id":"0388bf8b-b967-41fd-9544-9167fa0d8cf5","local_time":"20201225182027","is_ascension_mode":false,"campfire_choices":[{"data":"wariomod:Step","floor":6.0,"key":"SMITH"},{"data":"wariomod:Goblast","floor":12.0,"key":"SMITH"},{"data":"wariomod:BoomForm","floor":15.0,"key":"SMITH"},{"floor":23.0,"key":"REST"},{"floor":25.0,"key":"REST"}],"circlet_count":0,"master_deck":["wariomod:Strike","wariomod:Strike","wariomod:Strike","wariomod:Strike","wariomod:Defend","wariomod:Defend","wariomod:Defend","wariomod:Defend","wariomod:Step+1","wariomod:Leap","wariomod:Goblast","wariomod:Goblast+1","wariomod:BoomForm+1","wariomod:BoomForm","wariomod:Bombshield","wariomod:BoomBoom","wariomod:WipeClean","wariomod:DiceyMove"],"relics":["wariomod:TheHat","PureWhite:ReiMu","Golden Idol","wariomod:GlassHat","Lantern","Letter Opener","wariomod:DoomHat","ats:Originium","Centennial Puzzle","MawBank","Bottled Flame"],"acts_visited":["Exordium","TheCity"],"potions_floor_usage":[31],"damage_taken":[{"damage":5.0,"enemies":"Jaw Worm","floor":1.0,"turns":3.0},{"damage":3.0,"enemies":"Small Slimes","floor":7.0,"turns":3.0},{"damage":0.0,"enemies":"2 Louse","floor":8.0,"turns":2.0},{"damage":0.0,"enemies":"Exordium Thugs","floor":10.0,"turns":3.0},{"damage":10.0,"enemies":"Lots of Slimes","floor":11.0,"turns":2.0},{"damage":3.0,"enemies":"Red Slaver","floor":14.0,"turns":2.0},{"damage":9.0,"enemies":"Slime Boss","floor":16.0,"turns":9.0},{"damage":24.0,"enemies":"2 Thieves","floor":18.0,"turns":3.0},{"damage":11.0,"enemies":"Chosen","floor":19.0,"turns":6.0},{"damage":29.0,"enemies":"Snake Plant","floor":22.0,"turns":5.0},{"damage":25.0,"enemies":"Slavers","floor":24.0,"turns":5.0},{"damage":2.0,"enemies":"3 Cultists","floor":27.0,"turns":3.0},{"damage":4.0,"enemies":"Snecko","floor":28.0,"turns":3.0},{"damage":21.0,"enemies":"Chosen and Byrds","floor":29.0,"turns":6.0},{"damage":13,"enemies":"Snake Plant","floor":31,"turns":3}],"seed_played":"-2498525202135201186","potions_obtained":[{"floor":1.0,"key":"BlessingOfTheForge"},{"floor":10.0,"key":"SkillPotion"},{"floor":14.0,"key":"AttackPotion"},{"floor":18.0,"key":"AttackPotion"},{"floor":22.0,"key":"BlessingOfTheForge"},{"floor":24.0,"key":"SpeedPotion"}],"is_trial":false,"path_per_floor":["M","?","?","$","?","R","M","M","T","M","M","R","$","M","R","B",null,"M","M","?","$","M","R","E","R","T","M","M","M","T","M"],"character_chosen":"THE_BANDIT","items_purchased":["wariomod:GlassHat","Letter Opener"],"campfire_rested":2,"item_purchase_floors":[4,13],"current_hp_per_floor":[75,55,55,55,55,55,52,52,52,52,42,42,42,39,39,30,80,56,45,45,45,16,40,15,39,39,37,33,12,12,0,0],"gold":500,"neow_bonus":"ONE_RARE_RELIC","is_daily":false,"chose_seed":false,"campfire_upgraded":3,"win_rate":0.0,"timestamp":1608888027,"path_taken":["M","?","?","$","?","R","M","M","T","M","?","R","?","M","R","BOSS","M","M","?","$","M","R","E","R","T","M","?","M","?","?"],"items_purchased_type":["Relic","Relic"],"build_version":"2020-12-22","purchased_purges":2,"victory":false,"max_hp_per_floor":[80,80,80,80,80,80,80,80,80,80,80,80,80,80,80,80,80,80,80,80,80,80,80,80,80,80,80,80,80,80,80,80],"card_choices":[{"not_picked":["wariomod:TreasureDig","wariomod:DisarmingMoves","wariomod:DanceDash"],"picked":"SKIP","floor":1.0},{"not_picked":["wariomod:HastyRush","wariomod:EmptyMind","wariomod:Boomsmack"],"picked":"SKIP","floor":7.0},{"not_picked":["wariomod:DoubleDash","wariomod:HappyHop"],"picked":"wariomod:Goblast","floor":8.0},{"not_picked":["wariomod:Hopshield","wariomod:Goblast","wariomod:TempestBlasts"],"picked":"SKIP","floor":10.0},{"not_picked":["wariomod:Hopshield","wariomod:TempestBlasts"],"picked":"wariomod:Goblast","floor":10.0},{"not_picked":["wariomod:Boomsmack","wariomod:DisarmingMoves","wariomod:Goblast"],"picked":"SKIP","floor":11.0},{"not_picked":["wariomod:BlastDash","wariomod:Goblast"],"picked":"wariomod:BoomForm","floor":14.0},{"not_picked":["wariomod:Sidestep","wariomod:KeyFinisher"],"picked":"wariomod:BoomForm","floor":16.0},{"not_picked":["wariomod:DoubleDash","wariomod:DonateDraw+1"],"picked":"wariomod:Bombshield","floor":18.0},{"not_picked":["wariomod:Goblast","wariomod:Smackflip"],"picked":"wariomod:BoomBoom","floor":19.0},{"not_picked":["wariomod:BoomBoom+1","wariomod:TreasureDig"],"picked":"wariomod:WipeClean","floor":22.0},{"not_picked":["wariomod:TrekTime","wariomod:SmallSprint+1"],"picked":"wariomod:DiceyMove","floor":24.0},{"not_picked":["wariomod:BodyBlock","wariomod:SmallSprint","wariomod:RacingSpeed"],"picked":"SKIP","floor":27.0},{"not_picked":["wariomod:SelfImprison","wariomod:SmackSlam","wariomod:Game"],"picked":"SKIP","floor":28.0},{"not_picked":["wariomod:ThatsNotAll","wariomod:Hopshield","wariomod:EndlessBlast"],"picked":"SKIP","floor":29.0}],"player_experience":670040,"relics_obtained":[{"floor":9.0,"key":"Lantern"},{"floor":24.0,"key":"ats:Originium"},{"floor":24.0,"key":"Centennial Puzzle"},{"floor":26.0,"key":"MawBank"},{"floor":30.0,"key":"Bottled Flame"}],"event_choices":[{"damage_healed":0.0,"max_hp_gain":0.0,"max_hp_loss":0.0,"gold_gain":0.0,"event_name":"Golden Idol","player_choice":"Take Damage","floor":2.0,"gold_loss":0.0,"damage_taken":20.0,"relics_obtained":["Golden Idol"]},{"damage_healed":0.0,"max_hp_gain":0.0,"max_hp_loss":0.0,"gold_gain":175.0,"event_name":"Liars Game","player_choice":"AGREE","floor":3.0,"gold_loss":0.0,"damage_taken":0.0,"cards_obtained":["Doubt"]},{"damage_healed":0.0,"max_hp_gain":0.0,"max_hp_loss":0.0,"gold_gain":100.0,"event_name":"Golden Shrine","player_choice":"Pray","floor":5.0,"gold_loss":0.0,"damage_taken":0.0},{"damage_healed":0.0,"max_hp_gain":0.0,"max_hp_loss":0.0,"gold_gain":250.0,"event_name":"The Joust","player_choice":"Bet on Owner","floor":20.0,"gold_loss":50.0,"damage_taken":0.0}],"is_beta":false,"boss_relics":[{"not_picked":["Cursed Key","Velvet Choker"],"picked":"wariomod:DoomHat"}],"items_purged_floors":[4,21],"is_endless":false,"potions_floor_spawned":[1,10,14,18,22,24],"killed_by":"Snake Plant","ascension_level":0}}