{"host":"lreod2rejfd0az5i","time":1608883889,"event":{"mods":["AchievementEnabler","Aspiration","BaseMod","Colored Powertips","Conspire","Downfall","Highlight Path","Hubris","Infinite Spire","Mad Scientist","Minty Spire (QoL Compilation)","Rare Cards Sparkle","Relic Stats","Replay The Spire","StSLib","The Bug Knight","The Jungle"],"gold_per_floor":[216,216,74,92,110,110,110,142,142,142,162,162,176,21,21,21,21],"floor_reached":16,"playtime":686,"items_purged":[],"score":195,"play_id":"58f3cf4b-a44f-44eb-a377-eecda40f1485","local_time":"20201225011129","is_ascension_mode":true,"campfire_choices":[{"data":"ReplayTheSpireMod:Calculation Training","floor":6,"key":"SMITH"},{"floor":10,"key":"REST"},{"data":"Ball Lightning","floor":12,"key":"SMITH"},{"data":"Thunder Strike","floor":15,"key":"SMITH"}],"circlet_count":0,"master_deck":["AscendersBane","Strike_B","Strike_B","Strike_B","Strike_B","Defend_B","Defend_B","Defend_B+1","Defend_B","Zap","Dualcast","Capacitor","Ball Lightning+1","ReplayTheSpireMod:Calculation Training+1","Decay","Lockon","Thunder Strike+1"],"relics":["Cracked Core","CaptainsWheel","Eternal Feather"],"acts_visited":["Exordium"],"potions_floor_usage":[8,8,16],"damage_taken":[{"damage":0,"enemies":"conspire:RoseBush","floor":1,"turns":3},{"damage":0,"enemies":"Cultist","floor":4,"turns":3},{"damage":8,"enemies":"2 Louse","floor":5,"turns":2},{"damage":42,"enemies":"Replay:BlueRogue","floor":8,"turns":7},{"damage":8,"enemies":"conspire:2 RoseBushes","floor":11,"turns":5},{"damage":14,"enemies":"Large Slime","floor":13,"turns":5},{"damage":62,"enemies":"Fading Forest","floor":16,"turns":8}],"seed_played":"7001430310973828518","potions_obtained":[{"floor":4,"key":"FearPotion"},{"floor":5,"key":"Swift Potion"},{"floor":11,"key":"SpeedPotion"}],"is_trial":false,"path_per_floor":["M","?","$","M","M","R","?","E","T","R","M","R","M","$","R","B"],"character_chosen":"DEFECT","items_purchased":["Capacitor","Ball Lightning","Thunder Strike"],"campfire_rested":1,"item_purchase_floors":[3,3,14],"current_hp_per_floor":[64,64,64,64,56,56,56,14,14,44,36,45,31,31,40,0,0],"gold":21,"neow_bonus":"HUNDRED_GOLD","is_daily":false,"chose_seed":false,"campfire_upgraded":3,"win_rate":0.0,"timestamp":1608883889,"path_taken":["M","?","$","M","M","R","?","E","T","R","?","R","M","$","R","BOSS"],"items_purchased_type":["Card","Card","Card"],"build_version":"2020-12-22","purchased_purges":0,"victory":false,"max_hp_per_floor":[71,71,71,71,71,71,71,71,71,71,71,71,71,71,71,71,71],"relic_stats":{"counters":[7,33],"Eternal Feather":27,"obtain_stats":[{"CaptainsWheel":8,"Eternal Feather":9,"Cracked Core":0},{"CaptainsWheel":4,"Eternal Feather":4,"Cracked Core":0},{"CaptainsWheel":15,"Eternal Feather":15,"Cracked Core":0}]},"card_choices":[{"not_picked":["Redo","ReplaySolidLightProjector","Compile Driver"],"picked":"SKIP","floor":1},{"not_picked":["Reprogram","Genetic Algorithm","Panic Button"],"picked":"SKIP","floor":4},{"not_picked":["Heatsinks","Redo"],"picked":"ReplayTheSpireMod:Calculation Training","floor":5},{"not_picked":["conspire:Rain","Compile Driver","Coolheaded"],"picked":"SKIP","floor":8},{"not_picked":["Coolheaded","Panic Button","Hologram"],"picked":"SKIP","floor":11},{"not_picked":["Compile Driver","Genetic Algorithm"],"picked":"Lockon","floor":13}],"player_experience":862954,"relics_obtained":[{"floor":8,"key":"CaptainsWheel"},{"floor":9,"key":"Eternal Feather"}],"event_choices":[{"damage_healed":0,"gold_gain":0,"player_choice":"Cursed","damage_taken":0,"max_hp_gain":0,"max_hp_loss":0,"event_name":"Wheel of Change","floor":7,"gold_loss":0,"cards_obtained":["Decay"]}],"is_beta":false,"boss_relics":[],"items_purged_floors":[],"is_endless":false,"potions_floor_spawned":[4,5,11],"killed_by":"Fading Forest","ascension_level":19}}