{"host":"67f0ddwno01i5xeo","time":1608886395,"event":{"mods":["AchievementEnabler","Alarm Clock","Ascension Reborn","Aspiration","BaseMod","Challenge The Spire","Colored Powertips","HumanHunterMod(怪物杀人mod)","Minty Spire (QoL Compilation)","MostiFishMod","Quick Restart","Red Circlet Mod","Relic Stats","Replay The Spire","RumiaBox-露米娅的神秘盒子","Ryuuou龙王","Spicy Shops","StSLib","TestMod","Uncapped","[IsaacMod]以撒尖塔","noobMod","vexMod","【功能Mod】混沌之环修复补丁","【功能Mod】聪明的最终Boss","篝火指南"],"gold_per_floor":[115,131,106,22,32,59,59,94,94,212,212,212,232,382,382,456,456,534,534,560,560,560,569,585,613,613,637,661,536,565,573,614,656,664,751,751,802,802,810,836,860,892,900,930,930,717,756,807,845,853,853,853,831,831,855,863,895,901],"floor_reached":59,"playtime":2642,"items_purged":["Pride","Strike_R","Pain","Strike_R","Strike_R","Doubt","Defend_R","Strike_R","Defend_R","Defend_R+1","Strike_R+1","Parasite","Defend_R","Bash+1","Spreading Infection","Shrug It Off","Unload","Bouncing Flask+1","Flying Knee+1","Parasite","testmod-EternalityOfKhronos+1"],"score":2087,"play_id":"1dda399f-5df2-49f5-a236-2ad6ad9fa498","local_time":"20201225165315","is_ascension_mode":true,"campfire_choices":[{"floor":26.0,"key":"RECALL"}],"circlet_count":0,"master_deck":["AscendersBane","Second Wind+1","Reaper+1","Entrench+1","Shrug It Off+1","Evolve+1","Feel No Pain+1","Body Slam+1","testmod-EternalityOfKhronos+1","Burning Pact","Shrug It Off","Fire Breathing","Evolve"],"relics":["Burning Blood","HushsDoor","testmod-TestBox","DaveBox","ice","SteamSale","MetatronsCube","testmod-GiftOfSatan","NeowsBlessing","SynthV:TestCard","Membership Card","Lee\u0027s Waffle","testmod-IndustrialRevolution","testmod-LifeArmor","ReplayTheSpireMod:Spearhead","Ccalipers","White Beast Statue","Happy Flower","Eternal Feather","vexMod:Cooldron","NineVolt","King of Hearts","Replay:Baseball","BloodDonationMachine","testmod-AssaultLearning","ReplayTheSpireMod:CursedCoin","Omamori","Paper Frog","War Paint","testmod-Charity","Replay:Bottled Flurry","aspiration:Nostalgia","PureWater","Ancient Tea Set","Brimstone","Leech","SSSystem","Orrery","TheBattery","vexMod:FocusSash","Medical Kit","vexMod:Dragonfruit","ReplayFunnel","Whetstone","ChampionBelt","DeathBook","Replay:Mystery Machine","Shovel","aspiration:FetidBarrel","StrikeDummy","OrangePellets","TheAbacus","Peace Pipe","testmod-ArcanaOfDestiny","Self Forming Clay","Replay:Rubber Ducky","CeramicFish","SalivaCoin","HowToJump","testmod-Acrobat","ChiLing","Chi","Ling","ClockworkSouvenir","BookofShadows","Dodecahedron","vexMod:BarristanHead","vexMod:MemoryStick","testmod-Hope","ReplayTheSpireMod:ShopPack","Potion Belt","aspiration:FrozenJewel","aspiration:Stabinomicon","PrismaticShard","vexMod:PaidLearning","GnawedLeaf","Centennial Puzzle","Tiny Chest","Replay:Bandana","vexMod:DeviousBotling","RottenBaby","SatanicBible","MealTicket","Guide Book","Champion Belt","ForgetMeNow","Mango","BirthdayGift-Icosahedron","ReplayTheSpireMod:Ring of Challenge","Ring of Misfortune","Mercury Hourglass","aspiration:AnachronicSnailShell","aspiration:Lifesprig","testmod-Antiphasic","Toy Ornithopter","Strange Spoon","PreservedInsect","DollysMirror","TheBean","GodSword7","Juzu Bracelet","MagicDraw4","Chaos","Technique","Prayer Wheel","Bag of Marbles","testmod-InjuryResistance","Vampiric Spirits","vexMod:ImprovementManual","Diplopia","SynthV","vexMod:CursedCompass","Sozu","Cursed Key","testmod-ConstraintPeriapt","Cauldron","PillsDrop","PlanX","YumHeart","testmod-TheFather","Torii","vexMod:PlasmaPancake","Replay:Wax Seal","testmod-SaigiyounoYou","GodSword4","Habit","Turnip","SoulBox"],"acts_visited":["Exordium","TheCity","TheBeyond","TheEnding"],"potions_floor_usage":[],"damage_taken":[{"damage":0.0,"enemies":"Cultist","floor":1.0,"turns":1.0},{"damage":0.0,"enemies":"2 Louse","floor":2.0,"turns":2.0},{"damage":4.0,"enemies":"Jaw Worm","floor":5.0,"turns":1.0},{"damage":28.0,"enemies":"Replay:BlueRogue","floor":6.0,"turns":3.0},{"damage":4.0,"enemies":"Gremlin Nob","floor":8.0,"turns":2.0},{"damage":0.0,"enemies":"3 Sentries","floor":10.0,"turns":2.0},{"damage":9.0,"enemies":"Exordium Thugs","floor":13.0,"turns":2.0},{"damage":0.0,"enemies":"Slime Boss","floor":18.0,"turns":3.0},{"damage":0.0,"enemies":"Gremlin Leader","floor":20.0,"turns":2.0},{"damage":0.0,"enemies":"Spheric Guardian","floor":23.0,"turns":3.0},{"damage":4.0,"enemies":"2 Thieves","floor":24.0,"turns":1.0},{"damage":9.0,"enemies":"Replay:Snechameleon","floor":25.0,"turns":3.0},{"damage":5.0,"enemies":"Book of Stabbing","floor":27.0,"turns":1.0},{"damage":0.0,"enemies":"Slavers","floor":30.0,"turns":1.0},{"damage":5.0,"enemies":"Replay:Snechameleon","floor":32.0,"turns":1.0},{"damage":5.0,"enemies":"Book of Stabbing","floor":33.0,"turns":1.0},{"damage":5.0,"enemies":"Champ","floor":35.0,"turns":1.0},{"damage":7.0,"enemies":"R_Hoarder","floor":37.0,"turns":1.0},{"damage":0.0,"enemies":"Giant Head","floor":40.0,"turns":1.0},{"damage":0.0,"enemies":"R_Hoarder","floor":42.0,"turns":2.0},{"damage":1.0,"enemies":"Giant Head","floor":44.0,"turns":1.0},{"damage":1.0,"enemies":"R_Hoarder","floor":47.0,"turns":1.0},{"damage":2.0,"enemies":"Nemesis","floor":49.0,"turns":6.0},{"damage":0.0,"enemies":"Replay:Hell Engine","floor":52.0,"turns":1.0},{"damage":0,"enemies":"Delirium","floor":53,"turns":13},{"damage":0,"enemies":"Shield and Spear","floor":57,"turns":1},{"damage":1,"enemies":"The Heart","floor":58,"turns":2}],"seed_played":"4850003745565627335","potions_obtained":[{"floor":2.0,"key":"Fire Potion"},{"floor":32.0,"key":"EntropicBrew"},{"floor":35.0,"key":"EntropicBrew"}],"is_trial":false,"path_per_floor":["M","M","?","$","M","E","R","E","T","E","PTL","PTL","M","$","R","?","R","B",null,"M","?","$","M","M","E","R","E","T","R","M","$","M","M","R","B",null,"M","$","?","M","?","E","$","E","T","R","E","T","E","$","R","B","B",null,"R","$","E","B",null],"character_chosen":"IRONCLAD","items_purchased":["Membership Card","Lee\u0027s Waffle","testmod-IndustrialRevolution","testmod-LifeArmor","ReplayTheSpireMod:Spearhead","Ccalipers","SteroidPotion","Pommel Strike","MostiFishMod:FireWorks","Happy Flower","Eternal Feather","vexMod:Cooldron","NineVolt","King of Hearts","Replay:Baseball","Whirlwind","ReplayTheSpireMod:CursedCoin","Omamori","Paper Frog","War Paint","testmod-Charity","Replay:Bottled Flurry","Shrug It Off","aspiration:Nostalgia","Ancient Tea Set","Brimstone","Leech","SSSystem","Orrery","TheBattery","vexMod:FocusSash","Medical Kit","vexMod:Dragonfruit","ReplayFunnel","Whetstone","DeathBook","Shovel","aspiration:FetidBarrel","StrikeDummy","OrangePellets","TheAbacus","Peace Pipe","Feel No Pain+1","CeramicFish","SalivaCoin","HowToJump","testmod-Acrobat","ChiLing","ClockworkSouvenir","Dodecahedron","vexMod:BarristanHead","vexMod:MemoryStick","testmod-Hope","ReplayTheSpireMod:ShopPack","Potion Belt","PrismaticShard","vexMod:PaidLearning","GnawedLeaf","Centennial Puzzle","Tiny Chest","Replay:Bandana","RottenBaby","SatanicBible","Guide Book","Champion Belt","ForgetMeNow","Mango","BirthdayGift-Icosahedron","aspiration:Lifesprig","testmod-Antiphasic","Toy Ornithopter","Strange Spoon","PreservedInsect","DollysMirror","Juzu Bracelet","MagicDraw4","Chaos","Technique","Prayer Wheel","Bag of Marbles","Diplopia","SynthV","vexMod:CursedCompass","Sozu","Cursed Key","testmod-ConstraintPeriapt","Cauldron","PillsDrop","PlanX","YumHeart","testmod-TheFather","Torii","vexMod:PlasmaPancake","Burning Pact","Shrug It Off","Fire Breathing","Replay:Wax Seal","testmod-SaigiyounoYou","GodSword4","Habit","Turnip","Evolve"],"campfire_rested":0,"item_purchase_floors":[4,4,4,4,4,4,4,4,4,7,7,7,7,7,7,7,14,14,14,14,14,14,14,15,15,15,15,15,15,17,17,17,17,17,17,19,22,22,22,22,22,22,22,29,29,29,29,29,29,31,31,31,31,31,31,34,34,34,34,34,34,36,36,38,38,38,38,38,43,43,43,43,43,43,46,46,46,46,46,46,50,50,50,50,50,50,51,55,55,55,55,55,55,55,55,55,56,56,56,56,56,56],"current_hp_per_floor":[74,75,75,82,82,60,60,77,77,70,70,70,79,79,87,77,91,94,79,80,57,57,66,81,81,88,89,90,90,91,92,99,108,106,130,97,110,125,126,149,152,168,169,182,182,182,190,191,218,219,219,223,306,306,312,313,315,347],"gold":901,"neow_bonus":"THREE_ENEMY_KILL","is_daily":false,"chose_seed":false,"campfire_upgraded":0,"win_rate":0.0,"timestamp":1608886395,"path_taken":["M","M","?","$","M","E","R","E","T","E","PTL","PTL","?","$","R","?","R","BOSS","M","?","$","M","M","E","R","E","T","R","M","$","M","M","R","BOSS","M","$","?","M","?","E","?","E","T","R","E","?","E","$","R","BOSS","BOSS","R","$","E","BOSS"],"items_purchased_type":["Relic","Relic","Relic","Relic","Relic","Relic","Potion","Card","Card","Relic","Relic","Relic","Relic","Relic","Relic","Card","Relic","Relic","Relic","Relic","Relic","Relic","Card","Relic","Relic","Relic","Relic","Relic","Relic","Relic","Relic","Relic","Relic","Relic","Relic","Relic","Relic","Relic","Relic","Relic","Relic","Relic","Card","Relic","Relic","Relic","Relic","Relic","Relic","Relic","Relic","Relic","Relic","Relic","Relic","Relic","Relic","Relic","Relic","Relic","Relic","Relic","Relic","Relic","Relic","Relic","Relic","Relic","Relic","Relic","Relic","Relic","Relic","Relic","Relic","Relic","Card","Relic","Relic","Relic","Relic","Relic","Relic","Relic","Relic","Relic","Relic","Relic","Relic","Relic","Relic","Relic","Relic","Card","Card","Card","Relic","Relic","Relic","Relic","Relic","Card"],"build_version":"2020-12-22","purchased_purges":21,"victory":true,"max_hp_per_floor":[75,75,75,82,82,82,82,82,82,82,82,82,87,87,87,88,93,94,79,80,85,85,86,87,88,88,89,90,90,91,92,99,108,106,130,97,111,125,126,149,152,168,169,182,182,182,190,191,218,219,219,223,306,306,312,313,315,347],"relic_stats":{"Torii":0,"CeramicFish":96,"Juzu Bracelet":0,"Whetstone":["Bash","Strike_R"],"Cursed Key":0,"Burning Blood":68,"Sozu":2,"Centennial Puzzle":[8],"Shovel":0,"TheAbacus":[330],"Tiny Chest":1,"MealTicket":1,"Prayer Wheel":0,"Lee\u0027s Waffle":7,"Happy Flower":[17],"counters":[27,57],"Self Forming Clay":[3],"Eternal Feather":24,"PreservedInsect":336,"War Paint":["Defend_R","Entrench"],"Medical Kit":[0],"Mercury Hourglass":[110],"Peace Pipe":0,"OrangePellets":[16],"Strange Spoon":[15],"Turnip":[0],"Champion Belt":[5],"obtain_stats":[{"vexMod:MemoryStick":31,"Vampiric Spirits":48,"testmod-LifeArmor":4,"SoulBox":57,"Whetstone":17,"MagicDraw4":46,"Leech":15,"TheBean":44,"MealTicket":37,"vexMod:DeviousBotling":36,"Diplopia":50,"Replay:Bottled Flurry":14,"Replay:Wax Seal":56,"KeepersGift":0,"BookofShadows":30,"testmod-TestBox":0,"Dodecahedron":31,"Eternal Feather":7,"SteamSale":0,"aspiration:FrozenJewel":32,"Ling":29,"Technique":46,"HushsDoor":0,"StrikeDummy":22,"vexMod:ImprovementManual":49,"MetatronsCube":0,"BloodDonationMachine":8,"ChiLing":29,"vexMod:PlasmaPancake":55,"aspiration:Lifesprig":43,"DaveBox":0,"Torii":55,"GnawedLeaf":34,"King of Hearts":7,"TheBattery":17,"Ancient Tea Set":15,"Cursed Key":50,"Burning Blood":0,"Replay:Rubber Ducky":28,"DeathBook":19,"Shovel":22,"aspiration:AnachronicSnailShell":42,"Paper Frog":14,"Potion Belt":31,"Lee\u0027s Waffle":4,"NeowsBlessing":0,"Self Forming Clay":27,"PreservedInsect":43,"Omamori":14,"testmod-ConstraintPeriapt":50,"Habit":56,"Ring of Misfortune":39,"Orrery":15,"testmod-Hope":31,"Turnip":56,"Champion Belt":38,"ReplayTheSpireMod:Ring of Challenge":39,"Toy Ornithopter":43,"Chaos":46,"NineVolt":7,"Chi":29,"CeramicFish":29,"SSSystem":15,"ice":0,"aspiration:Stabinomicon":33,"BirthdayGift-Icosahedron":38,"SatanicBible":36,"Sozu":50,"Centennial Puzzle":34,"Ccalipers":4,"DollysMirror":43,"Prayer Wheel":46,"Happy Flower":7,"ReplayTheSpireMod:CursedCoin":14,"aspiration:Nostalgia":15,"vexMod:PaidLearning":34,"War Paint":14,"testmod-SaigiyounoYou":56,"OrangePellets":22,"ReplayTheSpireMod:Spearhead":4,"vexMod:Cooldron":7,"Replay:Baseball":7,"YumHeart":55,"testmod-GiftOfSatan":0,"Brimstone":15,"testmod-Acrobat":29,"ForgetMeNow":38,"PlanX":55,"GodSword7":45,"GodSword4":56,"ReplayFunnel":17,"SynthV":50,"Mango":38,"Juzu Bracelet":46,"Replay:Mystery Machine":20,"PrismaticShard":34,"testmod-Charity":14,"ClockworkSouvenir":29,"Replay:Bandana":34,"ChampionBelt":19,"TheAbacus":22,"testmod-InjuryResistance":47,"PillsDrop":55,"Tiny Chest":34,"testmod-TheFather":55,"testmod-ArcanaOfDestiny":25,"HowToJump":29,"aspiration:FetidBarrel":22,"Guide Book":38,"RottenBaby":36,"vexMod:FocusSash":17,"testmod-IndustrialRevolution":4,"Medical Kit":17,"White Beast Statue":6,"Mercury Hourglass":40,"vexMod:Dragonfruit":17,"Peace Pipe":22,"testmod-Antiphasic":43,"Strange Spoon":43,"Cauldron":51,"SynthV:TestCard":1,"vexMod:BarristanHead":31,"testmod-AssaultLearning":10,"SalivaCoin":29,"Bag of Marbles":46,"vexMod:CursedCompass":50,"Membership Card":4,"PureWater":15,"ReplayTheSpireMod:ShopPack":31},{"vexMod:MemoryStick":14,"Vampiric Spirits":22,"testmod-LifeArmor":2,"SoulBox":26,"Whetstone":7,"MagicDraw4":21,"Leech":7,"TheBean":21,"MealTicket":18,"vexMod:DeviousBotling":17,"Diplopia":23,"Replay:Bottled Flurry":7,"Replay:Wax Seal":25,"KeepersGift":0,"BookofShadows":14,"testmod-TestBox":0,"Dodecahedron":14,"Eternal Feather":4,"SteamSale":0,"aspiration:FrozenJewel":15,"Ling":13,"Technique":21,"HushsDoor":0,"StrikeDummy":9,"vexMod:ImprovementManual":23,"MetatronsCube":0,"BloodDonationMachine":5,"ChiLing":13,"vexMod:PlasmaPancake":25,"aspiration:Lifesprig":20,"DaveBox":0,"Torii":25,"GnawedLeaf":16,"King of Hearts":4,"TheBattery":7,"Ancient Tea Set":7,"Cursed Key":23,"Burning Blood":0,"Replay:Rubber Ducky":13,"DeathBook":8,"Shovel":9,"aspiration:AnachronicSnailShell":20,"Paper Frog":7,"Potion Belt":14,"Lee\u0027s Waffle":2,"NeowsBlessing":0,"Self Forming Clay":13,"PreservedInsect":20,"Omamori":7,"testmod-ConstraintPeriapt":23,"Habit":25,"Ring of Misfortune":18,"Orrery":7,"testmod-Hope":14,"Turnip":25,"Champion Belt":18,"ReplayTheSpireMod:Ring of Challenge":18,"Toy Ornithopter":20,"Chaos":21,"NineVolt":4,"Chi":13,"CeramicFish":13,"SSSystem":7,"ice":0,"aspiration:Stabinomicon":16,"BirthdayGift-Icosahedron":18,"SatanicBible":17,"Sozu":23,"Centennial Puzzle":16,"Ccalipers":2,"DollysMirror":20,"Prayer Wheel":21,"Happy Flower":4,"ReplayTheSpireMod:CursedCoin":7,"aspiration:Nostalgia":7,"vexMod:PaidLearning":16,"War Paint":7,"testmod-SaigiyounoYou":25,"OrangePellets":9,"ReplayTheSpireMod:Spearhead":2,"vexMod:Cooldron":4,"Replay:Baseball":4,"YumHeart":25,"testmod-GiftOfSatan":0,"Brimstone":7,"testmod-Acrobat":13,"ForgetMeNow":18,"PlanX":25,"GodSword7":21,"GodSword4":25,"ReplayFunnel":7,"SynthV":23,"Mango":18,"Juzu Bracelet":21,"Replay:Mystery Machine":9,"PrismaticShard":16,"testmod-Charity":7,"ClockworkSouvenir":13,"Replay:Bandana":16,"ChampionBelt":8,"TheAbacus":9,"testmod-InjuryResistance":22,"PillsDrop":25,"Tiny Chest":16,"testmod-TheFather":25,"testmod-ArcanaOfDestiny":12,"HowToJump":13,"aspiration:FetidBarrel":9,"Guide Book":18,"RottenBaby":17,"vexMod:FocusSash":7,"testmod-IndustrialRevolution":2,"Medical Kit":7,"White Beast Statue":4,"Mercury Hourglass":19,"vexMod:Dragonfruit":7,"Peace Pipe":9,"testmod-Antiphasic":20,"Strange Spoon":20,"Cauldron":23,"SynthV:TestCard":1,"vexMod:BarristanHead":14,"testmod-AssaultLearning":6,"SalivaCoin":13,"Bag of Marbles":21,"vexMod:CursedCompass":23,"Membership Card":2,"PureWater":7,"ReplayTheSpireMod:ShopPack":14},{"vexMod:MemoryStick":27,"Vampiric Spirits":35,"testmod-LifeArmor":3,"SoulBox":55,"Whetstone":13,"MagicDraw4":34,"Leech":13,"TheBean":34,"MealTicket":31,"vexMod:DeviousBotling":30,"Diplopia":40,"Replay:Bottled Flurry":13,"Replay:Wax Seal":54,"KeepersGift":0,"BookofShadows":27,"testmod-TestBox":0,"Dodecahedron":27,"Eternal Feather":7,"SteamSale":0,"aspiration:FrozenJewel":28,"Ling":26,"Technique":34,"HushsDoor":0,"StrikeDummy":18,"vexMod:ImprovementManual":40,"MetatronsCube":0,"BloodDonationMachine":9,"ChiLing":26,"vexMod:PlasmaPancake":54,"aspiration:Lifesprig":33,"DaveBox":0,"Torii":54,"GnawedLeaf":29,"King of Hearts":7,"TheBattery":13,"Ancient Tea Set":13,"Cursed Key":40,"Burning Blood":0,"Replay:Rubber Ducky":26,"DeathBook":16,"Shovel":18,"aspiration:AnachronicSnailShell":33,"Paper Frog":13,"Potion Belt":27,"Lee\u0027s Waffle":3,"NeowsBlessing":0,"Self Forming Clay":26,"PreservedInsect":33,"Omamori":13,"testmod-ConstraintPeriapt":40,"Habit":54,"Ring of Misfortune":31,"Orrery":13,"testmod-Hope":27,"Turnip":54,"Champion Belt":31,"ReplayTheSpireMod:Ring of Challenge":31,"Toy Ornithopter":33,"Chaos":34,"NineVolt":7,"Chi":26,"CeramicFish":26,"SSSystem":13,"ice":0,"aspiration:Stabinomicon":29,"BirthdayGift-Icosahedron":31,"SatanicBible":30,"Sozu":40,"Centennial Puzzle":29,"Ccalipers":3,"DollysMirror":33,"Prayer Wheel":34,"Happy Flower":7,"ReplayTheSpireMod:CursedCoin":13,"aspiration:Nostalgia":13,"vexMod:PaidLearning":29,"War Paint":13,"testmod-SaigiyounoYou":54,"OrangePellets":18,"ReplayTheSpireMod:Spearhead":3,"vexMod:Cooldron":7,"Replay:Baseball":7,"YumHeart":54,"testmod-GiftOfSatan":0,"Brimstone":13,"testmod-Acrobat":26,"ForgetMeNow":31,"PlanX":54,"GodSword7":34,"GodSword4":54,"ReplayFunnel":13,"SynthV":40,"Mango":31,"Juzu Bracelet":34,"Replay:Mystery Machine":18,"PrismaticShard":29,"testmod-Charity":13,"ClockworkSouvenir":26,"Replay:Bandana":29,"ChampionBelt":16,"TheAbacus":18,"testmod-InjuryResistance":35,"PillsDrop":54,"Tiny Chest":29,"testmod-TheFather":54,"testmod-ArcanaOfDestiny":25,"HowToJump":26,"aspiration:FetidBarrel":18,"Guide Book":31,"RottenBaby":30,"vexMod:FocusSash":13,"testmod-IndustrialRevolution":3,"Medical Kit":13,"White Beast Statue":7,"Mercury Hourglass":32,"vexMod:Dragonfruit":13,"Peace Pipe":18,"testmod-Antiphasic":33,"Strange Spoon":33,"Cauldron":40,"SynthV:TestCard":1,"vexMod:BarristanHead":27,"testmod-AssaultLearning":11,"SalivaCoin":26,"Bag of Marbles":34,"vexMod:CursedCompass":40,"Membership Card":3,"PureWater":13,"ReplayTheSpireMod:ShopPack":27}],"Toy Ornithopter":0},"card_choices":[{"not_picked":["Thunderclap","Sword Boomerang","Inflame"],"picked":"SKIP","floor":1.0},{"not_picked":["Headbutt","Seeing Red","ReplayTheSpireMod:Limb From Limb","Battle Trance"],"picked":"Second Wind","floor":2.0},{"not_picked":["Headbutt","Uppercut","Sword Boomerang","Abandon"],"picked":"Reaper","floor":5.0},{"not_picked":["Bludgeon","Headbutt","Thunderclap","Wild Strike"],"picked":"Bomb","floor":6.0},{"not_picked":["True Grit","Barricade","Anger","ReplayTheSpireMod:Strike From Hell"],"picked":"Entrench","floor":8.0},{"not_picked":["Twin Strike","Perfected Strike","Clash","MostiFishMod:#F4004","Thunderclap"],"picked":"SKIP","floor":10.0},{"not_picked":["Rage","Clash","Wild Strike","Blood for Blood","Warcry"],"picked":"SKIP","floor":13.0},{"not_picked":["True Grit","Pommel Strike","Shrug It Off","MostiFishMod:ChineseTea"],"picked":"Evolve","floor":15.0},{"not_picked":["Pommel Strike","True Grit","Searing Blow","Life Link+1","Double Tap"],"picked":"SKIP","floor":20.0},{"not_picked":["Searing Blow","Anger","MostiFishMod:BrandingRite","Clothesline"],"picked":"Body Slam","floor":23.0},{"not_picked":["Perfected Strike","Anger","Warcry","Massacre","Havoc+1"],"picked":"SKIP","floor":24.0},{"not_picked":["Power Through","Sever Soul","Clothesline","Wild Strike","Eclipse"],"picked":"SKIP","floor":25.0},{"not_picked":["Armaments","Power Through","Pommel Strike","Dropkick","Flex"],"picked":"SKIP","floor":27.0},{"not_picked":["Abandon","Perfected Strike+1","Armaments","Immolate","Spot Weakness"],"picked":"SKIP","floor":30.0},{"not_picked":["Replay:BasicMightCard","testmod-RabbitOfFibonacci","testmod-Dream","testmod-Collector"],"picked":"testmod-EternalityOfKhronos","floor":31.0},{"not_picked":["Anger","Havoc","Clash","Sword Boomerang","ReplayTheSpireMod:Limb From Limb"],"picked":"SKIP","floor":32.0},{"not_picked":["Replay:Undeath\u0027s Touch","Thunderclap","MostiFishMod:WingOfPhoenix","Headbutt","Power Through"],"picked":"SKIP","floor":33.0},{"not_picked":["Warcry+1","Rip and Tear+1","Trip","Genetic Algorithm","Slice"],"picked":"SKIP","floor":37.0},{"not_picked":["Backflip","True Grit","MostiFishMod:Neurotoxin","Dodge and Roll","CutThroughFate"],"picked":"SKIP","floor":40.0},{"not_picked":["MostiFishMod:LegendTransform","Tools of the Trade","Replay:Bootleg Shield Generator","CutThroughFate+1","Blade Dance"],"picked":"SKIP","floor":42.0},{"not_picked":["Sucker Punch","aspiration:Polymerization","EmptyBody+1","Headbutt","Quick Slash"],"picked":"SKIP","floor":44.0},{"not_picked":["Replay:Undeath\u0027s Touch","Fiend Fire","Sweeping Beam","PathToVictory","Dramatic Entrance"],"picked":"SKIP","floor":47.0},{"not_picked":["Cloak And Dagger","Abandon","ReplayTheSpireMod:Brewmster","CarveReality","Ball Lightning"],"picked":"SKIP","floor":49.0},{"not_picked":["Steam+1","MostiFishMod:Awakening","PiercingWail+1","Battery","Flash of Steel"],"picked":"SKIP","floor":57}],"player_experience":360807,"relics_obtained":[{"floor":1.0,"key":"SynthV:TestCard"},{"floor":6.0,"key":"White Beast Statue"},{"floor":8.0,"key":"BloodDonationMachine"},{"floor":10.0,"key":"testmod-AssaultLearning"},{"floor":20.0,"key":"Replay:Mystery Machine"},{"floor":25.0,"key":"testmod-ArcanaOfDestiny"},{"floor":27.0,"key":"Self Forming Clay"},{"floor":28.0,"key":"Replay:Rubber Ducky"},{"floor":30.0,"key":"BookofShadows"},{"floor":32.0,"key":"aspiration:FrozenJewel"},{"floor":33.0,"key":"aspiration:Stabinomicon"},{"floor":37.0,"key":"MealTicket"},{"floor":39.0,"key":"ReplayTheSpireMod:Ring of Challenge"},{"floor":39.0,"key":"Ring of Misfortune"},{"floor":40.0,"key":"Mercury Hourglass"},{"floor":42.0,"key":"aspiration:AnachronicSnailShell"},{"floor":44.0,"key":"TheBean"},{"floor":45.0,"key":"GodSword7"},{"floor":47.0,"key":"testmod-InjuryResistance"},{"floor":48.0,"key":"Vampiric Spirits"},{"floor":49.0,"key":"vexMod:ImprovementManual"},{"floor":57,"key":"SoulBox"}],"event_choices":[{"damage_healed":0.0,"max_hp_gain":0.0,"max_hp_loss":0.0,"gold_gain":75.0,"event_name":"World of Goop","player_choice":"Gather Gold","floor":16.0,"gold_loss":0.0,"damage_taken":11.0},{"damage_healed":0.0,"max_hp_gain":5.0,"max_hp_loss":0.0,"gold_gain":0.0,"event_name":"Forgotten Altar","player_choice":"Shed Blood","floor":21.0,"gold_loss":0.0,"damage_taken":28.0}],"is_beta":false,"boss_relics":[{"not_picked":["testmod-Recursion","ExusiaiGun"],"picked":"ChampionBelt"},{"not_picked":[]},{"not_picked":["AddBug","NightmareShop"],"picked":"vexMod:DeviousBotling"},{"not_picked":[]}],"items_purged_floors":[4,7,14,15,19,22,22,29,29,31,31,34,36,38,43,46,46,50,50,55,56],"is_endless":false,"potions_floor_spawned":[2,5,6,8,10,13,18,20,23,24,25,27,30,32,33,35,37,40,42,44,47,49,57],"ascension_level":0}}