{"host":"pu81sch6k9sz3dc3","time":1608910344,"event":{"mods":["AchievementEnabler","Aspiration","BaseMod","Better Match","Better Note","BetterRewards","Card Forge","Colored Powertips","Halation","Lobotomy","Minty Spire (QoL Compilation)","Permanent Neow","Quick Restart","Replay The Spire","StSLib","vexMod"],"gold_per_floor":[110,130,130,130,148,175,175,175,175,208,208,167,202,221,221,317,317,336,258,258,140,140,140],"floor_reached":22,"playtime":1743,"items_purged":[],"score":252,"play_id":"4187bbf4-0a71-4ed5-8514-653c45cc29b4","local_time":"20201225063224","is_ascension_mode":false,"campfire_choices":[{"floor":11,"key":"REST"},{"floor":15,"key":"REST"}],"circlet_count":0,"master_deck":["Strike_B+1","Strike_B+1","Strike_B+1","Strike_B+1","Defend_B+1","Defend_B+1","Defend_B+1","Defend_B+1","Zap+1","FairyFestival","FIFO Queue+1","WallGazer","Sweeping Beam+1","Hyperbeam+1","UniverseFragment","Ball Lightning+1","FieryBird","Leap+1","RedShoes","Electrodynamics+1","SpiderBud","Coolheaded+1","HappyTeddy","Steam+1","LittleHelper","Mirror Shield+1","CurseOfTheBell","LaLuna","Hologram+1","ReplayUltimateDefense+1","ReplayTheSpireMod:Brewmster+1","Jack Of All Trades+1","Bite+1","CrumblingArmor","Turbo"],"relics":["Cracked Core","Hammer of Thor","Seething Fire","Anvil of the Gods","CogitoBucket","WarpedTongs","Mango","Orichalcum","Turnip","Bottled Tornado","halation:PrussianBluePaint","ChangeAnything","Calling Bell","Dream Catcher","Singing Bowl","vexMod:TimesightGlass","Replay:Wax Seal","ReplayTheSpireMod:ShopPack"],"acts_visited":["Exordium","TheCity"],"potions_floor_usage":[21],"damage_taken":[{"damage":0,"enemies":"Cultist","floor":1,"turns":4},{"damage":0,"enemies":"Small Slimes","floor":2,"turns":3},{"damage":5,"enemies":"2 Louse","floor":5,"turns":2},{"damage":2,"enemies":"Gremlin Nob","floor":6,"turns":4},{"damage":43,"enemies":"Lagavulin","floor":10,"turns":6},{"damage":30,"enemies":"3 Sentries","floor":13,"turns":5},{"damage":35,"enemies":"Blue Slaver","floor":14,"turns":4},{"damage":30,"enemies":"vexMod:DaggerThrower","floor":16,"turns":7},{"damage":24,"enemies":"Spheric Guardian","floor":18,"turns":3},{"damage":57,"enemies":"2 Thieves","floor":21,"turns":4},{"damage":26,"enemies":"Sentry and Sphere","floor":22,"turns":2}],"seed_played":"5895236823124521664","potions_obtained":[{"floor":5,"key":"Block Potion"},{"floor":6,"key":"Fire Potion"},{"floor":13,"key":"CultistPotion"}],"is_trial":false,"path_per_floor":["M","M","?","?","M","E","?","?","T","E","R","?","E","M","R","B",null,"M","$","?","M","M"],"character_chosen":"DEFECT","items_purchased":["Replay:Wax Seal","ReplayTheSpireMod:ShopPack"],"campfire_rested":2,"item_purchase_floors":[19,19],"current_hp_per_floor":[75,75,75,75,70,84,84,81,81,41,67,67,41,9,35,7,89,66,66,66,13,0,0],"gold":140,"neow_bonus":"","is_daily":false,"chose_seed":false,"campfire_upgraded":0,"win_rate":0.0,"timestamp":1608910344,"path_taken":["M","M","?","?","?","E","?","?","T","E","R","?","E","M","R","BOSS","M","$","?","M","?"],"items_purchased_type":["Relic","Relic"],"build_version":"2020-12-22","purchased_purges":0,"victory":false,"max_hp_per_floor":[75,75,75,75,75,89,89,89,89,89,89,89,89,89,89,89,89,89,89,89,89,89,89],"card_choices":[{"not_picked":["ShyLook","CrumblingArmor"],"picked":"FairyFestival","floor":1},{"not_picked":["Skim","Compile Driver"],"picked":"FIFO Queue","floor":1},{"not_picked":["UniverseFragment","Scarecrow"],"picked":"WallGazer","floor":2},{"not_picked":["Streamline","Reprogram"],"picked":"Sweeping Beam","floor":2},{"not_picked":["Murderer","VoidDream"],"picked":"UniverseFragment","floor":5},{"not_picked":["Steam","Hologram"],"picked":"Ball Lightning","floor":5},{"not_picked":["VoidDream","Bloodbath"],"picked":"FieryBird","floor":6},{"not_picked":["Hologram","Scrape"],"picked":"Leap","floor":6},{"not_picked":["Murderer","CherryBlossoms"],"picked":"RedShoes","floor":10},{"not_picked":["Chaos","Aggregate"],"picked":"Electrodynamics","floor":10},{"not_picked":["Variant","BeautyBeast"],"picked":"SpiderBud","floor":13},{"not_picked":["Gash","Rebound"],"picked":"Coolheaded","floor":13},{"not_picked":["Bloodbath","MHz"],"picked":"HappyTeddy","floor":14},{"not_picked":["Compile Driver","Sweeping Beam"],"picked":"Steam","floor":14},{"not_picked":["ShyLook","VoidDream"],"picked":"LittleHelper","floor":16},{"not_picked":["Meteor Strike","Fission"],"picked":"Mirror Shield","floor":16},{"not_picked":["BlueStar","ShyLook"],"picked":"LaLuna","floor":18},{"not_picked":["Skim+1","Reprogram+1"],"picked":"Hologram","floor":18},{"not_picked":["Secret Technique","Secret Weapon"],"picked":"ReplayUltimateDefense","floor":19},{"not_picked":["Flash of Steel","Purity"],"picked":"ReplayTheSpireMod:Brewmster","floor":19},{"not_picked":["Replay:Sssssssssshield","Panacea"],"picked":"Jack Of All Trades","floor":19},{"not_picked":["GalaxyChild","Wellcheers"],"picked":"CrumblingArmor","floor":21},{"not_picked":["Blizzard","Beam Cell"],"picked":"Turbo","floor":21}],"player_experience":167151,"relics_obtained":[{"floor":6,"key":"Mango"},{"floor":9,"key":"Turnip"},{"floor":10,"key":"Bottled Tornado"},{"floor":13,"key":"halation:PrussianBluePaint"},{"floor":17,"key":"Dream Catcher"},{"floor":17,"key":"Singing Bowl"},{"floor":17,"key":"vexMod:TimesightGlass"}],"event_choices":[{"damage_healed":0,"gold_gain":0,"cards_transformed":["Dualcast"],"player_choice":"Change","damage_taken":0,"max_hp_gain":0,"max_hp_loss":0,"event_name":"Living Wall","floor":3,"gold_loss":0,"cards_obtained":["Hyperbeam"]},{"damage_healed":0,"gold_gain":0,"player_choice":"Rummage","damage_taken":0,"relics_obtained":["WarpedTongs"],"max_hp_gain":0,"max_hp_loss":0,"event_name":"Accursed Blacksmith","floor":4,"gold_loss":0,"cards_obtained":["Pain"]},{"damage_healed":0,"gold_gain":0,"player_choice":"Success","damage_taken":3,"relics_obtained":["Orichalcum"],"max_hp_gain":0,"max_hp_loss":0,"event_name":"Scrap Ooze","floor":8,"gold_loss":0},{"cards_removed":["ReplayUltimateDefense"],"damage_healed":0,"gold_gain":0,"player_choice":"Take \u0026 Give","damage_taken":0,"max_hp_gain":0,"max_hp_loss":0,"event_name":"betterNote:BetterNote","floor":20,"gold_loss":0,"cards_obtained":["Bite"]}],"is_beta":false,"boss_relics":[{"not_picked":["Painkiller Herb","vexMod:TanglingVine"],"picked":"Calling Bell"}],"items_purged_floors":[],"is_endless":false,"potions_floor_spawned":[5,6,13,16,18],"killed_by":"Sentry and Sphere","ascension_level":0}}