{"host":"toh0bbw446wnuexf","time":1608939563,"event":{"mods":["BaseMod","Downfall","Hermit","Minty Spire (QoL Compilation)","Random Character Button","StSLib"],"gold_per_floor":[99,110,122,122,122,141,167,183,203,221,238,251,251,161,173,173,173],"floor_reached":16,"playtime":2389,"items_purged":["sneckomod:Unknown"],"score":98,"play_id":"bbf905c8-3c06-46d8-9060-d3d314b2d62f","local_time":"20201226123923","is_ascension_mode":false,"campfire_choices":[{"data":"sneckomod:SnekBite","floor":1,"key":"SMITH"},{"floor":13,"key":"REST"}],"circlet_count":0,"master_deck":["sneckomod:Strike","sneckomod:Strike","sneckomod:Defend","sneckomod:Defend","sneckomod:Defend","sneckomod:TailWhip","sneckomod:SnekBite+1","sneckomod:RainOfDice","sneckomod:UnknownClassGUARDIAN","sneckomod:DiceBoulder"],"relics":["Black Star","Dream Catcher"],"acts_visited":["Exordium"],"potions_floor_usage":[16],"damage_taken":[{"damage":7,"enemies":"2 Louse","floor":2,"turns":3},{"damage":1,"enemies":"Jaw Worm","floor":3,"turns":3},{"damage":5,"enemies":"Cultist","floor":6,"turns":4},{"damage":18,"enemies":"Lots of Slimes","floor":8,"turns":5},{"damage":21,"enemies":"Gremlin Gang","floor":9,"turns":5},{"damage":0,"enemies":"Large Slime","floor":10,"turns":2},{"damage":4,"enemies":"2 Fungi Beasts","floor":11,"turns":2},{"damage":7,"enemies":"Blue Slaver","floor":12,"turns":2},{"damage":0,"enemies":"downfall:FleeingMerchant","floor":14,"turns":4},{"damage":6,"enemies":"3 Louse","floor":15,"turns":3},{"damage":59,"enemies":"downfall:Ironclad","floor":16,"turns":6}],"seed_played":"-1552259553993323456","potions_obtained":[{"floor":2,"key":"BlessingOfTheForge"},{"floor":9,"key":"SteroidPotion"},{"floor":10,"key":"PowerPotion"},{"floor":11,"key":"sneckomod:DiceRollPotion"},{"floor":12,"key":"Guardian:BlockOnCardUsePotion"}],"is_trial":false,"path_per_floor":["R","M","M","?","?","M","T","M","M","M","M","M","R","$","M","B"],"character_chosen":"THE_SNECKO","items_purchased":[],"campfire_rested":1,"item_purchase_floors":[],"current_hp_per_floor":[90,83,82,82,82,77,77,59,38,38,34,27,54,54,48,0,0],"gold":173,"neow_bonus":"BOSS_RELIC","is_daily":false,"chose_seed":false,"campfire_upgraded":1,"win_rate":0.0,"timestamp":1608939563,"path_taken":["R","M","M","?","?","M","T","M","?","M","?","M","R","$","M","BOSS"],"items_purchased_type":[],"build_version":"2020-12-22","purchased_purges":1,"victory":false,"max_hp_per_floor":[90,90,90,90,90,90,90,90,90,90,90,90,90,90,90,90,90],"card_choices":[{"not_picked":["sneckomod:DiceBlock","sneckomod:UnknownEthereal"],"picked":"sneckomod:RainOfDice","floor":2},{"not_picked":["sneckomod:UnknownWeak","sneckomod:UnknownEthereal"],"picked":"sneckomod:UnknownClassGUARDIAN","floor":3},{"not_picked":["sneckomod:UnknownBlock","sneckomod:DiceBlock"],"picked":"sneckomod:DiceBoulder","floor":6},{"not_picked":["sneckomod:UnknownClassDEFAULT_GRAY_COLOR","sneckomod:UnknownBlock","sneckomod:UnknownX"],"picked":"SKIP","floor":8},{"not_picked":["sneckomod:UnknownClassDEFAULT_GRAY_COLOR","sneckomod:UnknownBlock","sneckomod:UnknownX"],"picked":"SKIP","floor":8},{"not_picked":["sneckomod:QuickBite","sneckomod:UnknownCommonSkill","sneckomod:UnknownWeak"],"picked":"SKIP","floor":9},{"not_picked":["sneckomod:DiceBoulder","sneckomod:UnknownVulnerable","sneckomod:Unknown1Cost"],"picked":"SKIP","floor":10},{"not_picked":["sneckomod:UnknownCommonSkill","sneckomod:WideSting","sneckomod:Unknown1Cost"],"picked":"SKIP","floor":11},{"not_picked":["sneckomod:UnknownCommonSkill","sneckomod:UnknownBlock","sneckomod:DiceCrush"],"picked":"SKIP","floor":12},{"not_picked":["sneckomod:PureSnecko","sneckomod:UnknownCommonSkill","sneckomod:Cheat"],"picked":"SKIP","floor":14},{"not_picked":["sneckomod:UnknownCommonSkill","sneckomod:SlitherStrike","sneckomod:DefensiveFlair"],"picked":"SKIP","floor":15}],"player_experience":528411,"relics_obtained":[{"floor":7,"key":"Dream Catcher"}],"event_choices":[{"cards_removed":["sneckomod:Unknown"],"damage_healed":0,"gold_gain":0,"player_choice":"Purged","damage_taken":0,"max_hp_gain":0,"max_hp_loss":0,"event_name":"Purifier","floor":5,"gold_loss":0}],"is_beta":false,"boss_relics":[],"items_purged_floors":[14],"is_endless":false,"potions_floor_spawned":[2,9,10,11,12],"killed_by":"downfall:Ironclad","ascension_level":0}}