{"host":"l0x1ky9qxkxk6ywx","time":1608883171,"event":{"mods":["Act Like it!","Aspiration","Astrologer","BaseMod","CapriCore","Gensokyo","GifTheSpireLib","Hubris","Luminous","Marisa????????","Minty Spire (QoL Compilation)","Rare Cards Sparkle","Remilia??????","Replay The Spire","StSLib","The Animator","The Bladedancer","The Bug Knight","The Cursed","The Hierophant","The Immortal","The Marked","The Runesmith","The Servant 0.9.4"],"gold_per_floor":[111,128,140,155,117,152,162,162,188,188,188,206,225,239,239,340,340,352,22,22,22,35,33,33,33],"floor_reached":24,"playtime":2168,"items_purged":[],"score":220,"play_id":"2b402f6c-5139-4811-a675-ff2dd4158068","local_time":"20201225015931","is_ascension_mode":false,"campfire_choices":[{"floor":8,"key":"REST"},{"floor":11,"key":"REST"},{"data":"Runesmith:ChaoticBlast","floor":15,"key":"SMITH"}],"circlet_count":0,"master_deck":["Runesmith:Strike_RS","Runesmith:Strike_RS","Runesmith:Strike_RS","Runesmith:Strike_RS","Runesmith:Defend_RS","Runesmith:Defend_RS+1","Runesmith:Defend_RS","Runesmith:Defend_RS","Runesmith:CraftFirestone","Runesmith:Fortify","Runesmith:Grindstone","Runesmith:HeatedChisel","Runesmith:EnergizedChisel","Runesmith:HeatedChisel","Runesmith:Attraction","Runesmith:ChargedHammer","Runesmith:EarthShield","Runesmith:ChaoticBlast+1","Runesmith:UnstableHammer","Runesmith:CraftIndustria","Manipulate+1","Runesmith:Permafrost+1","Runesmith:Terraform","Runesmith:DoubleUp"],"relics":["Runesmith:BrokenRuby","NeowsBlessing","StoneCalendar","Replay:Rubber Ducky","aspiration:ServantSkillbook","Golden Egg","hubris:Icosahedron","Dream Catcher"],"acts_visited":["Exordium","TheCity"],"potions_floor_usage":[16],"damage_taken":[{"damage":0,"enemies":"Jaw Worm","floor":1,"turns":1},{"damage":0,"enemies":"Small Slimes","floor":2,"turns":1},{"damage":0,"enemies":"2 Louse","floor":3,"turns":2},{"damage":17,"enemies":"Large Slime","floor":4,"turns":7},{"damage":19,"enemies":"3 Sentries","floor":6,"turns":8},{"damage":7,"enemies":"2 Fungi Beasts","floor":7,"turns":5},{"damage":5,"enemies":"Blue Slaver","floor":12,"turns":4},{"damage":6,"enemies":"3 Louse","floor":13,"turns":4},{"damage":0,"enemies":"Looter","floor":14,"turns":4},{"damage":12,"enemies":"Fading Forest","floor":16,"turns":11},{"damage":0,"enemies":"Chosen","floor":18,"turns":4},{"damage":27,"enemies":"3 Byrds","floor":22,"turns":6},{"damage":6,"enemies":"Replay:Snechameleon","floor":23,"turns":7}],"seed_played":"190623805738483877","potions_obtained":[{"floor":2,"key":"Cursed Concoction"},{"floor":3,"key":"Death Potion"},{"floor":6,"key":"Strength Potion"},{"floor":23,"key":"Death Potion"}],"is_trial":false,"path_per_floor":["M","M","M","M","?","E","M","R","T","?","R","M","M","M","R","B",null,"M","$","?","?","M","E","R"],"character_chosen":"RUNESMITH_CLASS","items_purchased":["Golden Egg","Runesmith:Permafrost"],"campfire_rested":2,"item_purchase_floors":[19,19],"current_hp_per_floor":[70,70,70,53,53,34,27,48,48,48,69,64,58,58,58,56,70,70,70,70,70,43,37,37,37],"gold":33,"neow_bonus":"THREE_ENEMY_KILL","is_daily":false,"chose_seed":false,"campfire_upgraded":1,"win_rate":0.0,"timestamp":1608883171,"path_taken":["M","M","M","M","?","E","M","R","T","?","R","M","M","M","R","BOSS","M","$","?","?","M","E","R"],"items_purchased_type":["Relic","Card"],"build_version":"2020-12-22","purchased_purges":0,"victory":false,"max_hp_per_floor":[70,70,70,70,70,70,70,70,70,70,70,70,70,70,70,70,70,70,70,70,70,70,70,70,70],"card_choices":[{"not_picked":["Runesmith:HammerThrow","Runesmith:UnstableHammer"],"picked":"Runesmith:Grindstone","floor":1},{"not_picked":["Runesmith:RuneHurl","Runesmith:Empowerment"],"picked":"Runesmith:HeatedChisel","floor":2},{"not_picked":["Runesmith:Prism","Runesmith:Terraform"],"picked":"Runesmith:EnergizedChisel","floor":3},{"not_picked":["Runesmith:Empowerment","Runesmith:Overpower"],"picked":"Runesmith:HeatedChisel","floor":4},{"not_picked":["Runesmith:ShiftingStrike","Runesmith:RuneHurl"],"picked":"Runesmith:Attraction","floor":6},{"not_picked":["aspiration:UnbridledHammer","Runesmith:BackupBattery"],"picked":"Runesmith:ChargedHammer","floor":7},{"not_picked":["Runesmith:Electrocute","Runesmith:UnstableHammer"],"picked":"Runesmith:EarthShield","floor":12},{"not_picked":["Runesmith:CraftProtectio","Runesmith:StaticCage"],"picked":"Runesmith:ChaoticBlast","floor":13},{"not_picked":["Runesmith:StaticCage","Runesmith:Grindstone"],"picked":"Runesmith:UnstableHammer","floor":14},{"not_picked":["Runesmith:LastStand","Runesmith:Duplicate"],"picked":"Runesmith:CraftIndustria","floor":16},{"not_picked":["ShatteredReality","Comet","Unruled"],"picked":"Manipulate+1","floor":18},{"not_picked":["Defy","RealityMarble","Potential"],"picked":"Runesmith:Terraform","floor":22},{"not_picked":["Runesmith:Superposition+1","Runesmith:ChiselStab+1","Runesmith:StaticCage"],"picked":"Runesmith:DoubleUp","floor":23}],"player_experience":146073,"relics_obtained":[{"floor":6,"key":"StoneCalendar"},{"floor":9,"key":"Replay:Rubber Ducky"},{"floor":23,"key":"Dream Catcher"}],"event_choices":[{"damage_healed":0,"gold_gain":0,"player_choice":"Left Gold","damage_taken":0,"max_hp_gain":0,"max_hp_loss":0,"event_name":"World of Goop","floor":5,"gold_loss":38}],"is_beta":false,"boss_relics":[{"not_picked":["hubris:TerracottaHorce","Snecko Eye"],"picked":"aspiration:ServantSkillbook"}],"items_purged_floors":[],"is_endless":false,"potions_floor_spawned":[2,3,6,12,13,23],"ascension_level":0}}