{"host":"vumwfieg2b2mnrfl","time":1608929846,"event":{"mods":["AchievementEnabler","BaseMod","Minty Spire (QoL Compilation)","Rare Cards Sparkle","Relic Stats"],"gold_per_floor":[54,90,140,140,140,194,254,269,269,321,351,351,404,434,434,551,551,583,583,597,597,597,597],"floor_reached":22,"playtime":847,"items_purged":[],"score":350,"play_id":"9c354a6f-a949-4186-89c7-9a7d21202902","local_time":"20201225145726","is_ascension_mode":true,"campfire_choices":[{"floor":12.0,"key":"REST"},{"data":"Bash","floor":15.0,"key":"SMITH"}],"circlet_count":0,"master_deck":["AscendersBane","Strike_R","Strike_R","Strike_R+1","Defend_R","Defend_R","Defend_R","Defend_R+1","Bash+1","HandOfGreed","Clothesline","Inflame","Disarm","Limit Break","Demon Form","CurseOfTheBell","Twin Strike","Rage","Intimidate","Impervious"],"relics":["Burning Blood","Ice Cream","Regal Pillow","Blood Vial","Happy Flower","The Courier","Calling Bell","MealTicket","Ornamental Fan","FossilizedHelix"],"acts_visited":["Exordium","TheCity"],"potions_floor_usage":[22],"damage_taken":[{"damage":2.0,"enemies":"2 Louse","floor":1.0,"turns":3.0},{"damage":5.0,"enemies":"Jaw Worm","floor":2.0,"turns":4.0},{"damage":4.0,"enemies":"Small Slimes","floor":3.0,"turns":5.0},{"damage":27.0,"enemies":"Lagavulin","floor":6.0,"turns":9.0},{"damage":7.0,"enemies":"Exordium Wildlife","floor":7.0,"turns":5.0},{"damage":21.0,"enemies":"Red Slaver","floor":8.0,"turns":5.0},{"damage":19.0,"enemies":"3 Sentries","floor":11.0,"turns":9.0},{"damage":3.0,"enemies":"Lagavulin","floor":13.0,"turns":6.0},{"damage":8.0,"enemies":"Large Slime","floor":14.0,"turns":4.0},{"damage":46.0,"enemies":"Slime Boss","floor":16.0,"turns":13.0},{"damage":49.0,"enemies":"3 Byrds","floor":18.0,"turns":10.0},{"damage":18.0,"enemies":"Spheric Guardian","floor":20.0,"turns":5.0},{"damage":15,"enemies":"Shelled Parasite and Fungi","floor":22,"turns":5}],"seed_played":"-5925015407812278689","potions_obtained":[{"floor":1.0,"key":"FearPotion"},{"floor":2.0,"key":"SteroidPotion"},{"floor":6.0,"key":"Dexterity Potion"},{"floor":13.0,"key":"PowerPotion"},{"floor":16.0,"key":"Fire Potion"},{"floor":18.0,"key":"BlessingOfTheForge"}],"is_trial":false,"path_per_floor":["M","M","M","$","?","E","M","M","T","T","E","R","E","M","R","B",null,"M","?","M","?","M"],"character_chosen":"IRONCLAD","items_purchased":[],"campfire_rested":1,"item_purchase_floors":[],"current_hp_per_floor":[72,73,75,75,60,39,38,23,23,23,12,49,54,54,54,16,60,19,19,9,9,0,0],"gold":597,"neow_bonus":"RANDOM_COLORLESS_2","is_daily":false,"chose_seed":false,"campfire_upgraded":1,"win_rate":0.0,"timestamp":1608929846,"path_taken":["M","M","M","$","?","E","M","M","T","?","E","R","E","M","R","BOSS","M","?","M","?","?"],"items_purchased_type":[],"build_version":"2020-12-22","purchased_purges":0,"victory":false,"max_hp_per_floor":[75,75,75,75,75,75,75,75,75,75,75,75,75,75,75,75,75,75,75,75,75,75,75],"relic_stats":{"Blood Vial":14,"Regal Pillow":15,"Happy Flower":[14],"counters":[13,83],"Ornamental Fan":[8],"MealTicket":0,"obtain_stats":[{"Ice Cream":6,"Blood Vial":10,"Calling Bell":17,"Regal Pillow":9,"Happy Flower":11,"Ornamental Fan":17,"MealTicket":17,"The Courier":13,"Burning Blood":0,"FossilizedHelix":17},{"Ice Cream":4,"Blood Vial":6,"Calling Bell":10,"Regal Pillow":6,"Happy Flower":7,"Ornamental Fan":10,"MealTicket":10,"The Courier":8,"Burning Blood":0,"FossilizedHelix":10},{"Ice Cream":21,"Blood Vial":31,"Calling Bell":63,"Regal Pillow":31,"Happy Flower":40,"Ornamental Fan":63,"MealTicket":63,"The Courier":46,"Burning Blood":0,"FossilizedHelix":63}],"Burning Blood":72},"card_choices":[{"not_picked":["Violence","The Bomb"],"picked":"HandOfGreed","floor":0.0},{"not_picked":["Infernal Blade","Perfected Strike"],"picked":"Clothesline","floor":1.0},{"not_picked":["Heavy Blade","Pommel Strike"],"picked":"Inflame","floor":2.0},{"not_picked":["True Grit","Reckless Charge"],"picked":"Disarm","floor":3.0},{"not_picked":["Twin Strike","Burning Pact","Body Slam"],"picked":"SKIP","floor":6.0},{"not_picked":["Entrench","Perfected Strike"],"picked":"Limit Break","floor":7.0},{"not_picked":["Havoc","Clash","Sentinel"],"picked":"SKIP","floor":8.0},{"not_picked":["Heavy Blade","Bloodletting","Dual Wield"],"picked":"SKIP","floor":11.0},{"not_picked":["Carnage","Havoc","Clothesline"],"picked":"SKIP","floor":13.0},{"not_picked":["Clothesline","Heavy Blade","Infernal Blade"],"picked":"SKIP","floor":14.0},{"not_picked":["Fiend Fire","Limit Break"],"picked":"Demon Form","floor":16.0},{"not_picked":["Havoc","Iron Wave+1"],"picked":"Twin Strike","floor":18.0},{"not_picked":["Sever Soul+1","Wild Strike"],"picked":"Impervious","floor":20.0}],"player_experience":309133,"relics_obtained":[{"floor":6.0,"key":"Ice Cream"},{"floor":9.0,"key":"Regal Pillow"},{"floor":10.0,"key":"Blood Vial"},{"floor":11.0,"key":"Happy Flower"},{"floor":13.0,"key":"The Courier"},{"floor":17.0,"key":"MealTicket"},{"floor":17.0,"key":"Ornamental Fan"},{"floor":17.0,"key":"FossilizedHelix"}],"event_choices":[{"damage_healed":0.0,"max_hp_gain":0.0,"max_hp_loss":0.0,"gold_gain":0.0,"event_name":"Shining Light","player_choice":"Entered Light","floor":5.0,"gold_loss":0.0,"damage_taken":15.0,"cards_upgraded":["Strike_R","Defend_R"]},{"damage_healed":0.0,"max_hp_gain":0.0,"max_hp_loss":0.0,"gold_gain":0.0,"cards_transformed":["Strike_R","Strike_R"],"event_name":"Drug Dealer","player_choice":"Became Test Subject","floor":19.0,"gold_loss":0.0,"damage_taken":0.0,"cards_obtained":["Rage","Intimidate"]},{"damage_healed":0,"gold_gain":0,"player_choice":"Leave","damage_taken":0,"max_hp_gain":0,"max_hp_loss":0,"event_name":"FaceTrader","floor":21,"gold_loss":0}],"is_beta":false,"boss_relics":[{"not_picked":["SlaversCollar","SacredBark"],"picked":"Calling Bell"}],"items_purged_floors":[],"is_endless":false,"potions_floor_spawned":[1,2,6,13,16,18],"killed_by":"Shelled Parasite and Fungi","ascension_level":14}}