{"host":"ec09novo68szpe7d","time":1608936653,"event":{"mods":["AchievementEnabler","BaseMod","Bestiary","Minty Spire (QoL Compilation)","StSLib"],"gold_per_floor":[109,128,146,71,86,111,127,127,153,166,183,217,246,288,300,408,420,442,4,17,17,17,17,17],"floor_reached":23,"playtime":2268,"items_purged":["Strike_R"],"score":258,"play_id":"c857f122-6b65-41e2-8c1f-7619c64d9eeb","local_time":"20201225235053","is_ascension_mode":true,"campfire_choices":[{"floor":8.0,"key":"REST"},{"floor":15.0,"key":"REST"}],"circlet_count":0,"master_deck":["Strike_R","Strike_R","Strike_R","Strike_R","Defend_R","Defend_R","Defend_R","Defend_R","Bash","Impervious","Disarm","Flame Barrier","Dark Embrace","Demon Form","Flex","Shame"],"relics":["Velvet Choker","White Beast Statue","Oddly Smooth Stone","MawBank","Vajra","SlaversCollar","Brimstone","Shovel","Pen Nib"],"acts_visited":["Exordium","TheCity"],"potions_floor_usage":[20,23,23],"damage_taken":[{"damage":0.0,"enemies":"Cultist","floor":1.0,"turns":4.0},{"damage":0.0,"enemies":"Jaw Worm","floor":2.0,"turns":3.0},{"damage":3.0,"enemies":"2 Louse","floor":3.0,"turns":3.0},{"damage":6.0,"enemies":"Blue Slaver","floor":5.0,"turns":5.0},{"damage":32.0,"enemies":"Gremlin Nob","floor":6.0,"turns":5.0},{"damage":18.0,"enemies":"Exordium Thugs","floor":7.0,"turns":5.0},{"damage":0.0,"enemies":"Large Slime","floor":10.0,"turns":6.0},{"damage":0.0,"enemies":"Exordium Wildlife","floor":11.0,"turns":5.0},{"damage":7.0,"enemies":"Lagavulin","floor":12.0,"turns":9.0},{"damage":3.0,"enemies":"3 Louse","floor":13.0,"turns":5.0},{"damage":24.0,"enemies":"3 Sentries","floor":14.0,"turns":13.0},{"damage":7.0,"enemies":"Slime Boss","floor":16.0,"turns":11.0},{"damage":17,"enemies":"Chosen","floor":18,"turns":7},{"damage":15,"enemies":"2 Thieves","floor":20,"turns":5},{"damage":55,"enemies":"Book of Stabbing","floor":23,"turns":5}],"seed_played":"3605504211393677420","potions_obtained":[{"floor":2.0,"key":"Energy Potion"},{"floor":3.0,"key":"PowerPotion"},{"floor":6.0,"key":"Ancient Potion"},{"floor":7.0,"key":"AttackPotion"},{"floor":10.0,"key":"DuplicationPotion"},{"floor":11.0,"key":"LiquidMemories"},{"floor":14.0,"key":"LiquidMemories"},{"floor":16.0,"key":"Weak Potion"},{"floor":18,"key":"SneckoOil"},{"floor":20,"key":"Fire Potion"}],"is_trial":false,"path_per_floor":["M","M","M","$","M","E","M","R","T","M","M","E","M","E","R","B",null,"M","$","M","?","$","E"],"character_chosen":"IRONCLAD","items_purchased":["Brimstone","Shovel"],"campfire_rested":2,"item_purchase_floors":[19,19],"current_hp_per_floor":[80,80,77,77,71,39,21,45,45,45,45,38,35,11,35,28,80,63,63,48,48,48,0,0],"gold":17,"neow_bonus":"BOSS_RELIC","is_daily":false,"chose_seed":false,"campfire_upgraded":0,"win_rate":0.0,"timestamp":1608936653,"path_taken":["M","M","M","$","M","E","M","R","T","M","M","E","?","E","R","BOSS","M","$","?","?","$","E"],"items_purchased_type":["Relic","Relic"],"build_version":"2020-12-22","purchased_purges":1,"victory":false,"max_hp_per_floor":[80,80,80,80,80,80,80,80,80,80,80,80,80,80,80,80,80,80,80,80,80,80,80,80],"card_choices":[{"not_picked":["Armaments","Bloodletting","Dual Wield"],"picked":"SKIP","floor":1.0},{"not_picked":["Flex","Entrench","Headbutt"],"picked":"SKIP","floor":2.0},{"not_picked":["Cleave","Iron Wave"],"picked":"Impervious","floor":3.0},{"not_picked":["Havoc","Metallicize","Clash"],"picked":"SKIP","floor":5.0},{"not_picked":["Anger","Twin Strike","Sever Soul"],"picked":"SKIP","floor":6.0},{"not_picked":["Rampage","Feel No Pain"],"picked":"Disarm","floor":7.0},{"not_picked":["Sword Boomerang","Blood for Blood"],"picked":"Flame Barrier","floor":10.0},{"not_picked":["Fire Breathing","Combust","Twin Strike"],"picked":"SKIP","floor":11.0},{"not_picked":["Twin Strike","Perfected Strike","Metallicize"],"picked":"SKIP","floor":12.0},{"not_picked":["Searing Blow","Clash","Intimidate"],"picked":"SKIP","floor":13.0},{"not_picked":["Twin Strike","Flex"],"picked":"Dark Embrace","floor":14.0},{"not_picked":["Juggernaut","Limit Break"],"picked":"Demon Form","floor":16.0},{"not_picked":["Anger+1","Clash"],"picked":"Flex","floor":18},{"not_picked":["Entrench+1","Sword Boomerang","Clash+1"],"picked":"SKIP","floor":20}],"player_experience":201337,"relics_obtained":[{"floor":6.0,"key":"White Beast Statue"},{"floor":9.0,"key":"Oddly Smooth Stone"},{"floor":12.0,"key":"MawBank"},{"floor":14.0,"key":"Vajra"}],"event_choices":[{"damage_healed":0,"gold_gain":0,"player_choice":"Stole Relic","damage_taken":0,"relics_obtained":["Pen Nib"],"max_hp_gain":0,"max_hp_loss":0,"event_name":"Addict","floor":21,"gold_loss":0,"cards_obtained":["Shame"]}],"is_beta":false,"boss_relics":[{"not_picked":["Coffee Dripper","Sozu"],"picked":"SlaversCollar"}],"items_purged_floors":[4],"is_endless":false,"potions_floor_spawned":[2,3,6,7,10,11,12,13,14,16,18,20],"killed_by":"Book of Stabbing","ascension_level":4}}