{"host":"28p8ce41sjwa6lzf","time":1608931621,"event":{"mods":["AchievementEnabler","BaseMod","Colored Map","Colored Powertips","Highlight Path","Minty Spire (QoL Compilation)","Permanent Neow","Quick Restart","Random Character Button","Rare Cards Sparkle","Relic Stats","StSLib"],"gold_per_floor":[109,122,47,60,80,105,116,151,177,207,207,207,223,46,46,119,119,131,131,110,110,124,124,140,140,140,15,50,50,62,94,106,190,202,230,242,4,31,49,83,83,109,133,133,133],"floor_reached":44,"playtime":2843,"items_purged":["Strike_R","Strike_R","Strike_R"],"score":1102,"play_id":"e3e38294-0b8f-4c18-a3ec-3e280eefa982","local_time":"20201225152701","is_ascension_mode":true,"campfire_choices":[{"data":"Immolate","floor":12.0,"key":"SMITH"},{"data":"Disarm","floor":15.0,"key":"SMITH"},{"data":"True Grit","floor":23,"key":"SMITH"},{"data":"Feel No Pain","floor":25,"key":"SMITH"},{"data":"Feel No Pain","floor":29,"key":"SMITH"},{"floor":32,"key":"REST"},{"floor":41,"key":"REST"}],"circlet_count":0,"master_deck":["AscendersBane","Strike_R+1","Strike_R+1","Defend_R","Defend_R","Defend_R","Defend_R","Bash","Immolate+1","True Grit+1","Demon Form","Headbutt","Exhume","True Grit","Feel No Pain+1","Feel No Pain+1","Twin Strike","Disarm+1","Offering","Inflame","Seeing Red","Offering","Limit Break","Sword Boomerang","Double Tap","Shrug It Off","Inflame","Parasite","Exhume","Normality"],"relics":["Burning Blood","Centennial Puzzle","Whetstone","Bag of Marbles","Runic Cube","Nloth\u0027s Gift","Mummified Hand","Smiling Mask","MawBank","Cursed Key","Lantern","Bronze Scales","Anchor","Girya"],"acts_visited":["Exordium","TheCity","TheBeyond"],"potions_floor_usage":[20,24,31,33,39,44],"damage_taken":[{"damage":1.0,"enemies":"Cultist","floor":1.0,"turns":3.0},{"damage":6.0,"enemies":"2 Louse","floor":2.0,"turns":3.0},{"damage":1.0,"enemies":"Small Slimes","floor":4.0,"turns":2.0},{"damage":4.0,"enemies":"Red Slaver","floor":5.0,"turns":3.0},{"damage":32.0,"enemies":"Gremlin Nob","floor":6.0,"turns":4.0},{"damage":0.0,"enemies":"Large Slime","floor":7.0,"turns":4.0},{"damage":24.0,"enemies":"3 Sentries","floor":8.0,"turns":4.0},{"damage":8.0,"enemies":"Gremlin Nob","floor":10.0,"turns":3.0},{"damage":4.0,"enemies":"Exordium Thugs","floor":13.0,"turns":2.0},{"damage":7,"enemies":"The Guardian","floor":16,"turns":10},{"damage":13,"enemies":"Chosen","floor":18,"turns":6},{"damage":11,"enemies":"2 Thieves","floor":20,"turns":4},{"damage":6,"enemies":"Chosen and Byrds","floor":22,"turns":9},{"damage":30,"enemies":"Snake Plant","floor":24,"turns":6},{"damage":44,"enemies":"Book of Stabbing","floor":28,"turns":7},{"damage":6,"enemies":"Centurion and Healer","floor":30,"turns":3},{"damage":12,"enemies":"Slavers","floor":31,"turns":3},{"damage":33,"enemies":"Champ","floor":33,"turns":11},{"damage":6,"enemies":"3 Shapes","floor":35,"turns":1},{"damage":31,"enemies":"3 Darklings","floor":39,"turns":5},{"damage":21,"enemies":"Nemesis","floor":40,"turns":7},{"damage":37,"enemies":"Giant Head","floor":42,"turns":6},{"damage":13,"enemies":"Reptomancer","floor":44,"turns":2}],"seed_played":"-5217353737072840463","potions_obtained":[{"floor":2.0,"key":"FearPotion"},{"floor":4.0,"key":"BlessingOfTheForge"},{"floor":6.0,"key":"Dexterity Potion"},{"floor":8.0,"key":"ColorlessPotion"},{"floor":16,"key":"PowerPotion"},{"floor":20,"key":"BloodPotion"},{"floor":24,"key":"FairyPotion"},{"floor":31,"key":"Block Potion"},{"floor":33,"key":"FearPotion"},{"floor":42,"key":"PowerPotion"}],"is_trial":false,"path_per_floor":["M","M","$","M","M","E","M","E","T","E","?","R","M","$","R","B",null,"M","?","M","?","M","R","M","R","T","$","E","R","M","E","R","B",null,"M","?","$","T","M","E","R","E","T","E"],"character_chosen":"IRONCLAD","items_purchased":["Disarm","Lantern","Inflame"],"campfire_rested":2,"item_purchase_floors":[14,37,37],"current_hp_per_floor":[73,73,73,75,75,49,55,37,37,35,35,35,37,37,37,36,65,58,58,53,53,53,53,44,44,44,44,28,28,28,22,44,17,61,61,61,61,61,36,21,43,12,12,0,0],"gold":133,"neow_bonus":"ONE_RANDOM_RARE_CARD","is_daily":false,"chose_seed":false,"campfire_upgraded":5,"win_rate":0.0,"timestamp":1608931621,"path_taken":["M","M","?","M","M","E","M","E","T","E","?","R","M","$","R","BOSS","M","?","?","?","M","R","M","R","T","$","E","R","M","E","R","BOSS","M","?","$","?","M","E","R","E","T","E"],"items_purchased_type":["Card","Relic","Card"],"build_version":"2020-12-22","purchased_purges":3,"victory":false,"max_hp_per_floor":[75,75,75,75,75,75,75,75,75,75,75,75,75,75,75,75,75,75,75,75,75,75,75,75,75,75,75,75,75,75,75,75,75,75,75,75,75,75,75,75,75,75,75,75,75],"relic_stats":{"Centennial Puzzle":[48],"counters":[23,108],"Mummified Hand":[39],"Bronze Scales":[60],"Nloth\u0027s Gift":2,"Whetstone":["Strike_R","Strike_R"],"Smiling Mask":0,"MawBank":72,"Cursed Key":2,"obtain_stats":[{"Girya":42,"Lantern":37,"Whetstone":8,"Smiling Mask":28,"MawBank":31,"Cursed Key":34,"Burning Blood":0,"Centennial Puzzle":6,"Dream Catcher":10,"Anchor":40,"Mummified Hand":26,"Bronze Scales":38,"Bag of Marbles":9,"Nloth\u0027s Gift":19,"Runic Cube":17},{"Girya":22,"Lantern":19,"Whetstone":7,"Smiling Mask":15,"MawBank":17,"Cursed Key":18,"Burning Blood":0,"Centennial Puzzle":5,"Dream Catcher":8,"Anchor":21,"Mummified Hand":14,"Bronze Scales":19,"Bag of Marbles":7,"Nloth\u0027s Gift":11,"Runic Cube":10},{"Girya":106,"Lantern":88,"Whetstone":23,"Smiling Mask":70,"MawBank":76,"Cursed Key":87,"Burning Blood":0,"Centennial Puzzle":15,"Dream Catcher":26,"Anchor":100,"Mummified Hand":63,"Bronze Scales":88,"Bag of Marbles":23,"Nloth\u0027s Gift":44,"Runic Cube":38}],"Burning Blood":127,"Runic Cube":[43]},"card_choices":[{"not_picked":["Anger","Bloodletting","Rupture"],"picked":"SKIP","floor":1.0},{"not_picked":["Sever Soul","Cleave"],"picked":"True Grit","floor":2.0},{"not_picked":["Cleave","Feel No Pain"],"picked":"Demon Form","floor":4.0},{"not_picked":["Body Slam","Twin Strike"],"picked":"Headbutt","floor":5.0},{"not_picked":["Seeing Red","Searing Blow"],"picked":"Exhume","floor":6.0},{"not_picked":["Anger","Dropkick"],"picked":"True Grit","floor":7.0},{"not_picked":["Dark Embrace","Battle Trance"],"picked":"Feel No Pain","floor":8.0},{"not_picked":["Reckless Charge","Uppercut"],"picked":"Feel No Pain","floor":10.0},{"not_picked":["Perfected Strike","Rupture"],"picked":"Twin Strike","floor":13.0},{"not_picked":["Juggernaut","Demon Form"],"picked":"Offering","floor":16},{"not_picked":["Flex","Perfected Strike"],"picked":"Inflame","floor":18},{"not_picked":["Body Slam+1","Perfected Strike"],"picked":"Seeing Red","floor":20},{"not_picked":["Cleave","Carnage","Rage"],"picked":"SKIP","floor":22},{"not_picked":["Iron Wave","Infernal Blade"],"picked":"Offering","floor":24},{"not_picked":["Pommel Strike","Thunderclap","Clash"],"picked":"SKIP","floor":28},{"not_picked":["Power Through","Headbutt"],"picked":"Limit Break","floor":30},{"not_picked":["Bludgeon","Entrench"],"picked":"Sword Boomerang","floor":31},{"not_picked":["Bludgeon","Berserk"],"picked":"Double Tap","floor":33},{"not_picked":["Perfected Strike","Combust","Searing Blow+1"],"picked":"SKIP","floor":35},{"not_picked":["Headbutt","Warcry","Sever Soul"],"picked":"SKIP","floor":39},{"not_picked":["Cleave","Body Slam"],"picked":"Exhume","floor":40},{"not_picked":["Sword Boomerang","Power Through","Heavy Blade"],"picked":"SKIP","floor":42}],"player_experience":1039632,"relics_obtained":[{"floor":6.0,"key":"Centennial Puzzle"},{"floor":8.0,"key":"Whetstone"},{"floor":9.0,"key":"Bag of Marbles"},{"floor":10.0,"key":"Dream Catcher"},{"floor":26,"key":"Mummified Hand"},{"floor":28,"key":"Smiling Mask"},{"floor":31,"key":"MawBank"},{"floor":38,"key":"Bronze Scales"},{"floor":40,"key":"Anchor"},{"floor":42,"key":"Girya"}],"event_choices":[{"damage_healed":0.0,"max_hp_gain":0.0,"max_hp_loss":0.0,"gold_gain":0.0,"event_name":"Shining Light","player_choice":"Ignored","floor":11.0,"gold_loss":0.0,"damage_taken":0.0},{"damage_healed":0,"gold_gain":0,"player_choice":"Traded Relic","damage_taken":0,"relics_obtained":["Nloth\u0027s Gift"],"max_hp_gain":0,"max_hp_loss":0,"event_name":"N\u0027loth","floor":19,"relics_lost":["Dream Catcher"],"gold_loss":0},{"damage_healed":0,"gold_gain":0,"player_choice":"Ignored","damage_taken":0,"max_hp_gain":0,"max_hp_loss":0,"event_name":"Ghosts","floor":21,"gold_loss":0},{"damage_healed":0,"gold_gain":0,"player_choice":"1 cards matched","damage_taken":0,"max_hp_gain":0,"max_hp_loss":0,"event_name":"Match and Keep!","floor":36,"gold_loss":0,"cards_obtained":["Shrug It Off"]}],"is_beta":false,"boss_relics":[{"not_picked":["Pandora\u0027s Box","Black Blood"],"picked":"Runic Cube"},{"not_picked":["Fusion Hammer","SacredBark"],"picked":"Cursed Key"}],"items_purged_floors":[3,14,27],"is_endless":false,"potions_floor_spawned":[2,4,6,7,8,16,20,24,31,33,42],"killed_by":"Reptomancer","ascension_level":20}}