{"host":"2fgwwnzqc97k7iys","time":1608860262,"event":{"mods":["BaseMod","Colored Map","Minty Spire (QoL Compilation)","Quick Restart","Relic Stats"],"gold_per_floor":[217,16,39,55,70,99,99,110,110,110,140,156,173,204,204,301,301,311,261,288,300,318,318,346,211,211,237,247,266,292,392,392,495,495,506,522,242,256,29,58,58,92,92,118,128,157,175,185,185,185,185,185,61,91,91],"floor_reached":56,"playtime":4898,"items_purged":["Strike_B","Strike_B","Strike_B","Strike_B","Defend_B"],"score":2109,"play_id":"2a90743c-5968-4119-a6ee-f11ee274695a","local_time":"20201224193742","is_ascension_mode":true,"campfire_choices":[{"data":"Chaos","floor":7,"key":"SMITH"},{"data":"Loop","floor":15,"key":"SMITH"},{"data":"Loop","floor":23,"key":"SMITH"},{"data":"Biased Cognition","floor":32,"key":"SMITH"},{"data":"Capacitor","floor":41,"key":"SMITH"},{"floor":49,"key":"RECALL"},{"data":"Defragment","floor":52,"key":"SMITH"}],"circlet_count":0,"master_deck":["Defend_B+1","Defend_B","Defend_B","Zap+1","Dualcast","Chaos+1","Glacier","Cold Snap","Loop+1","Ball Lightning","Biased Cognition+1","Loop+1","Electrodynamics","Lockon+1","Fission+1","Redo+1","Consume+1","Seek+1","Core Surge","Defragment+1","Coolheaded+1","Biased Cognition+1","Glacier+1","Compile Driver","Capacitor+1","Steam Power+1","Steam Power+1","Coolheaded+1"],"relics":["Cracked Core","Membership Card","Cables","Oddly Smooth Stone","Blood Vial","Bronze Scales","Art of War","Coffee Dripper","MealTicket","Kunai","Runic Capacitor","Anchor","Toxic Egg 2","Shuriken","Ice Cream","White Beast Statue","Sozu","War Paint","DollysMirror","PreservedInsect","Pen Nib","Lantern","Letter Opener","Bag of Preparation","Boot","Bottled Lightning","Akabeko"],"acts_visited":["TheCity","TheBeyond","TheEnding"],"potions_floor_usage":[6,14,30,55,55],"damage_taken":[{"damage":1,"enemies":"Cultist","floor":1,"turns":3},{"damage":1,"enemies":"Jaw Worm","floor":4,"turns":4},{"damage":1,"enemies":"Small Slimes","floor":5,"turns":5},{"damage":20,"enemies":"Gremlin Nob","floor":6,"turns":4},{"damage":9,"enemies":"3 Louse","floor":8,"turns":5},{"damage":10,"enemies":"3 Sentries","floor":11,"turns":10},{"damage":0,"enemies":"Large Slime","floor":12,"turns":4},{"damage":0,"enemies":"Blue Slaver","floor":13,"turns":3},{"damage":5,"enemies":"Lagavulin","floor":14,"turns":6},{"damage":0,"enemies":"The Guardian","floor":16,"turns":9},{"damage":0,"enemies":"Chosen","floor":18,"turns":3},{"damage":0,"enemies":"Spheric Guardian","floor":21,"turns":3},{"damage":5,"enemies":"Cultist and Chosen","floor":22,"turns":5},{"damage":32,"enemies":"Gremlin Leader","floor":24,"turns":5},{"damage":13,"enemies":"Book of Stabbing","floor":27,"turns":3},{"damage":0,"enemies":"Snecko","floor":28,"turns":3},{"damage":0,"enemies":"Centurion and Healer","floor":29,"turns":3},{"damage":0,"enemies":"Gremlin Leader","floor":30,"turns":2},{"damage":0,"enemies":"Colosseum Slavers","floor":31,"turns":2},{"damage":15,"enemies":"Colosseum Nobs","floor":31,"turns":4},{"damage":0,"enemies":"Champ","floor":33,"turns":5},{"damage":0,"enemies":"Orb Walker","floor":35,"turns":3},{"damage":0,"enemies":"3 Darklings","floor":36,"turns":2},{"damage":36,"enemies":"Spire Growth","floor":38,"turns":4},{"damage":0,"enemies":"Giant Head","floor":40,"turns":5},{"damage":15,"enemies":"Reptomancer","floor":42,"turns":3},{"damage":0,"enemies":"Nemesis","floor":44,"turns":4},{"damage":0,"enemies":"Sphere and 2 Shapes","floor":45,"turns":2},{"damage":0,"enemies":"Reptomancer","floor":46,"turns":2},{"damage":0,"enemies":"4 Shapes","floor":47,"turns":5},{"damage":6,"enemies":"Maw","floor":48,"turns":3},{"damage":9,"enemies":"Donu and Deca","floor":50,"turns":4},{"damage":0,"enemies":"Shield and Spear","floor":54,"turns":3},{"damage":63,"enemies":"The Heart","floor":55,"turns":6}],"seed_played":"-1117607786889702299","potions_obtained":[{"floor":5,"key":"SteroidPotion"},{"floor":11,"key":"Fruit Juice"},{"floor":14,"key":"GamblersBrew"},{"floor":16,"key":"FairyPotion"},{"floor":21,"key":"Swift Potion"},{"floor":27,"key":"PotionOfCapacity"},{"floor":33,"key":"Dexterity Potion"}],"is_trial":false,"path_per_floor":["M","$","T","M","M","E","R","M","T","?","E","M","M","E","R","B",null,"M","$","T","M","M","R","E","$","T","E","M","M","E","?","R","B",null,"M","M","$","M","$","E","R","E","T","E","M","E","M","M","R","B",null,"R","$","E","B",null],"character_chosen":"DEFECT","items_purchased":["Membership Card","Glacier","Runic Capacitor","Defragment","Coolheaded+1","War Paint","DollysMirror","PreservedInsect","Glacier+1","Compile Driver","Bottled Lightning"],"campfire_rested":0,"item_purchase_floors":[2,2,25,37,37,37,37,39,39,39,53],"current_hp_per_floor":[67,67,67,66,65,45,45,36,36,36,28,30,32,34,34,36,69,71,71,71,73,70,70,40,55,55,44,46,48,50,39,39,41,70,72,74,80,44,59,61,61,48,48,50,52,54,56,52,52,45,71,71,80,80,17],"gold":91,"neow_bonus":"HUNDRED_GOLD","is_daily":false,"chose_seed":false,"campfire_upgraded":6,"win_rate":0.0,"timestamp":1608860262,"path_taken":["M","$","?","M","M","E","R","M","T","?","E","?","M","E","R","BOSS","M","$","?","M","M","R","E","$","T","E","?","M","E","?","R","BOSS","M","M","$","M","$","E","R","E","T","E","M","E","M","M","R","BOSS","R","$","E","BOSS"],"items_purchased_type":["Relic","Card","Relic","Card","Card","Relic","Relic","Relic","Card","Card","Relic"],"build_version":"2020-12-22","purchased_purges":5,"victory":true,"max_hp_per_floor":[75,75,75,75,75,75,75,75,75,75,75,75,75,80,80,80,80,80,80,80,80,80,80,80,80,80,80,80,80,80,80,80,80,80,80,80,80,80,80,80,80,80,80,80,80,80,80,80,80,80,80,80,80,80,80],"relic_stats":{"counters":[34,137],"PreservedInsect":378,"Pen Nib":[3],"Bag of Preparation":[14],"Letter Opener":[171],"War Paint":["Defend_B","Zap"],"Boot":[2],"Cables":[95,51,36,0,8],"Blood Vial":52,"Sozu":11,"Shuriken":[5],"Bronze Scales":[315],"MealTicket":45,"Art of War":[18],"Kunai":[6],"obtain_stats":[{"Ice Cream":31,"Lantern":42,"Runic Capacitor":25,"Bag of Preparation":44,"Boot":46,"Blood Vial":10,"Sozu":34,"DollysMirror":37,"MealTicket":20,"Kunai":24,"Toxic Egg 2":27,"Cracked Core":0,"Oddly Smooth Stone":9,"PreservedInsect":39,"Pen Nib":40,"Letter Opener":43,"War Paint":37,"White Beast Statue":31,"Akabeko":54,"Cables":6,"Anchor":26,"Shuriken":30,"Bronze Scales":11,"Art of War":14,"Coffee Dripper":17,"Membership Card":2,"Bottled Lightning":53},{"Ice Cream":20,"Lantern":26,"Runic Capacitor":14,"Bag of Preparation":27,"Boot":29,"Blood Vial":5,"Sozu":21,"DollysMirror":23,"MealTicket":11,"Kunai":14,"Toxic Egg 2":15,"Cracked Core":0,"Oddly Smooth Stone":5,"PreservedInsect":24,"Pen Nib":25,"Letter Opener":26,"War Paint":23,"White Beast Statue":20,"Akabeko":33,"Cables":4,"Anchor":14,"Shuriken":18,"Bronze Scales":6,"Art of War":9,"Coffee Dripper":10,"Membership Card":1,"Bottled Lightning":32},{"Ice Cream":86,"Lantern":108,"Runic Capacitor":69,"Bag of Preparation":112,"Boot":116,"Blood Vial":21,"Sozu":91,"DollysMirror":96,"MealTicket":56,"Kunai":69,"Toxic Egg 2":72,"Cracked Core":0,"Oddly Smooth Stone":21,"PreservedInsect":100,"Pen Nib":105,"Letter Opener":108,"War Paint":96,"White Beast Statue":86,"Akabeko":131,"Cables":16,"Anchor":69,"Shuriken":80,"Bronze Scales":31,"Art of War":44,"Coffee Dripper":53,"Membership Card":3,"Bottled Lightning":128}]},"card_choices":[{"not_picked":["Streamline","Turbo"],"picked":"Chaos","floor":1},{"not_picked":["Aggregate","Go for the Eyes"],"picked":"Conserve Battery","floor":4},{"not_picked":["Streamline","Coolheaded"],"picked":"Cold Snap","floor":5},{"not_picked":["Turbo","Sweeping Beam"],"picked":"Loop","floor":6},{"not_picked":["Gash","Hello World","Sunder"],"picked":"SKIP","floor":8},{"not_picked":["Recycle","Darkness"],"picked":"Ball Lightning","floor":11},{"not_picked":["Compile Driver","Defragment"],"picked":"Biased Cognition","floor":12},{"not_picked":["Force Field","Auto Shields","Steam"],"picked":"SKIP","floor":13},{"not_picked":["Beam Cell","Ball Lightning"],"picked":"Loop","floor":14},{"not_picked":["Multi-Cast","All For One"],"picked":"Electrodynamics","floor":16},{"not_picked":["Steam+1","Blizzard+1"],"picked":"Lockon+1","floor":18},{"not_picked":["Leap+1","Hologram","Sweeping Beam"],"picked":"SKIP","floor":21},{"not_picked":["Turbo","Conserve Battery","Fusion+1"],"picked":"SKIP","floor":22},{"not_picked":["Reinforced Body","Ball Lightning","Cold Snap"],"picked":"SKIP","floor":24},{"not_picked":["Chaos+1","Melter"],"picked":"Fission+1","floor":27},{"not_picked":["Conserve Battery+1","Rebound+1","Streamline"],"picked":"SKIP","floor":28},{"not_picked":["Hello World","Beam Cell"],"picked":"Redo+1","floor":29},{"not_picked":["Redo+1","Leap+1","Fusion+1"],"picked":"SKIP","floor":30},{"not_picked":["Go for the Eyes+1","Doom and Gloom"],"picked":"Consume+1","floor":31},{"not_picked":["Buffer","Hyperbeam"],"picked":"Seek+1","floor":33},{"not_picked":["Steam+1","Recycle+1","Doom and Gloom+1"],"picked":"SKIP","floor":35},{"not_picked":["Streamline+1","Go for the Eyes+1"],"picked":"Core Surge","floor":36},{"not_picked":["Lockon+1","Ball Lightning","Steam+1"],"picked":"SKIP","floor":38},{"not_picked":["Amplify+1","Streamline+1"],"picked":"Capacitor","floor":40},{"not_picked":["Gash","Barrage+1","Static Discharge+1"],"picked":"SKIP","floor":42},{"not_picked":["Defragment","Streamline"],"picked":"Steam Power+1","floor":44},{"not_picked":["Force Field+1","Gash+1","Hologram+1"],"picked":"SKIP","floor":45},{"not_picked":["Undo+1","Turbo+1","Gash"],"picked":"SKIP","floor":46},{"not_picked":["Reprogram+1","Capacitor+1"],"picked":"Steam Power+1","floor":47},{"not_picked":["Ball Lightning","Rebound+1"],"picked":"Coolheaded+1","floor":48},{"not_picked":["Self Repair","Heatsinks","Fusion+1"],"picked":"SKIP","floor":54}],"player_experience":459427,"relics_obtained":[{"floor":6,"key":"Cables"},{"floor":9,"key":"Oddly Smooth Stone"},{"floor":11,"key":"Bronze Scales"},{"floor":14,"key":"Art of War"},{"floor":20,"key":"MealTicket"},{"floor":24,"key":"Kunai"},{"floor":26,"key":"Anchor"},{"floor":27,"key":"Toxic Egg 2"},{"floor":30,"key":"Shuriken"},{"floor":31,"key":"Ice Cream"},{"floor":31,"key":"White Beast Statue"},{"floor":40,"key":"Pen Nib"},{"floor":42,"key":"Lantern"},{"floor":43,"key":"Letter Opener"},{"floor":44,"key":"Bag of Preparation"},{"floor":46,"key":"Boot"},{"floor":54,"key":"Akabeko"}],"event_choices":[{"cards_removed":["Conserve Battery"],"damage_healed":0,"gold_gain":0,"player_choice":"Gave Card","damage_taken":0,"relics_obtained":["Blood Vial"],"max_hp_gain":0,"max_hp_loss":0,"event_name":"WeMeetAgain","floor":10,"gold_loss":0},{"damage_healed":0,"gold_gain":0,"player_choice":"Fight","damage_taken":0,"max_hp_gain":0,"max_hp_loss":0,"event_name":"Colosseum","floor":31,"gold_loss":0},{"damage_healed":0,"gold_gain":0,"player_choice":"Fought Nobs","damage_taken":0,"max_hp_gain":0,"max_hp_loss":0,"event_name":"Colosseum","floor":31,"gold_loss":0}],"is_beta":false,"boss_relics":[{"not_picked":["Ectoplasm","Runic Pyramid"],"picked":"Coffee Dripper"},{"not_picked":["Pandora\u0027s Box","Runic Dome"],"picked":"Sozu"}],"items_purged_floors":[2,19,25,37,39],"is_endless":false,"potions_floor_spawned":[5,11,14,16,21,24,27,33,35,36,38,40,42,44,45,46,47,48,54],"ascension_level":8}}