{"host":"3j2m8n0ywf988fwb","time":1608921757,"event":{"mods":["Aspiration","BaseMod","Beaked The Cultist","Better Altar","Better Match","Better Note","Better Sensory Stone","Better Skull","Better Third Choice","CCEM","Colored Map","Colored Powertips","Conspire","Googly Eyes","Halation","Highlight Path","Hubris","Infinite Spire","Marked Mod","Mimic Mod","Minty Spire (QoL Compilation)","Relic Stats","Replay The Spire","Shop Mod","StSLib","Unceasing Turn Reminder","everything is the same but u backflip on backflip"],"gold_per_floor":[116,116,116,41,51,76,76,92,143,163,163,189,189,204,204,309,309,221,221,221,221,238,238,238,238],"floor_reached":24,"playtime":1642,"items_purged":["beaked:Strike_Y"],"score":263,"play_id":"fe08e5ae-6825-4be7-93c1-9db21c1f948b","local_time":"20201225124237","is_ascension_mode":true,"campfire_choices":[{"data":"beaked:CrazyRituals","floor":7.0,"key":"SMITH"},{"data":"beaked:CrazyRituals","floor":13.0,"key":"SMITH"},{"data":"beaked:CrazyRituals","floor":15.0,"key":"SMITH"},{"data":"ReplayTheSpireMod:Faulty Equipment","floor":23,"key":"SMITH"}],"circlet_count":0,"master_deck":["beaked:Strike_Y","beaked:Strike_Y","beaked:Strike_Y","beaked:Strike_Y","beaked:Strike_Y","beaked:Defend_Y+1","beaked:Defend_Y+1","beaked:Defend_Y","beaked:Defend_Y","beaked:Ceremony","beaked:CrazyRituals+1","beaked:CrazyRituals+1","beaked:BraceForImpact","beaked:Recite","beaked:BounceBack","beaked:CrazyRituals+1","Madness","beaked:Brainwash","ReplayTheSpireMod:Faulty Equipment+1","beaked:Tweet"],"relics":["beaked:MendingPlumage","NeowsBlessing","halation:StarCompass","hubris:Icosahedron","hubris:SlimyHat","Strawberry","Ring of Hypnosis","Ring of Fangs","Replay:Baseball","Replay:Ancient Bell","War Paint","halation:WeightlessCrab","infinitespire:Golems Mask"],"acts_visited":["Exordium","TheCity"],"potions_floor_usage":[],"damage_taken":[{"damage":0.0,"enemies":"Cultist","floor":1.0,"turns":1.0},{"damage":0.0,"enemies":"Jaw Worm","floor":5.0,"turns":1.0},{"damage":0.0,"enemies":"3 Sentries","floor":6.0,"turns":1.0},{"damage":10.0,"enemies":"Small Slimes","floor":8.0,"turns":4.0},{"damage":22.0,"enemies":"Looter","floor":10.0,"turns":4.0},{"damage":50.0,"enemies":"Gremlin Nob","floor":12.0,"turns":6.0},{"damage":10.0,"enemies":"Blue Slaver","floor":14.0,"turns":5.0},{"damage":71.0,"enemies":"The Guardian","floor":16.0,"turns":8.0},{"damage":50,"enemies":"3 Byrds","floor":18,"turns":5},{"damage":26,"enemies":"Spheric Guardian","floor":22,"turns":5},{"damage":58,"enemies":"Slavers","floor":24,"turns":3}],"seed_played":"-2550105854294736983","potions_obtained":[{"floor":1.0,"key":"PowerPotion"},{"floor":5.0,"key":"AttackPotion"},{"floor":8.0,"key":"BlessingOfTheForge"},{"floor":12.0,"key":"Doom Potion"},{"floor":19,"key":"Energy Potion"},{"floor":19,"key":"beaked:MendingBrew"}],"is_trial":false,"path_per_floor":["M","?","?","$","M","E","R","M","T","M","?","E","R","M","R","B",null,"M","?","?","?","M","R","E"],"character_chosen":"BEAKED_THE_CULTIST","items_purchased":[],"campfire_rested":0,"item_purchase_floors":[],"current_hp_per_floor":[50,50,50,50,50,50,50,50,57,52,52,30,30,43,43,26,57,31,31,31,31,40,40,0,0],"gold":238,"neow_bonus":"THREE_ENEMY_KILL","is_daily":false,"chose_seed":false,"campfire_upgraded":4,"win_rate":0.0,"timestamp":1608921757,"path_taken":["M","?","?","?","?","E","R","M","T","M","?","E","R","M","R","BOSS","M","?","?","?","?","R","E"],"items_purchased_type":[],"build_version":"2020-12-22","purchased_purges":1,"victory":false,"max_hp_per_floor":[50,50,50,50,50,50,50,50,57,57,57,57,57,57,57,57,57,57,57,57,57,57,57,57,57],"relic_stats":{"counters":[11,43],"War Paint":["beaked:Defend_Y","beaked:Defend_Y"],"obtain_stats":[{"NeowsBlessing":0,"Ring of Hypnosis":11,"halation:WeightlessCrab":17,"hubris:SlimyHat":6,"Replay:Ancient Bell":17,"War Paint":17,"halation:StarCompass":2,"Replay:Baseball":12,"hubris:Icosahedron":3,"Ring of Fangs":11,"Strawberry":9,"infinitespire:Golems Mask":17,"beaked:MendingPlumage":0},{"NeowsBlessing":0,"Ring of Hypnosis":5,"halation:WeightlessCrab":8,"hubris:SlimyHat":3,"Replay:Ancient Bell":8,"War Paint":8,"halation:StarCompass":1,"Replay:Baseball":6,"hubris:Icosahedron":1,"Ring of Fangs":5,"Strawberry":4,"infinitespire:Golems Mask":8,"beaked:MendingPlumage":0},{"NeowsBlessing":0,"Ring of Hypnosis":11,"halation:WeightlessCrab":30,"hubris:SlimyHat":3,"Replay:Ancient Bell":30,"War Paint":30,"halation:StarCompass":1,"Replay:Baseball":17,"hubris:Icosahedron":1,"Ring of Fangs":11,"Strawberry":7,"infinitespire:Golems Mask":30,"beaked:MendingPlumage":0}]},"card_choices":[{"not_picked":["beaked:Roost","beaked:Resilience"],"picked":"beaked:BraceForImpact","floor":1.0},{"not_picked":["beaked:Tweet","beaked:Redirect"],"picked":"beaked:Recite","floor":5.0},{"not_picked":["beaked:Redirect","beaked:Insight"],"picked":"beaked:BounceBack","floor":6.0},{"not_picked":["beaked:SurvivalInstinct","beaked:Flinch"],"picked":"beaked:CrazyRituals","floor":8.0},{"not_picked":["beaked:Foresight","beaked:Poke","beaked:CursingBlood"],"picked":"SKIP","floor":10.0},{"not_picked":["beaked:Molting","beaked:StunningBlow","beaked:Overexert"],"picked":"SKIP","floor":12.0},{"not_picked":["beaked:Flinch","beaked:Brace","beaked:Windmill"],"picked":"SKIP","floor":14.0},{"not_picked":["beaked:Caw","beaked:ScreechingChant"],"picked":"beaked:Brainwash","floor":16.0},{"not_picked":["Parasite","Decay"],"picked":"Spreading Infection","floor":17.0},{"not_picked":["conspire:Blindness","Delirium"],"picked":"ReplayTheSpireMod:Faulty Equipment","floor":17.0},{"not_picked":["Writhe","hubris:Wrath"],"picked":"ReplayTheSpireMod:IOU","floor":17.0},{"not_picked":["beaked:TuckingFeathers","beaked:Overpower"],"picked":"beaked:Tweet","floor":18},{"not_picked":["beaked:LiftOff","beaked:WarriorSpirit","beaked:CursingBlood"],"picked":"SKIP","floor":22}],"player_experience":785974,"relics_obtained":[{"floor":6.0,"key":"hubris:SlimyHat"},{"floor":9.0,"key":"Strawberry"},{"floor":11.0,"key":"Ring of Hypnosis"},{"floor":11.0,"key":"Ring of Fangs"},{"floor":12.0,"key":"Replay:Baseball"}],"event_choices":[{"damage_healed":0,"gold_gain":0,"player_choice":"Got Potions","damage_taken":0,"max_hp_gain":0,"max_hp_loss":0,"event_name":"Lab","floor":19,"gold_loss":0},{"cards_removed":["ReplayTheSpireMod:Faulty Equipment","Spreading Infection"],"damage_healed":0,"gold_gain":0,"player_choice":"Removed Curses","damage_taken":0,"max_hp_gain":0,"max_hp_loss":0,"event_name":"Fountain of Cleansing","floor":20,"gold_loss":0},{"cards_removed":["beaked:Ceremony"],"damage_healed":0,"gold_gain":0,"player_choice":"Give","damage_taken":0,"max_hp_gain":0,"max_hp_loss":0,"event_name":"betterNote:BetterNote","floor":21,"gold_loss":0,"cards_obtained":["None"]}],"is_beta":false,"boss_relics":[{"not_picked":["hubris:TerracottaHorce","CCEMRelics:GreenEgg"],"picked":"Replay:Ancient Bell"},{"not_picked":["hubris:ToyBattleship","Tiny Chest"],"picked":"War Paint"},{"not_picked":["hubris:DeckOfHolding","aspiration:StickyExplosives"],"picked":"halation:WeightlessCrab"},{"not_picked":["halation:Trompette","CCEMRelics:OrganicArmor"],"picked":"infinitespire:Golems Mask"}],"items_purged_floors":[4],"is_endless":false,"potions_floor_spawned":[1,5,8,12],"killed_by":"Slavers","ascension_level":3}}