{"host":"8qpl9oe08dw5eaib","time":1608873961,"event":{"mods":["Act Like it!","BaseMod","Colored Map","Minty Spire (QoL Compilation)","StSLib","The Animator"],"gold_per_floor":[11,11,11,86,86,112,37,37,37,47,47,47,87,99,99,195,195,215,246,258,258,258,288,315,315,315,315,333,233,233,252,252,252,252],"floor_reached":33,"playtime":2045,"items_purged":["animator:Strike","animator:Strike"],"score":325,"play_id":"f8a24c7e-64fe-4644-8810-a0b48c34795b","local_time":"20201225002601","is_ascension_mode":true,"campfire_choices":[{"floor":8,"key":"REST"},{"floor":12,"key":"REST"},{"floor":15,"key":"REST"},{"floor":25,"key":"REST"},{"data":"animator:Saber","floor":27,"key":"SMITH"},{"floor":30,"key":"REST"},{"data":"animator:Shalltear","floor":32,"key":"SMITH"}],"circlet_count":0,"master_deck":["animator:Strike_Overlord","animator:Defend_Overlord","animator:Defend","animator:Defend","animator:Defend","animator:Cocytus","animator:Demiurge","animator:Kuribayashi","animator:Shion","animator:Alexander","animator:PandorasActor","animator:Shichika","animator:Saber+1","animator:Hakurou","animator:ChaikaBohdan","animator:Archer","animator:Elesis","animator:Shinoa","animator:CrowleyEusford","animator:Shalltear+1"],"relics":["animator:LivingPicture","animator:TheMissingPiece","animator:PurgingStone","Vajra","Red Skull","Sozu","Regal Pillow","Happy Flower","Bronze Scales"],"acts_visited":["Exordium","TheCity"],"potions_floor_usage":[16,20],"damage_taken":[{"damage":10,"enemies":"Cultist","floor":1,"turns":5},{"damage":48,"enemies":"Lagavulin","floor":6,"turns":9},{"damage":8,"enemies":"Small Slimes","floor":10,"turns":3},{"damage":31,"enemies":"3 Sentries","floor":13,"turns":10},{"damage":0,"enemies":"2 Louse","floor":14,"turns":2},{"damage":45,"enemies":"The Guardian","floor":16,"turns":10},{"damage":16,"enemies":"2 Thieves","floor":18,"turns":3},{"damage":0,"enemies":"Chosen","floor":19,"turns":3},{"damage":17,"enemies":"Shelled Parasite and Fungi","floor":20,"turns":3},{"damage":30,"enemies":"Book of Stabbing","floor":23,"turns":5},{"damage":11,"enemies":"Snake Plant","floor":24,"turns":2},{"damage":27,"enemies":"Centurion and Healer","floor":28,"turns":4},{"damage":0,"enemies":"Sentry and Sphere","floor":31,"turns":2},{"damage":66,"enemies":"Collector","floor":33,"turns":6}],"seed_played":"-961531575414306610","potions_obtained":[{"floor":13,"key":"DistilledChaos"},{"floor":14,"key":"Swift Potion"},{"floor":16,"key":"SteroidPotion"}],"is_trial":false,"path_per_floor":["M","$","?","?","?","E","$","R","T","M","?","R","E","M","R","B",null,"M","M","M","?","?","E","M","R","T","R","M","$","R","M","R","B"],"character_chosen":"THE_ANIMATOR","items_purchased":[],"campfire_rested":5,"item_purchase_floors":[],"current_hp_per_floor":[68,68,68,57,62,14,14,38,38,30,30,54,23,23,47,2,83,67,67,50,50,50,20,9,48,48,48,22,22,62,63,63,0,0],"gold":252,"neow_bonus":"TWENTY_PERCENT_HP_BONUS","is_daily":false,"chose_seed":false,"campfire_upgraded":2,"win_rate":0.0,"timestamp":1608873961,"path_taken":["M","?","?","?","?","E","$","R","T","?","?","R","E","M","R","BOSS","M","M","M","?","?","E","M","R","T","R","M","$","R","?","R","BOSS"],"items_purchased_type":[],"build_version":"2020-12-22","purchased_purges":2,"victory":false,"max_hp_per_floor":[78,78,78,78,83,83,83,83,83,83,83,83,83,83,83,83,83,83,83,83,83,83,83,83,83,83,83,84,84,84,85,85,85,85],"card_choices":[{"not_picked":["animator:TukaLunaMarceau","animator:Illya"],"picked":"animator:Kuribayashi","floor":1},{"not_picked":["animator:ItamiYouji","animator:NarberalGamma"],"picked":"animator:Shion","floor":6},{"not_picked":["animator:Spearman","animator:Fredrika"],"picked":"animator:Alexander","floor":10},{"not_picked":["animator:Evileye","animator:NarberalGamma"],"picked":"animator:PandorasActor","floor":13},{"not_picked":["animator:Fredrika","animator:ZankiKiguchi"],"picked":"animator:Shichika","floor":14},{"not_picked":["animator:ItamiYouji","animator:AcuraShin"],"picked":"animator:Saber","floor":16},{"not_picked":["animator:Shion","animator:PandorasActor"],"picked":"animator:Hakurou","floor":18},{"not_picked":["animator:Shinoa","animator:AcuraAkari"],"picked":"animator:ChaikaBohdan","floor":19},{"not_picked":["animator:SakuraMatou","animator:Assassin"],"picked":"animator:Archer","floor":20},{"not_picked":["animator:Gillette+1","animator:Vesta"],"picked":"animator:Elesis","floor":23},{"not_picked":["animator:Assassin","animator:Shion"],"picked":"animator:Shinoa","floor":24},{"not_picked":["animator:Cocytus","animator:RinTohsaka"],"picked":"animator:CrowleyEusford","floor":28},{"not_picked":["animator:Demiurge","animator:PandorasActor"],"picked":"animator:Shalltear","floor":31}],"player_experience":336252,"relics_obtained":[{"floor":6,"key":"Vajra"},{"floor":13,"key":"Red Skull"},{"floor":23,"key":"Happy Flower"},{"floor":26,"key":"Bronze Scales"}],"event_choices":[{"damage_healed":0,"gold_gain":75,"player_choice":"Gather Gold","damage_taken":11,"max_hp_gain":0,"max_hp_loss":0,"event_name":"World of Goop","floor":4,"gold_loss":0},{"damage_healed":0,"gold_gain":0,"player_choice":"Donut","damage_taken":0,"max_hp_gain":5,"max_hp_loss":0,"event_name":"Big Fish","floor":5,"gold_loss":0},{"cards_removed":["animator:Strike"],"damage_healed":0,"gold_gain":0,"player_choice":"Forget","damage_taken":0,"max_hp_gain":0,"max_hp_loss":0,"event_name":"Living Wall","floor":11,"gold_loss":0},{"damage_healed":0,"gold_gain":0,"player_choice":"Opened","damage_taken":0,"relics_obtained":["Regal Pillow"],"max_hp_gain":0,"max_hp_loss":0,"event_name":"The Mausoleum","floor":21,"gold_loss":0,"cards_obtained":["Writhe"]},{"cards_removed":["Writhe"],"damage_healed":0,"gold_gain":0,"player_choice":"Elegance","damage_taken":0,"max_hp_gain":0,"max_hp_loss":0,"event_name":"Back to Basics","floor":22,"gold_loss":0}],"is_beta":false,"boss_relics":[{"not_picked":["Tiny House","Coffee Dripper"],"picked":"Sozu"}],"items_purged_floors":[7,29],"is_endless":false,"potions_floor_spawned":[13,14,16,18,23,24,28],"killed_by":"Collector","ascension_level":2}}