{"host":"zr590xw2unlz0wv7","time":1608922247,"event":{"mods":["BaseMod","Minty Spire (QoL Compilation)","READ ME - Guardian Mod","StSLib"],"gold_per_floor":[118,138,63,138,138,163,163,182,182,214,23,23,23,55,55,159,159,179,189,189,42,58,58,71,86,109,109,109,85,98,98,98,198,198,218,218,72,126,146,179,179,191,215,215,215],"floor_reached":44,"playtime":1981,"items_purged":["Strike_P","Strike_P"],"score":661,"play_id":"0bb057fd-97fa-461b-93b0-13efa40f4ab8","local_time":"20201226025047","is_ascension_mode":true,"campfire_choices":[{"data":"Eruption","floor":7.0,"key":"SMITH"},{"data":"Crescendo","floor":13.0,"key":"SMITH"},{"data":"Ragnarok","floor":15.0,"key":"SMITH"},{"floor":23.0,"key":"RECALL"},{"floor":27.0,"key":"REST"},{"floor":32.0,"key":"REST"}],"circlet_count":0,"master_deck":["Strike_P","Defend_P","Defend_P","Defend_P","Defend_P","Eruption+1","Vigilance","MentalFortress","EmptyFist","Crescendo+1","Swivel","Ragnarok+1","LikeWater","EmptyBody","Devotion","Adaptation+1","Protect","Halt+1","FollowUp+1","CrushJoints+1","FlurryOfBlows","WheelKick","DeusExMachina","Ragnarok+1","Protect+1"],"relics":["PureWater","NeowsBlessing","Blue Candle","InkBottle","PreservedInsect","Strawberry","Eternal Feather","Fusion Hammer","VioletLotus","DollysMirror","Dead Branch","Blood Vial","Orichalcum"],"acts_visited":["Exordium","TheCity","TheBeyond"],"potions_floor_usage":[44],"damage_taken":[{"damage":0.0,"enemies":"Small Slimes","floor":1.0,"turns":1.0},{"damage":0.0,"enemies":"Jaw Worm","floor":2.0,"turns":1.0},{"damage":0.0,"enemies":"3 Sentries","floor":6.0,"turns":2.0},{"damage":0.0,"enemies":"Cultist","floor":8.0,"turns":3.0},{"damage":10.0,"enemies":"Lagavulin","floor":10.0,"turns":5.0},{"damage":0.0,"enemies":"Gremlin Nob","floor":14.0,"turns":2.0},{"damage":11.0,"enemies":"Hexaghost","floor":16.0,"turns":11.0},{"damage":10.0,"enemies":"Chosen","floor":18.0,"turns":6.0},{"damage":22.0,"enemies":"2 Thieves","floor":19.0,"turns":2.0},{"damage":0.0,"enemies":"Snecko","floor":22.0,"turns":2.0},{"damage":36.0,"enemies":"3 Cultists","floor":24.0,"turns":5.0},{"damage":0.0,"enemies":"Snake Plant","floor":25.0,"turns":2.0},{"damage":10.0,"enemies":"Chosen and Byrds","floor":30.0,"turns":4.0},{"damage":52.0,"enemies":"Collector","floor":33.0,"turns":7.0},{"damage":0.0,"enemies":"3 Darklings","floor":35.0,"turns":1.0},{"damage":19.0,"enemies":"2 Orb Walkers","floor":38.0,"turns":4.0},{"damage":20.0,"enemies":"3 Shapes","floor":39.0,"turns":4.0},{"damage":0.0,"enemies":"Reptomancer","floor":40.0,"turns":2.0},{"damage":19.0,"enemies":"3 Darklings","floor":42.0,"turns":3.0},{"damage":35,"enemies":"Transient","floor":44,"turns":4}],"seed_played":"3570800404840253551","potions_obtained":[{"floor":1.0,"key":"Fire Potion"},{"floor":2.0,"key":"DistilledChaos"},{"floor":6.0,"key":"EntropicBrew"},{"floor":18.0,"key":"DistilledChaos"},{"floor":22.0,"key":"DuplicationPotion"},{"floor":25.0,"key":"DuplicationPotion"},{"floor":33.0,"key":"BlessingOfTheForge"},{"floor":39.0,"key":"Explosive Potion"},{"floor":41.0,"key":"SteroidPotion"},{"floor":41.0,"key":"FearPotion"},{"floor":41.0,"key":"BottledMiracle"},{"floor":42.0,"key":"Dexterity Potion"}],"is_trial":false,"path_per_floor":["M","M","$","?","$","E","R","M","T","E","$","?","R","E","R","B",null,"M","M","?","$","M","R","M","M","T","R","$","$","M","$","R","B",null,"M","?","$","?","M","E","?","M","T","M"],"character_chosen":"WATCHER","items_purchased":["Ragnarok","LikeWater","EmptyBody","Protect","FlurryOfBlows","DollysMirror"],"campfire_rested":2,"item_purchase_floors":[11,11,11,21,29,37],"current_hp_per_floor":[72,72,72,61,61,61,61,61,61,51,51,51,51,51,60,49,72,62,40,40,40,40,49,13,13,13,48,48,48,38,38,73,21,65,65,65,65,46,26,26,26,9,9,0,0],"gold":215,"neow_bonus":"THREE_ENEMY_KILL","is_daily":false,"chose_seed":false,"campfire_upgraded":3,"win_rate":0.0,"timestamp":1608922247,"path_taken":["M","M","$","?","$","E","R","M","T","E","$","?","R","E","R","BOSS","M","M","?","$","M","R","?","M","T","R","?","$","M","$","R","BOSS","M","?","?","?","M","E","?","M","T","M"],"items_purchased_type":["Card","Card","Card","Card","Card","Relic"],"build_version":"2020-12-22","purchased_purges":2,"victory":false,"max_hp_per_floor":[72,72,72,72,72,72,72,72,72,72,72,79,79,79,79,79,79,79,79,79,79,79,79,79,79,79,79,79,79,79,79,79,79,79,79,79,79,79,79,79,79,79,79,79,79],"card_choices":[{"not_picked":["Study","CutThroughFate","Prostrate"],"picked":"SKIP","floor":1.0},{"not_picked":["JustLucky","Protect"],"picked":"MentalFortress","floor":2.0},{"not_picked":["ForeignInfluence","Fasting2"],"picked":"EmptyFist","floor":6.0},{"not_picked":["Fasting2","Prostrate"],"picked":"Crescendo","floor":8.0},{"not_picked":["Crescendo","ThirdEye"],"picked":"Swivel","floor":10.0},{"not_picked":["Conclude","ForeignInfluence","Consecrate"],"picked":"SKIP","floor":14.0},{"not_picked":["ConjureBlade","Omniscience"],"picked":"Devotion","floor":16.0},{"not_picked":["Consecrate","CutThroughFate","TalkToTheHand"],"picked":"SKIP","floor":18.0},{"not_picked":["Consecrate+1","Prostrate"],"picked":"Adaptation+1","floor":19.0},{"not_picked":["PathToVictory","MentalFortress"],"picked":"Halt+1","floor":22.0},{"not_picked":["CutThroughFate","Prostrate"],"picked":"FollowUp+1","floor":24.0},{"not_picked":["ForeignInfluence+1","Conclude"],"picked":"CrushJoints+1","floor":25.0},{"not_picked":["Nirvana+1","CrushJoints"],"picked":"WheelKick","floor":30.0},{"not_picked":["ConjureBlade","Omniscience"],"picked":"DeusExMachina","floor":33.0},{"not_picked":["Tantrum","Crescendo+1","FlyingSleeves"],"picked":"SKIP","floor":35.0},{"not_picked":["ThirdEye","Evaluate"],"picked":"Protect+1","floor":38.0},{"not_picked":["BattleHymn","ThirdEye+1","Evaluate"],"picked":"SKIP","floor":39.0},{"not_picked":["Conclude","CutThroughFate+1","Omniscience"],"picked":"SKIP","floor":40.0},{"not_picked":["PathToVictory+1","SashWhip+1","Protect"],"picked":"SKIP","floor":42.0}],"player_experience":519028,"relics_obtained":[{"floor":6.0,"key":"Blue Candle"},{"floor":9.0,"key":"InkBottle"},{"floor":10.0,"key":"PreservedInsect"},{"floor":14.0,"key":"Eternal Feather"},{"floor":38.0,"key":"Dead Branch"},{"floor":40.0,"key":"Blood Vial"},{"floor":43.0,"key":"Orichalcum"}],"event_choices":[{"damage_healed":0.0,"max_hp_gain":0.0,"max_hp_loss":0.0,"gold_gain":75.0,"event_name":"World of Goop","player_choice":"Gather Gold","floor":4.0,"gold_loss":0.0,"damage_taken":11.0},{"damage_healed":0.0,"max_hp_gain":0.0,"max_hp_loss":0.0,"gold_gain":0.0,"event_name":"Scrap Ooze","player_choice":"Success","floor":12.0,"gold_loss":0.0,"damage_taken":7.0,"relics_obtained":["Strawberry"]},{"cards_removed":["Strike_P"],"damage_healed":0.0,"max_hp_gain":0.0,"max_hp_loss":0.0,"gold_gain":0.0,"event_name":"Bonfire Elementals","player_choice":"Offered Basic","floor":20.0,"gold_loss":0.0,"damage_taken":0.0},{"damage_healed":0.0,"max_hp_gain":0.0,"max_hp_loss":0.0,"gold_gain":0.0,"event_name":"SecretPortal","player_choice":"Ignored","floor":36.0,"gold_loss":0.0,"damage_taken":0.0},{"damage_healed":0.0,"max_hp_gain":0.0,"max_hp_loss":0.0,"gold_gain":0.0,"event_name":"Mysterious Sphere","player_choice":"Fight","floor":38.0,"gold_loss":0.0,"damage_taken":0.0},{"damage_healed":0.0,"max_hp_gain":0.0,"max_hp_loss":0.0,"gold_gain":0.0,"event_name":"Lab","player_choice":"Got Potions","floor":41.0,"gold_loss":0.0,"damage_taken":0.0}],"is_beta":false,"boss_relics":[{"not_picked":["SlaversCollar","Ectoplasm"],"picked":"Fusion Hammer"},{"not_picked":["Cursed Key","SacredBark"],"picked":"VioletLotus"}],"items_purged_floors":[3,21],"is_endless":false,"potions_floor_spawned":[1,2,6,18,22,25,33,39,42],"killed_by":"Transient","ascension_level":5}}