{"host":"qmmd8zc7eqgl2j9h","time":1608939295,"event":{"mods":["AchievementEnabler","Aspiration","BaseMod","Better Altar","Better Note","Better Sensory Stone","Better Skull","BetterRewards","Colored Map","Conspire","Googly Eyes","Hermit","Highlight Path","Infinite Spire","Marisa????????","Minty Spire (QoL Compilation)","Permanent Neow","Replay The Spire","StSLib","The Hierophant","The Necromancer","The Servant 0.9.4","Unceasing Turn Reminder","everything is the same but u backflip on backflip","slay the spire mod where everything is the same but ironclad has a cowboy hat"],"gold_per_floor":[114,114,131,231,63,88,88,113,136,156,170,189,208,221,221,221,221],"floor_reached":16,"playtime":1157,"items_purged":[],"score":164,"play_id":"4e688f6a-f114-489f-b79f-20a7e501a49f","local_time":"20201225153455","is_ascension_mode":false,"campfire_choices":[{"data":"Bone_Wall","floor":7,"key":"SMITH"},{"floor":15,"key":"REST"}],"circlet_count":0,"master_deck":["Strike_W","Strike_W","Strike_W","Strike_W","Defend_W","Defend_W","Defend_W","Defend_W","Negative_Energy_Arrows","Bone_Wall+1","Finger_Of_Death","Stop_Heart","Summon_Lich","Shackles_Of_Pain","Vampiric_Strike","Stop_Heart","Requiem","Negative_Energy_Mist","Slay_Living","Bone_Armor","Bone_Shift","Exploit"],"relics":["Vampire_Amulet","NeowsBlessing","Bag of Marbles","aspiration:TomeofQuesting","Blue Doll"],"acts_visited":["Exordium"],"potions_floor_usage":[],"damage_taken":[{"damage":0,"enemies":"Jaw Worm","floor":1,"turns":1},{"damage":0,"enemies":"Small Slimes","floor":3,"turns":1},{"damage":0,"enemies":"Gremlin Nob","floor":6,"turns":1},{"damage":25,"enemies":"3 Sentries","floor":8,"turns":6},{"damage":0,"enemies":"Cultist","floor":10,"turns":4},{"damage":11,"enemies":"3 Louse","floor":11,"turns":4},{"damage":4,"enemies":"Looter","floor":12,"turns":4},{"damage":27,"enemies":"Gremlin Gang","floor":13,"turns":7},{"damage":13,"enemies":"Lots of Slimes","floor":14,"turns":3},{"damage":77,"enemies":"Slime Boss","floor":16,"turns":13}],"seed_played":"850264806082684649","potions_obtained":[{"floor":3,"key":"SteroidPotion"},{"floor":10,"key":"Milkshake"},{"floor":11,"key":"Strength Potion"}],"is_trial":false,"path_per_floor":["M","?","M","?","$","E","R","E","T","M","M","M","M","M","R","B"],"character_chosen":"NECROMANCER","items_purchased":["Summon_Lich","Shackles_Of_Pain","Vampiric_Strike"],"campfire_rested":1,"item_purchase_floors":[5,5,5],"current_hp_per_floor":[75,80,80,80,80,80,80,63,63,65,62,62,45,42,66,0,0],"gold":221,"neow_bonus":"THREE_ENEMY_KILL","is_daily":false,"chose_seed":false,"campfire_upgraded":1,"win_rate":0.0,"timestamp":1608939295,"path_taken":["M","?","M","?","$","E","R","E","T","M","M","M","M","?","R","BOSS"],"items_purchased_type":["Card","Card","Card"],"build_version":"2020-12-22","purchased_purges":0,"victory":false,"max_hp_per_floor":[75,80,80,80,80,80,80,80,80,80,80,80,80,80,80,80,80],"card_choices":[{"not_picked":["Bone_Spikes","Pandemic"],"picked":"Finger_Of_Death","floor":1},{"not_picked":["Blood_Whip","Bone_Bullets"],"picked":"Stop_Heart","floor":3},{"not_picked":["Toxic_Smoke_Screen","Reap_The_Weak"],"picked":"Stop_Heart","floor":6},{"not_picked":["Acid_Javelin","Necromantic_Selection"],"picked":"Requiem","floor":8},{"not_picked":["Death_March_Dance","Epidemic"],"picked":"Negative_Energy_Mist","floor":10},{"not_picked":["Bone_Spikes","Finger_Of_Death"],"picked":"Slay_Living","floor":11},{"not_picked":["Whirlwind_of_Bones","Negative_Energy_Mist"],"picked":"Bone_Armor","floor":12},{"not_picked":["Flesh_Made_Foul","Blood_Is_Power"],"picked":"Bone_Shift","floor":13},{"not_picked":["Plague_Bolt","Blood_Shield"],"picked":"Exploit","floor":14}],"player_experience":222183,"relics_obtained":[{"floor":6,"key":"Bag of Marbles"},{"floor":8,"key":"aspiration:TomeofQuesting"},{"floor":9,"key":"Blue Doll"}],"event_choices":[{"damage_healed":0,"gold_gain":0,"player_choice":"Donut","damage_taken":0,"max_hp_gain":5,"max_hp_loss":0,"event_name":"Big Fish","floor":2,"gold_loss":0},{"damage_healed":0,"gold_gain":100,"player_choice":"Pray","damage_taken":0,"max_hp_gain":0,"max_hp_loss":0,"event_name":"Golden Shrine","floor":4,"gold_loss":0}],"is_beta":false,"boss_relics":[],"items_purged_floors":[],"is_endless":false,"potions_floor_spawned":[3,10,11],"killed_by":"Slime Boss","ascension_level":0}}