{"host":"pvafbce70weqvzks","time":1608937774,"event":{"mods":["BaseMod","Gremlin Mod","Hermit","Minty Spire (QoL Compilation)","StSLib","themimic"],"gold_per_floor":[110,124,140,160,176,208,208,208,231,231,246,58,71,71,71,167,167,181,201,24,40,59,59,72,72,72,72,82,93,110,130,130,130,130],"floor_reached":33,"playtime":2224,"items_purged":[],"score":257,"play_id":"a8527f9e-8920-4e50-866b-8c7762e83b52","local_time":"20201225200934","is_ascension_mode":false,"campfire_choices":[{"floor":7,"key":"REST"},{"floor":10,"key":"REST"},{"data":"Venomology","floor":15,"key":"SMITH"},{"floor":23,"key":"REST"},{"floor":27,"key":"REST"},{"floor":32,"key":"REST"}],"circlet_count":0,"master_deck":["Strike_G","Strike_G","Strike_G","Strike_G","Strike_G","Defend_G","Defend_G","Defend_G","Defend_G","Defend_G","Survivor","Neutralize","Bouncing Flask","Sucker Punch","Flying Knee","Dagger Spray","Outmaneuver","Deflect","Poisoned Stab","Venomology+1","Quick Slash","Envenom","Die Die Die","Slice","Blade Dance","Dagger Throw","Underhanded Strike+1","Slice","Deadly Poison","Backstab+1","Endless Agony","Sucker Punch"],"relics":["Ring of the Snake","NeowsBlessing","Eternal Feather","Boot","WristBlade","Potion Belt","Incense Burner"],"acts_visited":["Exordium","TheCity"],"potions_floor_usage":[13,16,16,16,18,18,19,19,19,21,21,21,22,22,24,28,28,28,30,33,33,33],"damage_taken":[{"damage":0,"enemies":"Small Slimes","floor":1,"turns":1},{"damage":0,"enemies":"2 Louse","floor":2,"turns":1},{"damage":0,"enemies":"Cultist","floor":3,"turns":1},{"damage":8,"enemies":"2 Fungi Beasts","floor":4,"turns":5},{"damage":8,"enemies":"Exordium Wildlife","floor":5,"turns":5},{"damage":38,"enemies":"3 Sentries","floor":6,"turns":8},{"damage":0,"enemies":"Blue Slaver","floor":11,"turns":3},{"damage":5,"enemies":"Lots of Slimes","floor":13,"turns":3},{"damage":30,"enemies":"Hexaghost","floor":16,"turns":10},{"damage":13,"enemies":"Spheric Guardian","floor":18,"turns":5},{"damage":3,"enemies":"Shell Parasite","floor":19,"turns":3},{"damage":18,"enemies":"Snake Plant","floor":21,"turns":3},{"damage":30,"enemies":"Centurion and Healer","floor":22,"turns":4},{"damage":29,"enemies":"Cultist and Chosen","floor":24,"turns":7},{"damage":11,"enemies":"Snecko","floor":28,"turns":5},{"damage":11,"enemies":"3 Cultists","floor":29,"turns":4},{"damage":21,"enemies":"Snake Plant","floor":30,"turns":3},{"damage":10,"enemies":"Snecko","floor":31,"turns":3},{"damage":54,"enemies":"Champ","floor":33,"turns":8}],"seed_played":"-3610996828158872713","potions_obtained":[{"floor":3,"key":"FearPotion"},{"floor":11,"key":"Explosive Potion"},{"floor":16,"key":"AttackPotion"},{"floor":19,"key":"Strength Potion"},{"floor":21,"key":"SneckoOil"},{"floor":22,"key":"SteroidPotion"},{"floor":25,"key":"Poison Potion"},{"floor":25,"key":"Block Potion"},{"floor":25,"key":"EssenceOfSteel"},{"floor":28,"key":"SneckoOil"}],"is_trial":false,"path_per_floor":["M","M","M","M","M","E","R","?","T","R","M","$","M","?","R","B",null,"M","M","$","M","M","R","M","?","T","R","M","M","M","M","R","B"],"character_chosen":"THE_SILENT","items_purchased":["Venomology","Quick Slash","Potion Belt","Dagger Throw"],"campfire_rested":5,"item_purchase_floors":[12,12,20,20],"current_hp_per_floor":[70,70,70,62,54,16,46,46,46,70,70,70,65,65,70,40,70,57,54,54,36,18,54,25,25,25,61,50,39,18,8,47,0,0],"gold":130,"neow_bonus":"THREE_ENEMY_KILL","is_daily":false,"chose_seed":false,"campfire_upgraded":1,"win_rate":0.0,"timestamp":1608937774,"path_taken":["M","M","M","M","M","E","R","?","T","R","M","$","M","?","R","BOSS","M","M","$","M","M","R","M","?","T","R","?","M","M","M","R","BOSS"],"items_purchased_type":["Card","Card","Relic","Card"],"build_version":"2020-12-22","purchased_purges":0,"victory":false,"max_hp_per_floor":[70,70,70,70,70,70,70,70,70,70,70,70,70,70,70,70,70,70,70,70,70,70,70,70,70,70,70,70,70,70,70,70,70,70],"card_choices":[{"not_picked":["Acrobatics","Tactician"],"picked":"Bouncing Flask","floor":1},{"not_picked":["Underhanded Strike","Leg Sweep"],"picked":"Sucker Punch","floor":2},{"not_picked":["Blur","Deadly Poison"],"picked":"Flying Knee","floor":3},{"not_picked":["Quick Slash","Outmaneuver"],"picked":"Dagger Spray","floor":4},{"not_picked":["Dagger Throw","Prepared"],"picked":"Outmaneuver","floor":5},{"not_picked":["Underhanded Strike","Dagger Throw"],"picked":"Deflect","floor":6},{"not_picked":["Slice","Skewer"],"picked":"Poisoned Stab","floor":11},{"not_picked":["Outmaneuver","Sucker Punch"],"picked":"Envenom","floor":13},{"not_picked":["Malaise","Phantasmal Killer"],"picked":"Die Die Die","floor":16},{"not_picked":["Poisoned Stab","Reflex"],"picked":"Slice","floor":18},{"not_picked":["Bouncing Flask","Dagger Spray"],"picked":"Blade Dance","floor":19},{"not_picked":["Outmaneuver+1","Slice"],"picked":"Underhanded Strike+1","floor":21},{"not_picked":["Dagger Spray+1","Underhanded Strike"],"picked":"Slice","floor":22},{"not_picked":["Sucker Punch","Backflip"],"picked":"Deadly Poison","floor":24},{"not_picked":["Endless Agony+1","Calculated Gamble+1"],"picked":"Backstab+1","floor":28},{"not_picked":["Sucker Punch","Dagger Throw","Outmaneuver"],"picked":"SKIP","floor":29},{"not_picked":["Dagger Spray","Eviscerate"],"picked":"Endless Agony","floor":30},{"not_picked":["Eviscerate","Dagger Throw"],"picked":"Sucker Punch","floor":31}],"player_experience":1814,"relics_obtained":[{"floor":6,"key":"Eternal Feather"},{"floor":9,"key":"Boot"},{"floor":26,"key":"Incense Burner"}],"event_choices":[{"damage_healed":0,"gold_gain":0,"player_choice":"Ignored","damage_taken":0,"max_hp_gain":0,"max_hp_loss":0,"event_name":"Liars Game","floor":8,"gold_loss":0},{"damage_healed":0,"gold_gain":0,"player_choice":"Leave","damage_taken":0,"max_hp_gain":0,"max_hp_loss":0,"event_name":"The Cleric","floor":14,"gold_loss":0},{"damage_healed":0,"gold_gain":0,"player_choice":"Got Potions","damage_taken":0,"max_hp_gain":0,"max_hp_loss":0,"event_name":"Lab","floor":25,"gold_loss":0}],"is_beta":false,"boss_relics":[{"not_picked":["Ring of the Serpent","Cursed Key"],"picked":"WristBlade"}],"items_purged_floors":[],"is_endless":false,"potions_floor_spawned":[3,11,16,19,21,22,28],"killed_by":"Champ","ascension_level":0}}