{"host":"6to8m083wj0ro91z","time":1608891397,"event":{"mods":["BaseMod","Better Third Choice","BetterRewards","CatGirl Mod","Friendly Minions","Hubris","Mad Scientist","Marisa????????","Minty Spire (QoL Compilation)","Shade Mod","Spicy Shops","StSLib","The Blackbeard","The Death Knight","The Gatherer","The Marked","The Mystic","The Necromancer","The Servant 0.9.4","TheVacant"],"gold_per_floor":[114,114,124,74,74,74,106,106,106,118,130,130,247,37,37,134,134,154,154,166,1,21,47,60,60,60,91,107,107,138,138,138,234,234,254,254,254,271,288,288,315,328,354,371,371,207,219,231,231,231,231,231,8,35,35],"floor_reached":56,"playtime":2815,"items_purged":["theMarked:Strike","theMarked:Strike","theMarked:Strike","theMarked:Strike","theMarked:Defend"],"score":1664,"play_id":"ad685738-2e2f-4f30-b7f8-6233f064a4f7","local_time":"20201225111637","is_ascension_mode":false,"campfire_choices":[{"data":"theMarked:SoldierOfQuellstein","floor":6.0,"key":"SMITH"},{"floor":12.0,"key":"REST"},{"data":"theMarked:Polarize","floor":15.0,"key":"SMITH"},{"data":"theMarked:Aftermath","floor":25.0,"key":"SMITH"},{"data":"theMarked:FavorableWinds","floor":29.0,"key":"SMITH"},{"floor":32.0,"key":"RECALL"},{"data":"1","floor":40,"key":"LIFT"},{"data":"2","floor":45,"key":"LIFT"},{"data":"3","floor":49,"key":"LIFT"},{"data":"theMarked:Defend","floor":52,"key":"SMITH"}],"circlet_count":0,"master_deck":["theMarked:Defend","theMarked:Defend+1","theMarked:SoldierOfQuellstein+1","theMarked:ChainLightning","theMarked:Aftermath+1","theMarked:SuspiciousRaven","theMarked:Polarize+1","theMarked:FavorableWinds+1","theMarked:EmpowerWeapon+1","theMarked:Opportunist","theMarked:Parkour+1","theMarked:MaelstromOfLightning+1","theMarked:WardOff+1","theMarked:Challenge+1","Dark Shackles+1"],"relics":["theMarked:ArtifactOfAir","Mummified Hand","Oddly Smooth Stone","Pen Nib","Membership Card","theMarked:Gun","hubris:Icosahedron","hubris:Spice","HornCleat","Lee\u0027s Waffle","Black Star","Toxic Egg 2","Girya","Unceasing Top","DeathKnight:PutricidesVial","Bottled Lightning","Orichalcum","Anchor","hubris:Towel","InkBottle","Anchor","Toolbox","Turnip","Sundial","hubris:Potato"],"acts_visited":["Exordium","TheCity","TheBeyond","TheEnding"],"potions_floor_usage":[55,55,55],"damage_taken":[{"damage":0.0,"enemies":"2 Louse","floor":1.0,"turns":2.0},{"damage":0.0,"enemies":"Small Slimes","floor":3.0,"turns":3.0},{"damage":21.0,"enemies":"Lagavulin","floor":7.0,"turns":5.0},{"damage":0.0,"enemies":"Cultist","floor":10.0,"turns":4.0},{"damage":4.0,"enemies":"Large Slime","floor":11.0,"turns":4.0},{"damage":9.0,"enemies":"Exordium Thugs","floor":13.0,"turns":2.0},{"damage":0.0,"enemies":"Slime Boss","floor":16.0,"turns":4.0},{"damage":0.0,"enemies":"Shell Parasite","floor":18.0,"turns":3.0},{"damage":7.0,"enemies":"2 Thieves","floor":20.0,"turns":2.0},{"damage":0.0,"enemies":"Sentry and Sphere","floor":22.0,"turns":3.0},{"damage":0.0,"enemies":"Gremlin Leader","floor":23.0,"turns":3.0},{"damage":0.0,"enemies":"Snake Plant","floor":24.0,"turns":3.0},{"damage":0.0,"enemies":"Book of Stabbing","floor":27.0,"turns":3.0},{"damage":0.0,"enemies":"Centurion and Healer","floor":28.0,"turns":2.0},{"damage":1.0,"enemies":"Gremlin Leader","floor":30.0,"turns":3.0},{"damage":0.0,"enemies":"Collector","floor":33.0,"turns":3.0},{"damage":0,"enemies":"3 Darklings","floor":35,"turns":3},{"damage":0,"enemies":"Orb Walker","floor":38,"turns":2},{"damage":0,"enemies":"Maw","floor":39,"turns":5},{"damage":0,"enemies":"Reptomancer","floor":41,"turns":3},{"damage":0,"enemies":"Spire Growth","floor":42,"turns":3},{"damage":0,"enemies":"3 Darklings","floor":44,"turns":2},{"damage":0,"enemies":"Sphere and 2 Shapes","floor":47,"turns":2},{"damage":0,"enemies":"Writhing Mass","floor":48,"turns":2},{"damage":0,"enemies":"Awakened One","floor":50,"turns":4},{"damage":0,"enemies":"Shield and Spear","floor":54,"turns":2},{"damage":14,"enemies":"The Heart","floor":55,"turns":5}],"seed_played":"1116521238617091665","potions_obtained":[{"floor":7.0,"key":"Swift Potion"},{"floor":11.0,"key":"Block Potion"},{"floor":16.0,"key":"Regen Potion"},{"floor":22.0,"key":"PowerPotion"},{"floor":23.0,"key":"SkillPotion"}],"is_trial":false,"path_per_floor":["M","?","M","?","?","R","E","?","T","M","M","R","M","$","R","B",null,"M","?","M","$","M","E","M","R","T","E","M","R","E","?","R","B",null,"M","?","?","M","M","R","E","M","T","M","R","$","M","M","R","B",null,"R","$","E","B",null],"character_chosen":"THE_DEFAULT","items_purchased":["Mummified Hand","Oddly Smooth Stone","Pen Nib","Membership Card","theMarked:ChainLightning","SpeedPotion","Lee\u0027s Waffle","Toxic Egg 2","theMarked:MaelstromOfLightning+1","Toolbox","Turnip","DuplicationPotion","Dark Shackles+1"],"campfire_rested":1,"item_purchase_floors":[0,0,0,0,0,0,14,21,21,46,53,53,53],"current_hp_per_floor":[38,26,26,26,26,26,13,13,13,13,9,32,23,85,85,85,85,85,85,78,78,78,78,78,78,78,86,86,86,85,77,77,77,85,85,85,85,77,77,77,69,69,69,69,69,69,69,69,69,69,69,69,69,69,55],"gold":35,"neow_bonus":"","is_daily":false,"chose_seed":false,"campfire_upgraded":5,"win_rate":0.0,"timestamp":1608891397,"path_taken":["M","?","M","?","?","R","E","?","T","?","M","R","M","$","R","BOSS","M","?","?","$","M","E","M","R","T","E","M","R","E","?","R","BOSS","M","?","?","M","M","R","E","?","T","M","R","$","M","M","R","BOSS","R","$","E","BOSS"],"items_purchased_type":["Relic","Relic","Relic","Relic","Card","Potion","Relic","Relic","Card","Relic","Relic","Potion","Card"],"build_version":"2020-12-22","purchased_purges":5,"victory":true,"max_hp_per_floor":[70,70,70,70,70,70,78,78,78,78,78,78,78,85,85,85,85,85,85,85,85,85,85,85,85,85,93,93,93,85,85,85,85,85,85,85,85,77,77,77,69,69,69,69,69,69,69,69,69,69,69,69,69,69,69],"card_choices":[{"not_picked":["theMarked:RepellingDischarge","theMarked:PowerFlow","theMarked:Parkour"],"picked":"SKIP","floor":1.0},{"not_picked":["theMarked:WardOff","theMarked:TunnelVision"],"picked":"theMarked:Aftermath","floor":3.0},{"not_picked":["theMarked:BanishingStrike","theMarked:Opportunist"],"picked":"theMarked:SuspiciousRaven","floor":7.0},{"not_picked":["theMarked:Overcharge","theMarked:Static"],"picked":"theMarked:Polarize","floor":10.0},{"not_picked":["theMarked:TwofoldDefense","theMarked:SwordAndMagic","theMarked:BanishingStrike"],"picked":"SKIP","floor":11.0},{"not_picked":["theMarked:LightningStrikesTwice","theMarked:Improvise","theMarked:RepellingDischarge"],"picked":"SKIP","floor":13.0},{"not_picked":["theMarked:EternalStudent","theMarked:SummonStrength"],"picked":"theMarked:FavorableWinds","floor":16.0},{"not_picked":["theMarked:Improvise","theMarked:Aftermath"],"picked":"theMarked:EmpowerWeapon+1","floor":18.0},{"not_picked":["theMarked:ResourceFulStrike","theMarked:BanishingStrike"],"picked":"theMarked:Parkour+1","floor":20.0},{"not_picked":["theMarked:SelfDefenseTraining","theMarked:ChainLightning+1","theMarked:ChannelForce+1"],"picked":"SKIP","floor":22.0},{"not_picked":["theMarked:SelfDefenseTraining","theMarked:ChainLightning+1","theMarked:ChannelForce+1"],"picked":"SKIP","floor":22.0},{"not_picked":["theMarked:ResourceFulStrike","theMarked:RogueSparks+1"],"picked":"theMarked:WardOff+1","floor":23.0},{"not_picked":["theMarked:LightningStrikesTwice+1","theMarked:BanishingStrike","theMarked:ContemptForTheProud"],"picked":"SKIP","floor":24.0},{"not_picked":["theMarked:HeightenedSenses+1","theMarked:Static+1","theMarked:Opportunist"],"picked":"SKIP","floor":27.0},{"not_picked":["theMarked:Improvise+1","theMarked:Parkour+1","theMarked:TwofoldDefense+1"],"picked":"SKIP","floor":28.0},{"not_picked":["theMarked:TakeOffHeels+1","theMarked:Defy","theMarked:Static+1"],"picked":"SKIP","floor":30.0},{"not_picked":["theMarked:FavorableWinds+1","theMarked:TurnInvisible+1"],"picked":"theMarked:Challenge+1","floor":33.0},{"not_picked":["theMarked:Frustration+1","theMarked:SelfDefenseTraining+1","theMarked:Improvise+1"],"picked":"SKIP","floor":35},{"not_picked":["hubris:SpiceAddiction","theMarked:ResourceFulStrike+1"],"picked":"hubris:SpiceAddiction","floor":38},{"not_picked":["theMarked:WardOff+1","theMarked:Aftermath+1","hubris:SpiceAddiction"],"picked":"SKIP","floor":39},{"not_picked":["theMarked:HeritageOfTheMarked","theMarked:BanishingStrike","theMarked:Snap"],"picked":"SKIP","floor":41},{"not_picked":["theMarked:TunnelVision","theMarked:Reabsorb+1","hubris:SpiceAddiction"],"picked":"SKIP","floor":42},{"not_picked":["theMarked:RepellingDischarge+1","hubris:SpiceAddiction","theMarked:Electrocute+1"],"picked":"SKIP","floor":44},{"not_picked":["theMarked:EmpowerWeapon+1","hubris:SpiceAddiction","theMarked:Aftermath+1"],"picked":"SKIP","floor":47},{"not_picked":["theMarked:Frustration+1","theMarked:DispelDoubt","theMarked:LightningStrikesTwice"],"picked":"SKIP","floor":48},{"not_picked":["theMarked:Convert+1","theMarked:Electrocute","theMarked:ElectricStrings"],"picked":"SKIP","floor":54}],"player_experience":1029309,"relics_obtained":[{"floor":7.0,"key":"hubris:Spice"},{"floor":23.0,"key":"Girya"},{"floor":23.0,"key":"Unceasing Top"},{"floor":26.0,"key":"DeathKnight:PutricidesVial"},{"floor":27.0,"key":"hubris:Spice"},{"floor":27.0,"key":"Bottled Lightning"},{"floor":30.0,"key":"Orichalcum"},{"floor":30.0,"key":"hubris:Spice"},{"floor":41,"key":"InkBottle"},{"floor":41,"key":"hubris:Spice"},{"floor":43,"key":"Anchor"},{"floor":54,"key":"Sundial"},{"floor":54,"key":"hubris:Potato"}],"event_choices":[{"damage_healed":0.0,"max_hp_gain":0.0,"max_hp_loss":0.0,"gold_gain":0.0,"event_name":"betterThird:BetterScrap","player_choice":"Relic ","floor":2.0,"gold_loss":0.0,"damage_taken":12.0,"cards_obtained":["Offering"]},{"cards_removed":["theMarked:Strike"],"damage_healed":0.0,"max_hp_gain":0.0,"max_hp_loss":0.0,"gold_gain":0.0,"event_name":"The Cleric","player_choice":"Card Removal","floor":4.0,"gold_loss":50.0,"damage_taken":0.0},{"damage_healed":0.0,"max_hp_gain":0.0,"max_hp_loss":0.0,"gold_gain":0.0,"event_name":"WeMeetAgain","player_choice":"Gave Potion","floor":8.0,"gold_loss":0.0,"damage_taken":0.0,"relics_obtained":["HornCleat"]},{"damage_healed":0.0,"max_hp_gain":0.0,"max_hp_loss":0.0,"gold_gain":0.0,"cards_transformed":["theMarked:Defend"],"event_name":"Transmorgrifier","player_choice":"Transformed","floor":19.0,"gold_loss":0.0,"damage_taken":0.0,"cards_obtained":["theMarked:Opportunist"]},{"damage_healed":0.0,"max_hp_gain":0.0,"max_hp_loss":0.0,"gold_gain":0.0,"event_name":"blackbeard:ShipwreckEvent","player_choice":"Anchor","floor":31.0,"gold_loss":0.0,"damage_taken":0.0,"relics_obtained":["Anchor"]},{"damage_healed":0,"gold_gain":0,"player_choice":"Bought 0 Potions","damage_taken":0,"max_hp_gain":0,"max_hp_loss":0,"event_name":"The Woman in Blue","floor":37,"gold_loss":0}],"is_beta":false,"boss_relics":[{"not_picked":["Philosopher\u0027s Stone","hubris:Backtick"],"picked":"Black Star"},{"not_picked":["hubris:Spice","hubris:Spice","Runic Dome"]}],"items_purged_floors":[0,0,14,14,46],"is_endless":false,"potions_floor_spawned":[7,11,13,16,22,23,27,28,33,39,42,44,47,48,54],"ascension_level":0}}