{"host":"vyt5ne9ydo1z9gg1","time":1608868363,"event":{"mods":["BaseMod","Curses Come First","GifTheSpireLib","Minty Spire (QoL Compilation)","StSLib"],"gold_per_floor":[115,133,148,166,178,213,213,247,273,302,320,320,333,396,396,494,494,514,564,582,594,605,605,670,695,695,695,724,724,735,428,428,528,528,548,566,583,647,697,697,300,300,374,424,453,453,471,503,503,503,503,503,384,418,418,418],"floor_reached":55,"playtime":4582,"items_purged":["Brutality"],"score":1066,"play_id":"c9d44b1f-7bf0-4a1f-9942-3e0e167b9f2c","local_time":"20201225145243","is_ascension_mode":true,"campfire_choices":[{"floor":7.0,"key":"REST"},{"floor":15.0,"key":"REST"},{"floor":23.0,"key":"REST"},{"floor":27.0,"key":"REST"},{"floor":29,"key":"REST"},{"floor":32,"key":"REST"},{"floor":40,"key":"REST"},{"floor":42,"key":"RECALL"},{"data":"Limit Break","floor":46,"key":"SMITH"},{"floor":49,"key":"REST"},{"floor":52,"key":"REST"}],"circlet_count":0,"master_deck":["Bash","Feed","Offering","Intimidate","Infernal Blade","Seeing Red","Reaper","Flex","Shrug It Off","Disarm","Flame Barrier","Feed","Exhume","Dual Wield","Pommel Strike","Twin Strike","Immolate","Uppercut+1","Combust+1","Rage+1","Battle Trance","Whirlwind","Blood for Blood+1","Ghostly Armor","Double Tap","Shrug It Off+1","Feed","Armaments+1","Thunderclap","Demon Form","Limit Break+1","Shrug It Off","Shrug It Off"],"relics":["Pandora\u0027s Box","Thread and Needle","Pantograph","Anchor","Strawberry","SsserpentHead","Astrolabe","Art of War","Nunchaku","Tiny Chest","TheAbacus","Velvet Choker","Blood Vial","Orichalcum","Bottled Flame","Red Skull","Ginger","Sundial","Bag of Preparation"],"acts_visited":["Exordium","TheCity","TheBeyond","TheEnding"],"potions_floor_usage":[33,33,38,50,55,55,55],"damage_taken":[{"damage":4.0,"enemies":"2 Louse","floor":1.0,"turns":2.0},{"damage":7.0,"enemies":"Cultist","floor":2.0,"turns":2.0},{"damage":7.0,"enemies":"Jaw Worm","floor":3.0,"turns":3.0},{"damage":27.0,"enemies":"Gremlin Gang","floor":4.0,"turns":4.0},{"damage":22.0,"enemies":"Lots of Slimes","floor":5.0,"turns":4.0},{"damage":28.0,"enemies":"Gremlin Nob","floor":6.0,"turns":4.0},{"damage":33.0,"enemies":"3 Sentries","floor":8.0,"turns":8.0},{"damage":24.0,"enemies":"Gremlin Nob","floor":10.0,"turns":3.0},{"damage":6.0,"enemies":"Blue Slaver","floor":11.0,"turns":2.0},{"damage":6.0,"enemies":"Exordium Thugs","floor":13.0,"turns":4.0},{"damage":18.0,"enemies":"Lots of Slimes","floor":14.0,"turns":3.0},{"damage":55.0,"enemies":"The Guardian","floor":16.0,"turns":11.0},{"damage":26.0,"enemies":"3 Byrds","floor":18.0,"turns":4.0},{"damage":14.0,"enemies":"Spheric Guardian","floor":20.0,"turns":4.0},{"damage":32.0,"enemies":"Cultist and Chosen","floor":21.0,"turns":7.0},{"damage":83.0,"enemies":"Chosen and Byrds","floor":22.0,"turns":7.0},{"damage":17.0,"enemies":"Snake Plant","floor":24.0,"turns":5.0},{"damage":24.0,"enemies":"Book of Stabbing","floor":25.0,"turns":5.0},{"damage":51,"enemies":"Gremlin Leader","floor":28,"turns":7},{"damage":46,"enemies":"Cultist and Chosen","floor":30,"turns":7},{"damage":48,"enemies":"Collector","floor":33,"turns":8},{"damage":55,"enemies":"3 Shapes","floor":35,"turns":9},{"damage":13,"enemies":"Orb Walker","floor":36,"turns":4},{"damage":53,"enemies":"Transient","floor":37,"turns":5},{"damage":19,"enemies":"Jaw Worm Horde","floor":38,"turns":5},{"damage":45,"enemies":"Reptomancer","floor":45,"turns":5},{"damage":74,"enemies":"4 Shapes","floor":47,"turns":4},{"damage":47,"enemies":"Nemesis","floor":48,"turns":7},{"damage":87,"enemies":"Donu and Deca","floor":50,"turns":8},{"damage":202,"enemies":"Shield and Spear","floor":54,"turns":8},{"damage":50,"enemies":"The Heart","floor":55,"turns":3}],"seed_played":"-8023029309976005302","potions_obtained":[{"floor":3.0,"key":"Explosive Potion"},{"floor":6.0,"key":"SkillPotion"},{"floor":10.0,"key":"PowerPotion"},{"floor":13.0,"key":"BlessingOfTheForge"},{"floor":14.0,"key":"CultistPotion"},{"floor":30,"key":"Weak Potion"},{"floor":33,"key":"Dexterity Potion"},{"floor":35,"key":"Block Potion"},{"floor":38,"key":"ElixirPotion"},{"floor":45,"key":"CultistPotion"}],"is_trial":false,"path_per_floor":["M","M","M","M","M","E","R","E","T","E","M","?","M","M","R","B",null,"M","?","M","M","M","R","M","E","T","R","E","R","M","$","R","B",null,"M","M","M","M","?","R","$","R","T","T","E","R","M","E","R","B",null,"R","$","E","B"],"character_chosen":"IRONCLAD","items_purchased":["Tiny Chest","TheAbacus","Blood Vial","Orichalcum","Demon Form","LiquidBronze","Shrug It Off"],"campfire_rested":9,"item_purchase_floors":[31,31,41,41,41,53,53],"current_hp_per_floor":[71,73,75,63,55,39,68,62,62,54,51,51,54,57,97,74,122,105,105,94,72,4,50,37,13,13,59,15,62,23,23,71,60,139,105,99,50,60,60,115,115,115,115,115,111,111,68,23,83,30,163,207,207,10,0,0],"gold":418,"neow_bonus":"BOSS_RELIC","is_daily":false,"chose_seed":false,"campfire_upgraded":1,"win_rate":0.0,"timestamp":1608868363,"path_taken":["M","M","M","M","M","E","R","E","T","E","M","?","M","?","R","BOSS","M","?","M","M","M","R","?","E","T","R","E","R","M","$","R","BOSS","M","M","M","?","?","R","?","R","T","?","E","R","M","E","R","BOSS","R","$","E","BOSS"],"items_purchased_type":["Relic","Relic","Relic","Relic","Card","Potion","Card"],"build_version":"2020-12-22","purchased_purges":1,"victory":false,"max_hp_per_floor":[83,86,89,92,95,98,98,107,107,117,120,120,126,135,135,138,138,141,141,144,150,156,156,156,156,156,156,159,159,162,162,162,165,165,174,177,177,184,184,184,184,184,184,184,187,187,200,200,200,207,207,207,207,207,207,207],"card_choices":[{"not_picked":["Spot Weakness","Clash"],"picked":"True Grit","floor":1.0},{"not_picked":["Sever Soul","Havoc"],"picked":"Shrug It Off","floor":2.0},{"not_picked":["Fire Breathing","Sword Boomerang"],"picked":"Disarm","floor":3.0},{"not_picked":["Dark Embrace","Power Through"],"picked":"Flame Barrier","floor":4.0},{"not_picked":["Havoc","Clothesline"],"picked":"Feed","floor":5.0},{"not_picked":["Flex","Thunderclap"],"picked":"Exhume","floor":6.0},{"not_picked":["Clothesline","Clash"],"picked":"Sword Boomerang","floor":8.0},{"not_picked":["Burning Pact","Uppercut"],"picked":"Dual Wield","floor":10.0},{"not_picked":["Havoc","Sever Soul"],"picked":"Pommel Strike","floor":11.0},{"not_picked":["Perfected Strike","Heavy Blade"],"picked":"Sword Boomerang","floor":13.0},{"not_picked":["Clash","Clothesline"],"picked":"Twin Strike","floor":14.0},{"not_picked":["Corruption","Exhume"],"picked":"Immolate","floor":16.0},{"not_picked":["Second Wind+1","Sever Soul"],"picked":"Battle Trance","floor":18.0},{"not_picked":["Anger+1","True Grit"],"picked":"Blood for Blood+1","floor":20.0},{"not_picked":["Iron Wave+1","Clothesline","Flex"],"picked":"SKIP","floor":21.0},{"not_picked":["Wild Strike+1","Reckless Charge"],"picked":"Ghostly Armor","floor":22.0},{"not_picked":["Clothesline","Wild Strike","Dropkick"],"picked":"SKIP","floor":24.0},{"not_picked":["Dark Embrace+1","Iron Wave+1"],"picked":"Double Tap","floor":25.0},{"not_picked":["Fiend Fire","Anger","Uppercut"],"picked":"SKIP","floor":28},{"not_picked":["Hemokinesis+1","Dual Wield"],"picked":"Shrug It Off+1","floor":30},{"not_picked":["Exhume","Brutality"],"picked":"Feed","floor":33},{"not_picked":["Perfected Strike+1","Thunderclap+1"],"picked":"Armaments+1","floor":35},{"not_picked":["Heavy Blade","Anger+1"],"picked":"Thunderclap","floor":36},{"not_picked":["Clash","Disarm","Pummel+1"],"picked":"SKIP","floor":37},{"not_picked":["Spot Weakness","Pommel Strike","True Grit+1"],"picked":"SKIP","floor":38},{"not_picked":["Perfected Strike","Entrench"],"picked":"Limit Break","floor":45},{"not_picked":["Iron Wave+1","Perfected Strike","Sword Boomerang+1"],"picked":"SKIP","floor":47},{"not_picked":["Immolate","Rage+1","Dark Embrace+1"],"picked":"SKIP","floor":48},{"not_picked":["Headbutt","Perfected Strike"],"picked":"Shrug It Off","floor":54}],"player_experience":168265,"relics_obtained":[{"floor":6.0,"key":"Thread and Needle"},{"floor":8.0,"key":"Pantograph"},{"floor":9.0,"key":"Anchor"},{"floor":10.0,"key":"Strawberry"},{"floor":25.0,"key":"Art of War"},{"floor":28,"key":"Nunchaku"},{"floor":43,"key":"Bottled Flame"},{"floor":44,"key":"Red Skull"},{"floor":45,"key":"Ginger"},{"floor":48,"key":"Sundial"},{"floor":54,"key":"Bag of Preparation"}],"event_choices":[{"damage_healed":0.0,"max_hp_gain":0.0,"max_hp_loss":0.0,"gold_gain":0.0,"event_name":"FaceTrader","player_choice":"Trade","floor":12.0,"gold_loss":0.0,"damage_taken":0.0,"relics_obtained":["SsserpentHead"]},{"damage_healed":0.0,"max_hp_gain":0.0,"max_hp_loss":0.0,"gold_gain":0.0,"cards_transformed":["Sword Boomerang"],"event_name":"Transmorgrifier","player_choice":"Transformed","floor":19.0,"gold_loss":0.0,"damage_taken":0.0,"cards_obtained":["Whirlwind"]},{"damage_healed":0,"gold_gain":0,"player_choice":"Ignored","damage_taken":0,"max_hp_gain":0,"max_hp_loss":0,"event_name":"Tomb of Lord Red Mask","floor":39,"gold_loss":0}],"is_beta":false,"boss_relics":[{"not_picked":["Tiny House","Runic Pyramid"],"picked":"Astrolabe"},{"not_picked":["Calling Bell","Black Star"],"picked":"Velvet Choker"}],"items_purged_floors":[41],"is_endless":false,"potions_floor_spawned":[3,6,10,13,14,18,21,30,33,35,38,45,48],"killed_by":"The Heart","ascension_level":6}}