{"host":"agbyy69nq62afhwx","time":1608922363,"event":{"mods":["BaseMod","Colored Map","DeckTracker","Highlight Path","Keyboard Shortcuts","Minty Spire (QoL Compilation)","Quick Restart","StSLib","SuperFastMode","everything is the same but u backflip on backflip"],"gold_per_floor":[111,122,142,142,161,194,194,223,223,223,233,233,251,269,269,364,364,374,147,166,166,166],"floor_reached":21,"playtime":617,"items_purged":["Defend_B"],"score":261,"play_id":"07e7503d-4fb6-451c-b90f-b843204d7664","local_time":"20201226035243","is_ascension_mode":true,"campfire_choices":[{"floor":7.0,"key":"REST"},{"floor":10.0,"key":"REST"},{"data":"Defragment","floor":12.0,"key":"SMITH"},{"data":"Loop","floor":15.0,"key":"SMITH"}],"circlet_count":0,"master_deck":["Strike_B","Strike_B","Defend_B","Defend_B","Zap","Dualcast","Hologram","Defragment+1","Chaos","Conserve Battery","Loop+1","Ball Lightning","Creative AI"],"relics":["Cracked Core","Du-Vu Doll","Anchor","Strawberry","Empty Cage","Runic Capacitor"],"acts_visited":["Exordium","TheCity"],"potions_floor_usage":[21,21],"damage_taken":[{"damage":5.0,"enemies":"Small Slimes","floor":1.0,"turns":2.0},{"damage":1.0,"enemies":"Cultist","floor":2.0,"turns":3.0},{"damage":2.0,"enemies":"Jaw Worm","floor":3.0,"turns":3.0},{"damage":27.0,"enemies":"Exordium Thugs","floor":5.0,"turns":5.0},{"damage":27.0,"enemies":"Lagavulin","floor":6.0,"turns":6.0},{"damage":27.0,"enemies":"3 Sentries","floor":8.0,"turns":10.0},{"damage":4.0,"enemies":"Blue Slaver","floor":11.0,"turns":4.0},{"damage":0.0,"enemies":"Looter","floor":13.0,"turns":4.0},{"damage":6.0,"enemies":"Exordium Thugs","floor":14.0,"turns":6.0},{"damage":8.0,"enemies":"Slime Boss","floor":16.0,"turns":9.0},{"damage":42.0,"enemies":"2 Thieves","floor":18.0,"turns":4.0},{"damage":18.0,"enemies":"Spheric Guardian","floor":20.0,"turns":4.0},{"damage":21,"enemies":"Chosen and Byrds","floor":21,"turns":5}],"seed_played":"-672845636766836661","potions_obtained":[{"floor":3.0,"key":"ColorlessPotion"},{"floor":8.0,"key":"FearPotion"},{"floor":11.0,"key":"ColorlessPotion"},{"floor":18.0,"key":"Explosive Potion"},{"floor":20.0,"key":"Block Potion"}],"is_trial":false,"path_per_floor":["M","M","M","?","M","E","R","E","T","R","M","R","M","M","R","B",null,"M","$","M","M"],"character_chosen":"DEFECT","items_purchased":["Runic Capacitor"],"campfire_rested":2,"item_purchase_floors":[19],"current_hp_per_floor":[70,69,67,67,40,13,37,10,17,43,39,39,39,33,33,25,73,31,31,13,0,0],"gold":166,"neow_bonus":"TEN_PERCENT_HP_BONUS","is_daily":false,"chose_seed":false,"campfire_upgraded":2,"win_rate":0.0,"timestamp":1608922363,"path_taken":["M","M","M","?","M","E","R","E","T","R","M","R","M","M","R","BOSS","M","$","M","M"],"items_purchased_type":["Relic"],"build_version":"2020-12-22","purchased_purges":1,"victory":false,"max_hp_per_floor":[82,82,82,82,82,82,82,82,89,89,89,89,89,89,89,89,89,89,89,89,89,89],"card_choices":[{"not_picked":["Barrage","Steam Power"],"picked":"Hologram","floor":1.0},{"not_picked":["Skim","Rebound"],"picked":"Defragment","floor":2.0},{"not_picked":["Scrape","Coolheaded"],"picked":"Chaos","floor":3.0},{"not_picked":["Turbo","Beam Cell"],"picked":"Conserve Battery","floor":5.0},{"not_picked":["Melter","Reprogram","Rebound"],"picked":"SKIP","floor":6.0},{"not_picked":["Steam","Streamline","Sweeping Beam"],"picked":"SKIP","floor":8.0},{"not_picked":["Capacitor","Hologram"],"picked":"Loop","floor":11.0},{"not_picked":["Consume","Streamline","Stack"],"picked":"SKIP","floor":13.0},{"not_picked":["Go for the Eyes","Gash"],"picked":"Ball Lightning","floor":14.0},{"not_picked":["Biased Cognition","Rainbow"],"picked":"Creative AI","floor":16.0},{"not_picked":["Aggregate","Static Discharge","Rebound"],"picked":"SKIP","floor":18.0},{"not_picked":["Barrage","Recycle","Beam Cell"],"picked":"SKIP","floor":20.0}],"player_experience":378402,"relics_obtained":[{"floor":6.0,"key":"Du-Vu Doll"},{"floor":8.0,"key":"Anchor"},{"floor":9.0,"key":"Strawberry"}],"event_choices":[{"cards_removed":["Strike_B"],"damage_healed":0.0,"max_hp_gain":0.0,"max_hp_loss":0.0,"gold_gain":0.0,"event_name":"Purifier","player_choice":"Purged","floor":4.0,"gold_loss":0.0,"damage_taken":0.0}],"is_beta":false,"boss_relics":[{"not_picked":["Busted Crown","Fusion Hammer"],"picked":"Empty Cage"}],"items_purged_floors":[19],"is_endless":false,"potions_floor_spawned":[3,8,11,14,18,20],"killed_by":"Chosen and Byrds","ascension_level":7}}