{"host":"wkq136ike0ligh15","time":1608869835,"event":{"mods":["Bard","BaseMod","Clockwork Mod","Minty Spire (QoL Compilation)","StSLib"],"gold_per_floor":[119,138,152,9,22,48,48,61,110,110,182,182,15,15,15,15,15],"floor_reached":16,"playtime":337,"items_purged":[],"score":100,"play_id":"0d94940f-0f56-4e67-967d-69ae7732389f","local_time":"20201224231715","is_ascension_mode":false,"campfire_choices":[{"floor":7,"key":"RECALL"},{"floor":10,"key":"REST"},{"floor":15,"key":"REST"}],"circlet_count":0,"master_deck":["Strike_G","Strike_G","Strike_G","Strike_G","Strike_G+1","Defend_G","Defend_G","Defend_G","Defend_G","Defend_G","Survivor","Neutralize+1","Slice","Cloak And Dagger","Die Die Die","Choke","PiercingWail","Poisoned Stab","Infinite Blades","Dagger Spray"],"relics":["Ring of the Snake","Whetstone","Membership Card","Lantern","Pantograph","Bottled Lightning"],"acts_visited":["Exordium"],"potions_floor_usage":[6,6,6],"damage_taken":[{"damage":0,"enemies":"Jaw Worm","floor":1,"turns":4},{"damage":0,"enemies":"2 Louse","floor":2,"turns":2},{"damage":0,"enemies":"Small Slimes","floor":3,"turns":3},{"damage":4,"enemies":"Gremlin Gang","floor":5,"turns":4},{"damage":14,"enemies":"Gremlin Nob","floor":6,"turns":4},{"damage":0,"enemies":"Lots of Slimes","floor":8,"turns":1},{"damage":73,"enemies":"Slime Boss","floor":16,"turns":8}],"seed_played":"2106233087708408749","potions_obtained":[{"floor":1,"key":"CunningPotion"},{"floor":2,"key":"Block Potion"},{"floor":5,"key":"DuplicationPotion"}],"is_trial":false,"path_per_floor":["M","M","M","$","M","E","R","M","T","R","?","?","$","?","R","B"],"character_chosen":"THE_SILENT","items_purchased":["Membership Card","Bottled Lightning","Infinite Blades","Dagger Spray"],"campfire_rested":2,"item_purchase_floors":[4,13,13,13],"current_hp_per_floor":[70,70,70,70,66,52,52,52,52,70,70,58,58,58,70,0,0],"gold":15,"neow_bonus":"RANDOM_COMMON_RELIC","is_daily":false,"chose_seed":false,"campfire_upgraded":0,"win_rate":0.0,"timestamp":1608869835,"path_taken":["M","M","M","$","M","E","R","M","T","R","?","?","$","?","R","BOSS"],"items_purchased_type":["Relic","Relic","Card","Card"],"build_version":"2020-12-22","purchased_purges":0,"victory":false,"max_hp_per_floor":[70,70,70,70,70,70,70,70,70,70,70,70,70,70,70,70,70],"card_choices":[{"not_picked":["Well Laid Plans","Dagger Throw"],"picked":"Slice","floor":1},{"not_picked":["Quick Slash","Slice"],"picked":"Cloak And Dagger","floor":2},{"not_picked":["Infinite Blades","Poisoned Stab"],"picked":"Die Die Die","floor":3},{"not_picked":["Distraction","Deadly Poison"],"picked":"Choke","floor":5},{"not_picked":["Slice","Cloak And Dagger"],"picked":"PiercingWail","floor":6},{"not_picked":["Choke","Flechettes"],"picked":"Poisoned Stab","floor":8}],"player_experience":235861,"relics_obtained":[{"floor":6,"key":"Lantern"}],"event_choices":[{"damage_healed":0,"gold_gain":72,"player_choice":"Gained Gold","damage_taken":0,"max_hp_gain":0,"max_hp_loss":0,"event_name":"Golden Wing","floor":11,"gold_loss":0},{"damage_healed":0,"gold_gain":0,"player_choice":"Success","damage_taken":12,"relics_obtained":["Pantograph"],"max_hp_gain":0,"max_hp_loss":0,"event_name":"Scrap Ooze","floor":12,"gold_loss":0},{"damage_healed":0,"gold_gain":0,"player_choice":"Ignored","damage_taken":0,"max_hp_gain":0,"max_hp_loss":0,"event_name":"NoteForYourself","floor":14,"gold_loss":0}],"is_beta":false,"boss_relics":[],"items_purged_floors":[],"is_endless":false,"potions_floor_spawned":[1,2,5],"killed_by":"Slime Boss","ascension_level":0}}