{"host":"czen9m7c7ttmirt2","time":1608940594,"event":{"mods":["AchievementEnabler","Aspiration","BaseMod","Better Third Choice","Colored Map","Colored Powertips","Conspire","Hubris","Minty Spire (QoL Compilation)","Replay The Spire","StSLib"],"gold_per_floor":[110,42,42,60,70,85,85,102,102,102,121,121,135,151,151,252,252,271,271,288,288,288],"floor_reached":21,"playtime":1749,"items_purged":[],"score":201,"play_id":"129b4be6-f880-47a3-96af-5648dc6acfc2","local_time":"20201225175634","is_ascension_mode":true,"campfire_choices":[{"floor":7,"key":"RECALL"},{"floor":10,"key":"REST"},{"data":"Chrysalis","floor":15,"key":"SMITH"}],"circlet_count":0,"master_deck":["Strike_B","Strike_B","Strike_B","Defend_B","Defend_B","Defend_B","Defend_B","Zap","Dualcast","Chrysalis+1","Reinforced Body","Reinforced Body","Ball Lightning","Lockon","Cold Snap","Conserve Battery","ReplayTheSpireMod:Calculation Training","ReplayTheSpireMod:Calculation Training","Redo","Leap","Buffer","Streamline","Skim","Buffer","Fusion","Conserve Battery","Echo Form","Chaos+1","Capacitor+1","Darkness","Melter","BasicCrystalCard+1"],"relics":["Cracked Core","Prayer Wheel","aspiration:AnachronicSnailShell","hubris:TerracottaHorce"],"acts_visited":["Exordium","TheCity"],"potions_floor_usage":[13,21],"damage_taken":[{"damage":2,"enemies":"Jaw Worm","floor":1,"turns":4},{"damage":0,"enemies":"conspire:RoseBush","floor":4,"turns":3},{"damage":0,"enemies":"Cultist","floor":5,"turns":3},{"damage":22,"enemies":"3 Louse","floor":6,"turns":6},{"damage":15,"enemies":"Gremlin Gang","floor":8,"turns":4},{"damage":5,"enemies":"Red Slaver","floor":11,"turns":3},{"damage":7,"enemies":"3 Louse","floor":13,"turns":4},{"damage":1,"enemies":"Blue Slaver","floor":14,"turns":3},{"damage":10,"enemies":"Hexaghost","floor":16,"turns":10},{"damage":12,"enemies":"Spheric Guardian","floor":18,"turns":6},{"damage":6,"enemies":"conspire:FuzzyDice","floor":20,"turns":10},{"damage":47,"enemies":"3 Cultists","floor":21,"turns":6}],"seed_played":"8035811733136906470","potions_obtained":[{"floor":4,"key":"DuplicationPotion"},{"floor":8,"key":"SpeedPotion"},{"floor":13,"key":"LiquidBronze"},{"floor":20,"key":"SteroidPotion"}],"is_trial":false,"path_per_floor":["M","$","?","M","M","M","R","M","T","R","M","?","M","M","R","B",null,"M","?","M","M"],"character_chosen":"DEFECT","items_purchased":["Reinforced Body"],"campfire_rested":1,"item_purchase_floors":[2],"current_hp_per_floor":[66,66,71,71,71,49,49,34,34,55,50,50,43,42,42,32,63,51,51,45,0,0],"gold":288,"neow_bonus":"RANDOM_COLORLESS_2","is_daily":false,"chose_seed":false,"campfire_upgraded":1,"win_rate":0.0,"timestamp":1608940594,"path_taken":["M","$","?","M","M","M","R","M","T","R","M","?","M","?","R","BOSS","M","?","?","M"],"items_purchased_type":["Card"],"build_version":"2020-12-22","purchased_purges":0,"victory":false,"max_hp_per_floor":[68,68,73,73,73,73,73,73,73,73,73,73,73,73,73,73,73,73,73,73,73,73],"card_choices":[{"not_picked":["Midas Touch","Apotheosis"],"picked":"Chrysalis","floor":0},{"not_picked":["Redo","Beam Cell"],"picked":"Reinforced Body","floor":1},{"not_picked":["Go for the Eyes","Sweeping Beam"],"picked":"Ball Lightning","floor":4},{"not_picked":["Stack","Streamline"],"picked":"Lockon","floor":5},{"not_picked":["hubris:Prefetch","Blizzard"],"picked":"Cold Snap","floor":6},{"not_picked":["Stack","Compile Driver"],"picked":"Conserve Battery","floor":6},{"not_picked":["Beam Cell","Ball Lightning"],"picked":"ReplayTheSpireMod:Calculation Training","floor":8},{"not_picked":["Beam Cell","Go for the Eyes"],"picked":"ReplayTheSpireMod:Calculation Training","floor":8},{"not_picked":["Sweeping Beam","Steam Power"],"picked":"Redo","floor":11},{"not_picked":["Redo","Streamline"],"picked":"Leap","floor":11},{"not_picked":["Turbo","ReplayGash"],"picked":"Skim","floor":13},{"not_picked":["Storm","FIFO Queue"],"picked":"Buffer","floor":13},{"not_picked":["Steam","Consume"],"picked":"Fusion","floor":14},{"not_picked":["Blizzard","ReplaySort"],"picked":"Conserve Battery","floor":14},{"not_picked":["Fission","Reboot"],"picked":"Echo Form","floor":16},{"not_picked":["Panic Button","Hologram"],"picked":"Chaos+1","floor":18},{"not_picked":["Coolheaded","Steam"],"picked":"Capacitor+1","floor":18},{"not_picked":["Capacitor","Rebound"],"picked":"Melter","floor":20},{"not_picked":["ReplayTheSpireMod:GoodbyeWorld","Ball Lightning"],"picked":"BasicCrystalCard+1","floor":20}],"player_experience":199501,"relics_obtained":[{"floor":9,"key":"aspiration:AnachronicSnailShell"}],"event_choices":[{"damage_healed":0,"gold_gain":0,"player_choice":"Donut","damage_taken":0,"max_hp_gain":5,"max_hp_loss":0,"event_name":"Big Fish","floor":3,"gold_loss":0},{"damage_healed":0,"gold_gain":0,"player_choice":"2 cards matched","damage_taken":0,"max_hp_gain":0,"max_hp_loss":0,"event_name":"Match and Keep!","floor":12,"gold_loss":0,"cards_obtained":["Buffer","Streamline"]},{"damage_healed":0,"gold_gain":0,"cards_transformed":["Strike_B"],"player_choice":"Transformed","damage_taken":0,"max_hp_gain":0,"max_hp_loss":0,"event_name":"Transmorgrifier","floor":19,"gold_loss":0,"cards_obtained":["Darkness"]}],"is_beta":false,"boss_relics":[{"not_picked":["conspire:RunicOctahedron","Replay:Ancient Bell"],"picked":"hubris:TerracottaHorce"}],"items_purged_floors":[],"is_endless":false,"potions_floor_spawned":[4,8,13,20],"killed_by":"3 Cultists","ascension_level":3}}