{"host":"59ckh7bj2z84pzgo","time":1608874276,"event":{"mods":["BaseMod","Better Vampires","Marked Mod","Minty Spire (QoL Compilation)","Replay The Spire","Spicy Shops","StSLib","TestMod","¡¾ÒÅÎï¿¨ÅÆ¡¿REMEMod"],"gold_per_floor":[119,136,148,167,167,196,210,236,262,274,274,35,35,60,60,148,148,173,194,244,265,292,292,328,328,328,364,375,400,400,325,325,411,411,429,429,458,458,458],"floor_reached":38,"playtime":6220,"items_purged":["Languid"],"score":876,"play_id":"b9df9946-fdb4-457e-adc0-d677cf455d3b","local_time":"20201225133116","is_ascension_mode":true,"campfire_choices":[{"data":"Genetic Algorithm","floor":13.0,"key":"SMITH"},{"data":"Echo Form","floor":15.0,"key":"SMITH"},{"data":"ReplayTheSpireMod:Fabricate Wheel","floor":23.0,"key":"SMITH"},{"data":"FIFO Queue","floor":25.0,"key":"SMITH"},{"data":"Creative AI","floor":32.0,"key":"SMITH"}],"circlet_count":0,"master_deck":["Strike_B","Strike_B","Strike_B","Defend_B","Defend_B","Defend_B","Zap","Dualcast","Echo Form+1","ReplayTheSpireMod:Private Reserves","Genetic Algorithm+1","BootSequence","Reinforced Body","Ball Lightning","Beam Cell","Cold Snap","FIFO Queue+1","Biased Cognition","Creative AI+1","Redo","Recycle","Hologram+1","Hyperbeam","Glacier","Panic Button","Rainbow","White Noise"],"relics":["Cracked Core","REME_ComplimentaryCards","testmod-TestBox","testmod-SaigiyounoYou","ReplayTheSpireMod:TigerMarble","Replay:Towering Pillar of Hats","ClockworkSouvenir","CeramicFish","Velvet Choker","Prayer Wheel","Oddly Smooth Stone","testmod-Fortitude","Onion Ring","testmod-CardMagician"],"acts_visited":["Exordium","TheCity","TheBeyond"],"potions_floor_usage":[],"damage_taken":[{"damage":1.0,"enemies":"Cultist","floor":1.0,"turns":3.0},{"damage":10.0,"enemies":"Small Slimes","floor":2.0,"turns":3.0},{"damage":11.0,"enemies":"2 Louse","floor":3.0,"turns":3.0},{"damage":17.0,"enemies":"2 Fungi Beasts","floor":4.0,"turns":5.0},{"damage":32.0,"enemies":"3 Sentries","floor":6.0,"turns":8.0},{"damage":11.0,"enemies":"Blue Slaver","floor":7.0,"turns":4.0},{"damage":11.0,"enemies":"Lagavulin","floor":8.0,"turns":6.0},{"damage":19.0,"enemies":"Gremlin Gang","floor":10.0,"turns":6.0},{"damage":1.0,"enemies":"Replay:BlueRogue","floor":14.0,"turns":5.0},{"damage":14.0,"enemies":"Hexaghost","floor":16.0,"turns":10.0},{"damage":15.0,"enemies":"Spheric Guardian","floor":18.0,"turns":5.0},{"damage":27.0,"enemies":"3 Byrds","floor":19.0,"turns":6.0},{"damage":11.0,"enemies":"Centurion and Healer","floor":21.0,"turns":5.0},{"damage":28.0,"enemies":"Snecko","floor":22.0,"turns":9.0},{"damage":62.0,"enemies":"Gremlin Leader","floor":24.0,"turns":7.0},{"damage":0.0,"enemies":"3 Cultists","floor":27.0,"turns":2.0},{"damage":0.0,"enemies":"Snake Plant","floor":28.0,"turns":4.0},{"damage":9.0,"enemies":"REME_1_Revenger","floor":29.0,"turns":6.0},{"damage":40.0,"enemies":"Automaton","floor":33.0,"turns":10.0},{"damage":1.0,"enemies":"Orb Walker","floor":35.0,"turns":2.0},{"damage":57.0,"enemies":"3 Darklings","floor":37.0,"turns":6.0},{"damage":5,"enemies":"2 Orb Walkers","floor":38,"turns":2}],"seed_played":"-55983283877521367","potions_obtained":[{"floor":1.0,"key":"SkillPotion"},{"floor":4.0,"key":"SkillPotion"},{"floor":6.0,"key":"testmod-SpacePotion"},{"floor":14.0,"key":"PowerPotion"},{"floor":16.0,"key":"testmod-TestPotion"},{"floor":21.0,"key":"SteroidPotion"},{"floor":24.0,"key":"BlessingOfTheForge"},{"floor":33.0,"key":"Milkshake"},{"floor":37.0,"key":"SpeedPotion"}],"is_trial":false,"path_per_floor":["M","M","M","M","?","E","M","E","T","M","?","$","R","E","R","B",null,"M","M","?","M","M","R","E","R","T","M","M","E","?","?","R","B",null,"M","?","M","?"],"character_chosen":"DEFECT","items_purchased":["ClockworkSouvenir"],"campfire_rested":0,"item_purchase_floors":[12],"current_hp_per_floor":[71,65,60,52,52,45,46,60,60,65,65,65,65,71,71,60,68,56,62,62,71,60,60,39,39,39,46,55,68,68,68,68,71,71,71,71,68,68,68],"gold":458,"neow_bonus":"RANDOM_COLORLESS","is_daily":false,"chose_seed":false,"campfire_upgraded":5,"win_rate":0.0,"timestamp":1608874276,"path_taken":["M","M","M","M","?","E","M","E","T","M","?","$","R","E","R","BOSS","M","M","?","M","M","R","E","R","T","M","M","E","?","?","R","BOSS","M","?","?","?"],"items_purchased_type":["Relic"],"build_version":"2020-12-22","purchased_purges":1,"victory":false,"max_hp_per_floor":[71,71,71,71,71,71,71,71,71,71,71,71,71,71,71,71,71,71,71,71,71,71,71,71,71,71,71,71,71,71,71,71,71,71,71,71,71,71,71],"card_choices":[{"not_picked":["Madness","REME_TwoStrings"],"picked":"ReplayTheSpireMod:Private Reserves","floor":0.0},{"not_picked":["Beam Cell","Turbo"],"picked":"Genetic Algorithm","floor":1.0},{"not_picked":["Turbo","BasicCrystalCard"],"picked":"BootSequence","floor":2.0},{"not_picked":["Stack","REME_DataAnalysis"],"picked":"Reinforced Body","floor":3.0},{"not_picked":["Hologram","Conserve Battery"],"picked":"Ball Lightning","floor":4.0},{"not_picked":["Barrage","Gash"],"picked":"Beam Cell","floor":6.0},{"not_picked":["Melter","Hologram"],"picked":"Cold Snap","floor":7.0},{"not_picked":["Stack","Loop"],"picked":"FIFO Queue","floor":8.0},{"not_picked":["Sweeping Beam","Stack"],"picked":"Biased Cognition","floor":10.0},{"not_picked":["Compile Driver","Streamline","Rebound"],"picked":"SKIP","floor":14.0},{"not_picked":["Core Surge","Thunder Strike"],"picked":"Creative AI","floor":16.0},{"not_picked":["Leap","Go for the Eyes"],"picked":"Redo","floor":18.0},{"not_picked":["Stack","Aggregate+1"],"picked":"Recycle","floor":19.0},{"not_picked":["Conserve Battery+1","Panic Button"],"picked":"Hologram+1","floor":21.0},{"not_picked":["Gash","Leap+1","ReplayTheSpireMod:GoodbyeWorld","Sweeping Beam"],"picked":"ReplayTheSpireMod:Fabricate Wheel","floor":22.0},{"not_picked":["Force Field","Fusion","Streamline"],"picked":"SKIP","floor":24.0},{"not_picked":["Tempest","Fusion"],"picked":"Glacier","floor":27.0},{"not_picked":["ReplaySort","Double Energy"],"picked":"Panic Button","floor":27.0},{"not_picked":["Cold Snap","Biased Cognition","BootSequence"],"picked":"SKIP","floor":28.0},{"not_picked":["BootSequence","ReplayTheSpireMod:Reroute Power","Compile Driver"],"picked":"SKIP","floor":28.0},{"not_picked":["Undo","Sunder","Double Energy"],"picked":"SKIP","floor":29.0},{"not_picked":["Creative AI","Reboot"],"picked":"Rainbow","floor":33.0},{"not_picked":["Beam Cell+1","Conserve Battery","Auto Shields+1"],"picked":"SKIP","floor":35.0},{"not_picked":["Genetic Algorithm+1","Chill+1","Gash"],"picked":"SKIP","floor":35.0},{"not_picked":["Redo","Chaos"],"picked":"White Noise","floor":37.0},{"not_picked":["Chaos","Reinforced Body","BootSequence"],"picked":"SKIP","floor":37.0}],"player_experience":171992,"relics_obtained":[{"floor":6.0,"key":"ReplayTheSpireMod:TigerMarble"},{"floor":8.0,"key":"Replay:Towering Pillar of Hats"},{"floor":14.0,"key":"CeramicFish"},{"floor":24.0,"key":"Oddly Smooth Stone"},{"floor":26.0,"key":"testmod-Fortitude"},{"floor":29.0,"key":"Onion Ring"}],"event_choices":[{"damage_healed":0.0,"max_hp_gain":0.0,"max_hp_loss":0.0,"gold_gain":50.0,"event_name":"Nest","player_choice":"Stole From Cult","floor":20.0,"gold_loss":0.0,"damage_taken":0.0},{"cards_removed":["Strike_B"],"damage_healed":0.0,"max_hp_gain":0.0,"max_hp_loss":0.0,"gold_gain":0.0,"event_name":"Back to Basics","player_choice":"Elegance","floor":30.0,"gold_loss":0.0,"damage_taken":0.0},{"cards_removed":["Defend_B"],"damage_healed":0.0,"max_hp_gain":0.0,"max_hp_loss":0.0,"gold_gain":0.0,"event_name":"Beggar","player_choice":"Gave Gold","floor":31.0,"gold_loss":75.0,"damage_taken":0.0},{"damage_healed":0.0,"max_hp_gain":0.0,"max_hp_loss":0.0,"gold_gain":0.0,"event_name":"SecretPortal","player_choice":"Ignored","floor":36.0,"gold_loss":0.0,"damage_taken":0.0},{"damage_healed":0,"gold_gain":0,"player_choice":"Fight","damage_taken":0,"max_hp_gain":0,"max_hp_loss":0,"event_name":"Mysterious Sphere","floor":38,"gold_loss":0}],"is_beta":false,"boss_relics":[{"not_picked":["Busted Crown","testmod-StringDisintegrator"],"picked":"Velvet Choker"},{"not_picked":["Fusion Hammer","Runic Pyramid"],"picked":"testmod-CardMagician"}],"items_purged_floors":[12],"is_endless":false,"potions_floor_spawned":[1,4,6,14,16,21,24,33,37],"killed_by":"2 Orb Walkers","ascension_level":20}}