{"host":"60fhthqyb911n2zd","time":1608882318,"event":{"mods":["BaseMod","Mimic Mod","Minty Spire (QoL Compilation)","Replay The Spire","Shop Mod","StSLib","The Jungle"],"gold_per_floor":[117,117,127,127,140,175,175,186,186,186,203,153,1,14,14,113,113,126,140,140,65,78,78,78],"floor_reached":23,"playtime":657,"items_purged":["Shame"],"score":212,"play_id":"369fa4cd-58a1-461b-a4c7-3b09c9bd57a3","local_time":"20201225154518","is_ascension_mode":true,"campfire_choices":[{"floor":7,"key":"REST"},{"floor":10,"key":"REST"},{"floor":15,"key":"REST"}],"circlet_count":0,"master_deck":["Strike_B","Strike_B","Strike_B","Defend_B","Defend_B","Defend_B","Defend_B","Zap","Dualcast","Blizzard+1","Streamline","CommonCold","Ball Lightning","Rebound","Ball Lightning","Melter","Static Discharge","Creative AI","Redo+1","CommonCold","Genetic Algorithm"],"relics":["Cracked Core","NeowsBlessing","ReplayTheSpireMod:Ring of Exchange","Omamori","Shuriken","DataDisk","Replay:Ancient Bell","Bag of Marbles","Carrot","Replay:Towering Pillar of Hats","Potion Belt"],"acts_visited":["Exordium","TheCity"],"potions_floor_usage":[16],"damage_taken":[{"damage":0,"enemies":"Cultist","floor":1,"turns":1},{"damage":0,"enemies":"2 Louse","floor":3,"turns":1},{"damage":0,"enemies":"Small Slimes","floor":5,"turns":1},{"damage":26,"enemies":"3 Sentries","floor":6,"turns":6},{"damage":16,"enemies":"Blue Slaver","floor":8,"turns":3},{"damage":9,"enemies":"2 Fungi Beasts","floor":11,"turns":2},{"damage":9,"enemies":"Red Slaver","floor":14,"turns":2},{"damage":53,"enemies":"Fading Forest","floor":16,"turns":11},{"damage":18,"enemies":"3 Byrds","floor":18,"turns":2},{"damage":0,"enemies":"Spheric Guardian","floor":19,"turns":1},{"damage":36,"enemies":"Cultist and Chosen","floor":22,"turns":6},{"damage":33,"enemies":"Slavers","floor":23,"turns":1}],"seed_played":"-4204007881203567871","potions_obtained":[{"floor":5,"key":"Cursed Concoction"},{"floor":11,"key":"Strength Potion"},{"floor":14,"key":"Death Potion"},{"floor":18,"key":"CultistPotion"}],"is_trial":false,"path_per_floor":["M","?","M","?","M","E","R","M","T","R","M","?","$","M","R","B",null,"M","M","?","$","M","E"],"character_chosen":"DEFECT","items_purchased":["DataDisk"],"campfire_rested":3,"item_purchase_floors":[13],"current_hp_per_floor":[75,75,75,75,75,49,71,55,55,75,66,66,66,57,75,32,75,57,57,57,57,21,0,0],"gold":78,"neow_bonus":"THREE_ENEMY_KILL","is_daily":false,"chose_seed":false,"campfire_upgraded":0,"win_rate":0.0,"timestamp":1608882318,"path_taken":["M","?","?","?","M","E","R","M","T","R","M","?","$","M","R","BOSS","M","M","?","$","M","E"],"items_purchased_type":["Relic"],"build_version":"2020-12-22","purchased_purges":1,"victory":false,"max_hp_per_floor":[75,75,75,75,75,75,75,75,75,75,75,75,75,75,75,75,75,75,75,75,75,75,75,75],"card_choices":[{"not_picked":["Stack","Heatsinks"],"picked":"Blizzard","floor":1},{"not_picked":["Force Field","Crystallizer"],"picked":"Streamline","floor":3},{"not_picked":["Redo","Gash"],"picked":"Ball Lightning","floor":5},{"not_picked":["Panic Button","Go for the Eyes"],"picked":"Rebound","floor":6},{"not_picked":["Force Field","Meteor Strike"],"picked":"Ball Lightning","floor":8},{"not_picked":["Ball Lightning","ReplaySort"],"picked":"Melter","floor":11},{"not_picked":["Turbo","ReplaySolidLightProjector"],"picked":"Static Discharge","floor":14},{"not_picked":["Multi-Cast","Seek"],"picked":"Creative AI","floor":16},{"not_picked":["ReplayTheSpireMod:Doomed","ReplayTheSpireMod:Restless Dread"],"picked":"Decay","floor":17},{"not_picked":["Voices","Languid"],"picked":"CurseOfTheBell","floor":17},{"not_picked":["Regret","Voices"],"picked":"Shame","floor":17},{"not_picked":["Reprogram","Hologram","Crystallizer"],"picked":"SKIP","floor":18},{"not_picked":["Stack","Hologram"],"picked":"Redo+1","floor":19},{"not_picked":["White Noise+1","Fusion"],"picked":"Genetic Algorithm","floor":22}],"player_experience":484781,"relics_obtained":[{"floor":4,"key":"ReplayTheSpireMod:Ring of Exchange"},{"floor":6,"key":"Omamori"},{"floor":9,"key":"Shuriken"}],"event_choices":[{"damage_healed":0,"gold_gain":0,"player_choice":"Upgraded","damage_taken":0,"max_hp_gain":0,"max_hp_loss":0,"event_name":"Upgrade Shrine","floor":2,"gold_loss":0,"cards_upgraded":["Blizzard"]},{"cards_removed":["Strike_B"],"damage_healed":0,"gold_gain":0,"player_choice":"Card Removal","damage_taken":0,"max_hp_gain":0,"max_hp_loss":0,"event_name":"The Cleric","floor":12,"gold_loss":50}],"is_beta":false,"boss_relics":[{"not_picked":["OrangePellets","Calling Bell"],"picked":"Replay:Ancient Bell"},{"not_picked":["Toy Ornithopter","Replay:Mystery Machine"],"picked":"Bag of Marbles"},{"not_picked":["Ornamental Fan","Replay:Bottled Steam"],"picked":"Carrot"},{"not_picked":["Gambling Chip","Thread and Needle"],"picked":"Replay:Towering Pillar of Hats"}],"items_purged_floors":[21],"is_endless":false,"potions_floor_spawned":[5,11,14,18],"killed_by":"Slavers","ascension_level":2}}