{"host":"879u177vr8bnqwsn","time":1608910199,"event":{"mods":["Bard","BaseMod","Infinite Spire","Minty Spire (QoL Compilation)","Replay The Spire","StSLib"],"gold_per_floor":[115,115,62,76,89,121,133,150,174,224,224,224,224,235,235,333,333,345,129,141,141,153,153,172,172,196,196,121,121,121],"floor_reached":29,"playtime":1065,"items_purged":["CommonCold"],"score":225,"play_id":"77c9ddf1-d5e0-47a5-a582-ca7977dd324a","local_time":"20201225132959","is_ascension_mode":false,"campfire_choices":[{"data":"Zap","floor":12,"key":"SMITH"},{"data":"Zap","floor":15,"key":"SMITH"},{"data":"BasicCrystalCard","floor":23,"key":"SMITH"},{"data":"Self Repair","floor":27,"key":"SMITH"}],"circlet_count":0,"master_deck":["Strike_B","Strike_B","Strike_B","Defend_B","Defend_B","Defend_B","Defend_B","Zap+1","Dualcast","Survivor","Strike_B","Ball Lightning","Zap+1","Conserve Battery","Conserve Battery","Capacitor","Thunder Strike","Tempest","Leap","Steam","ReplayTheSpireMod:Faulty Equipment","Barrage+1","Creative AI+1","Self Repair+1","BasicCrystalCard+1","Capacitor","Buffer+1"],"relics":["Cracked Core","Counterbalance","Tiny Chest","Potion Belt","Ring of Greed","Golden Egg","MealTicket","Replay:WaspNest","Coffee Dripper","Art of War"],"acts_visited":["Exordium","TheCity"],"potions_floor_usage":[22,22,24,29],"damage_taken":[{"damage":0,"enemies":"Small Slimes","floor":1,"turns":4},{"damage":1,"enemies":"Cultist","floor":4,"turns":3},{"damage":0,"enemies":"Jaw Worm","floor":5,"turns":3},{"damage":19,"enemies":"Gremlin Nob","floor":6,"turns":4},{"damage":0,"enemies":"Large Slime","floor":7,"turns":5},{"damage":0,"enemies":"Red Slaver","floor":8,"turns":3},{"damage":3,"enemies":"2 Fungi Beasts","floor":14,"turns":4},{"damage":13,"enemies":"Slime Boss","floor":16,"turns":9},{"damage":0,"enemies":"Chosen","floor":18,"turns":4},{"damage":17,"enemies":"3 Byrds","floor":20,"turns":4},{"damage":20,"enemies":"Snecko","floor":22,"turns":6},{"damage":35,"enemies":"Centurion and Healer","floor":24,"turns":8},{"damage":18,"enemies":"Snake Plant","floor":29,"turns":3}],"seed_played":"2817295881021988148","potions_obtained":[{"floor":4,"key":"SteroidPotion"},{"floor":5,"key":"Swift Potion"},{"floor":14,"key":"SteroidPotion"},{"floor":16,"key":"Weak Potion"},{"floor":18,"key":"Swift Potion"},{"floor":20,"key":"Fire Potion"}],"is_trial":false,"path_per_floor":["M","?","$","M","M","E","M","M","T","?","?","R","T","M","R","B",null,"M","$","M","?","M","R","M","?","T","R","?","M"],"character_chosen":"DEFECT","items_purchased":["Conserve Battery","Creative AI"],"campfire_rested":0,"item_purchase_floors":[3,19],"current_hp_per_floor":[75,75,75,74,74,55,55,55,55,55,55,55,55,52,52,39,75,75,75,58,58,45,45,17,17,17,17,17,0,0],"gold":121,"neow_bonus":"ONE_RARE_RELIC","is_daily":false,"chose_seed":false,"campfire_upgraded":4,"win_rate":0.0,"timestamp":1608910199,"path_taken":["M","?","$","M","M","E","?","M","T","?","?","R","?","M","R","BOSS","M","$","M","?","M","R","M","?","T","R","?","M"],"items_purchased_type":["Card","Card"],"build_version":"2020-12-22","purchased_purges":1,"victory":false,"max_hp_per_floor":[75,75,75,75,75,75,75,75,75,75,75,75,75,75,75,75,75,75,75,75,75,75,75,75,75,75,75,75,75,75],"card_choices":[{"not_picked":["Stack","Streamline"],"picked":"Ball Lightning","floor":1},{"not_picked":["Go for the Eyes","Ball Lightning"],"picked":"Conserve Battery","floor":4},{"not_picked":["Gash","Loop"],"picked":"Capacitor","floor":5},{"not_picked":["Blizzard","Barrage"],"picked":"Thunder Strike","floor":6},{"not_picked":["Chaos","Static Discharge"],"picked":"Tempest","floor":7},{"not_picked":["Sunder","Panic Button"],"picked":"Leap","floor":8},{"not_picked":["Redo","ReplaySort"],"picked":"Steam","floor":14},{"not_picked":["Steam","Chaos"],"picked":"Barrage+1","floor":18},{"not_picked":["Panic Button","Stack+1"],"picked":"Self Repair","floor":20},{"not_picked":["Gash","Coolheaded"],"picked":"Capacitor","floor":22},{"not_picked":["Ball Lightning+1","ReplaySolidLightProjector"],"picked":"Buffer","floor":24}],"player_experience":713740,"relics_obtained":[{"floor":6,"key":"Tiny Chest"},{"floor":9,"key":"Potion Belt"},{"floor":10,"key":"Ring of Greed"},{"floor":10,"key":"Golden Egg"},{"floor":10,"key":"MealTicket"},{"floor":13,"key":"Replay:WaspNest"},{"floor":26,"key":"Art of War"}],"event_choices":[{"damage_healed":0,"gold_gain":0,"player_choice":"1 cards matched","damage_taken":0,"max_hp_gain":0,"max_hp_loss":0,"event_name":"Match and Keep!","floor":2,"gold_loss":0,"cards_obtained":["Zap"]},{"damage_healed":0,"gold_gain":0,"player_choice":"Ignored","damage_taken":0,"max_hp_gain":0,"max_hp_loss":0,"event_name":"NoteForYourself","floor":11,"gold_loss":0},{"damage_healed":0,"gold_gain":0,"player_choice":"Read","damage_taken":0,"max_hp_gain":0,"max_hp_loss":0,"event_name":"The Library","floor":21,"gold_loss":0,"cards_obtained":["BasicCrystalCard"]},{"cards_removed":["Strike_B"],"damage_healed":0,"gold_gain":0,"player_choice":"Gave Gold","damage_taken":0,"max_hp_gain":0,"max_hp_loss":0,"event_name":"Beggar","floor":28,"gold_loss":75}],"is_beta":false,"boss_relics":[{"not_picked":["Philosopher\u0027s Stone","Velvet Choker"],"picked":"Coffee Dripper"}],"items_purged_floors":[19],"is_endless":false,"potions_floor_spawned":[4,5,14,16,18,20],"killed_by":"Snake Plant","ascension_level":0}}