{"host":"p9ipwvgp8zk1gu4u","time":1608865724,"event":{"mods":["Act Like it!","BaseMod","BetterRewards","Block Reminder","Colored Map","Colored Powertips","DeckTracker","Downfall","Gensokyo","Gold Saver","Hermit","Marisa????????","Minty Spire (QoL Compilation)","Nova Terra(??·??)","Relic Filter","Replay The Spire","StSLib","The Alterego","The Bladedancer","The Hierophant","The Servant 0.9.4","TheSwordswoman","Yuri Mod","???????????mod"],"gold_per_floor":[913,1013,1026,1040,598,613,625,625,650,683,703,714,714,714,714,812,912,928,928,945,530,548,548,578,578,627,627,627,643,660,671,671,671,671],"floor_reached":33,"playtime":2436,"items_purged":["Caltrops"],"score":296,"play_id":"725337d3-95b6-4238-abd7-c9c2faffb340","local_time":"20201224220844","is_ascension_mode":false,"campfire_choices":[{"data":"Poisoned Stab","floor":8,"key":"SMITH"},{"data":"Deadly Poison","floor":15,"key":"SMITH"},{"data":"Atom Bomb","floor":23,"key":"SMITH"},{"floor":25,"key":"REST"},{"floor":28,"key":"REST"},{"floor":32,"key":"REST"}],"circlet_count":0,"master_deck":["Strike_G","Strike_G+1","Strike_G+1","Strike_G","Strike_G+1","Defend_G","Defend_G","Defend_G","Defend_G","Defend_G","Survivor+1","Neutralize","Slice","Dagger Spray","Poisoned Stab+1","Backflip","Cloak And Dagger","Deadly Poison+1","Flying Knee","Slice","Dagger Throw","Dagger Spray","Atom Bomb+1","Deadly Poison+1","Secret Weapon","Deflect","Endless Agony+1","Leg Sweep","Deflect","Backflip+1","Bullet Time"],"relics":["Ring of the Snake","Gremlin Horn","Bag of Marbles","Replay:Rubber Ducky","Whetstone","Replay:Wanted Poster","PreservedInsect","Snake Skull","Dream Catcher"],"acts_visited":["Exordium","TheCity"],"potions_floor_usage":[33,33],"damage_taken":[{"damage":0,"enemies":"Cultist","floor":1,"turns":4},{"damage":0,"enemies":"2 Louse","floor":3,"turns":3},{"damage":0,"enemies":"Small Slimes","floor":4,"turns":3},{"damage":0,"enemies":"3 Louse","floor":6,"turns":1},{"damage":5,"enemies":"Large Slime","floor":7,"turns":6},{"damage":5,"enemies":"Gremlin Nob","floor":10,"turns":3},{"damage":1,"enemies":"Blue Slaver","floor":11,"turns":2},{"damage":0,"enemies":"Exordium Wildlife","floor":12,"turns":1},{"damage":28,"enemies":"The Guardian","floor":16,"turns":11},{"damage":0,"enemies":"Shell Parasite","floor":18,"turns":1},{"damage":6,"enemies":"2 Thieves","floor":20,"turns":3},{"damage":7,"enemies":"Snecko","floor":22,"turns":3},{"damage":36,"enemies":"Slavers","floor":24,"turns":3},{"damage":0,"enemies":"Snake Plant","floor":29,"turns":1},{"damage":4,"enemies":"Centurion and Healer","floor":30,"turns":2},{"damage":0,"enemies":"Shelled Parasite and Fungi","floor":31,"turns":1},{"damage":69,"enemies":"Champ","floor":33,"turns":8}],"seed_played":"-3979841582279683230","potions_obtained":[{"floor":3,"key":"PowerPotion"},{"floor":7,"key":"Strength Potion"},{"floor":10,"key":"Strength Potion"},{"floor":18,"key":"Poison Potion"}],"is_trial":false,"path_per_floor":["M","?","M","M","$","M","M","R","T","E","M","M","?","?","R_BF","B",null,"M","?","M","$","M","R","E","R","T","?","R","M","M","M","R","B"],"character_chosen":"THE_SILENT","items_purchased":["Gremlin Horn","Bag of Marbles","Dagger Spray","PreservedInsect","Secret Weapon"],"campfire_rested":3,"item_purchase_floors":[5,5,5,21,21],"current_hp_per_floor":[70,70,70,70,70,70,65,65,65,60,59,59,59,59,59,31,70,70,70,64,64,57,57,21,42,42,29,51,51,47,47,69,0,0],"gold":671,"neow_bonus":"UPGRADE_CARD","is_daily":false,"chose_seed":false,"campfire_upgraded":3,"win_rate":0.0,"timestamp":1608865724,"path_taken":["M","?","?","M","$","M","M","R","T","E","M","M","?","?","R_BF","BOSS","M","?","M","$","M","R","E","R","T","?","R","M","M","M","R","BOSS"],"items_purchased_type":["Relic","Relic","Card","Relic","Card"],"build_version":"2020-12-22","purchased_purges":1,"victory":false,"max_hp_per_floor":[70,70,70,70,70,70,70,70,70,70,70,70,70,70,70,70,70,70,70,70,70,70,70,70,70,70,75,75,75,75,75,75,75,75],"card_choices":[{"not_picked":["Sucker Punch","Blade Dance"],"picked":"Slice","floor":1},{"not_picked":["Dash","Dodge and Roll","Calculated Gamble"],"picked":"SKIP","floor":3},{"not_picked":["Hidden Blade","Tactician","Calculated Gamble"],"picked":"SKIP","floor":4},{"not_picked":["Acrobatics","Well Laid Plans"],"picked":"Poisoned Stab","floor":6},{"not_picked":["PiercingWail","Acrobatics","Outmaneuver"],"picked":"SKIP","floor":7},{"not_picked":["ReplayTheSpireMod:From All Sides","Dagger Spray"],"picked":"Backflip","floor":10},{"not_picked":["Infinite Blades","Prepared"],"picked":"Cloak And Dagger","floor":11},{"not_picked":["Dagger Throw","Bouncing Flask"],"picked":"Deadly Poison","floor":12},{"not_picked":["Night Terror","Wraith Form v2"],"picked":"Atom Bomb","floor":16},{"not_picked":["Flying Knee+1","Calculated Gamble","Acrobatics"],"picked":"SKIP","floor":18},{"not_picked":["Underhanded Strike","Acrobatics"],"picked":"Deadly Poison+1","floor":20},{"not_picked":["Sucker Punch","Underhanded Strike+1"],"picked":"Deflect","floor":22},{"not_picked":["Bouncing Flask","PiercingWail+1","Hidden Blade"],"picked":"SKIP","floor":24},{"not_picked":["Adrenaline","Skewer"],"picked":"Endless Agony+1","floor":28},{"not_picked":["Slice+1","PiercingWail"],"picked":"Leg Sweep","floor":29},{"not_picked":["Catalyst","Caltrops"],"picked":"Deflect","floor":30},{"not_picked":["Cloak And Dagger","Dagger Spray+1"],"picked":"Backflip+1","floor":31},{"not_picked":["Cloak And Dagger","Prepared"],"picked":"Bullet Time","floor":32}],"player_experience":209924,"relics_obtained":[{"floor":9,"key":"Replay:Rubber Ducky"},{"floor":10,"key":"Whetstone"},{"floor":24,"key":"Snake Skull"},{"floor":26,"key":"Dream Catcher"}],"event_choices":[{"damage_healed":0,"gold_gain":100,"player_choice":"Gold","damage_taken":0,"max_hp_gain":0,"max_hp_loss":0,"event_name":"Wheel of Change","floor":2,"gold_loss":0},{"damage_healed":0,"gold_gain":0,"player_choice":"Ignored","damage_taken":0,"max_hp_gain":0,"max_hp_loss":0,"event_name":"The Mausoleum","floor":19,"gold_loss":0},{"damage_healed":0,"gold_gain":0,"player_choice":"Shed Blood","damage_taken":18,"max_hp_gain":5,"max_hp_loss":0,"event_name":"Forgotten Altar","floor":27,"gold_loss":0}],"is_beta":false,"boss_relics":[{"not_picked":["Busted Crown","Abe\u0027s Treasure"],"picked":"Replay:Wanted Poster"}],"items_purged_floors":[21],"is_endless":false,"potions_floor_spawned":[3,7,10,12,18,29],"killed_by":"Champ","ascension_level":0}}