{"host":"g7xvyycavwkoojg3","time":1608873319,"event":{"mods":["BaseMod","Challenge The Spire","Exacting","GifTheSpireLib","HexUI Lib","Minty Spire (QoL Compilation)","Replay The Spire","Shop Mod","StSLib","The Hierophant"],"gold_per_floor":[112,131,141,141,156,186,186,72,72,72,87,158,174,187,187,291,291,306,321,332,332,332],"floor_reached":21,"playtime":1310,"items_purged":[],"score":240,"play_id":"7de65a6d-e563-46e8-ab4e-e442899f2f0a","local_time":"20201225001519","daily_mods":["Draft","Allstar","Heirloom","DeadlyEvents"],"is_ascension_mode":true,"campfire_choices":[{"floor":7,"key":"REST"},{"floor":10,"key":"REST"},{"floor":15,"key":"REST"}],"circlet_count":0,"master_deck":["Seeing Red","Wild Strike","Reckless Charge","Body Slam","Wild Strike","Clash","Life Link","Run Through","Blood for Blood","Reckless Charge","Clash","Headbutt","Shrug It Off","Replay:Undeath\u0027s Touch","Anger","Infernal Blade","Armaments","Armaments","Heavy Blade","Inflame","Seeing Red","Combust","Spot Weakness","Spot Weakness","Wild Strike","Demon Form","CurseOfTheBell","Combust","Intimidate","Wild Strike+1","Blood for Blood+1","Heavy Blade+1","Fiend Fire+1"],"relics":["Burning Blood","Gambling Chip","Ancient Tea Set","Matryoshka","Champion Belt","Calling Bell","Happy Flower","Molten Egg 2","Prayer Wheel"],"acts_visited":["Exordium","TheCity"],"potions_floor_usage":[16,18],"damage_taken":[{"damage":0,"enemies":"Small Slimes","floor":1,"turns":1},{"damage":16,"enemies":"Jaw Worm","floor":2,"turns":3},{"damage":6,"enemies":"2 Louse","floor":3,"turns":1},{"damage":6,"enemies":"Looter","floor":5,"turns":2},{"damage":49,"enemies":"Lagavulin","floor":6,"turns":4},{"damage":0,"enemies":"Large Slime","floor":11,"turns":5},{"damage":23,"enemies":"3 Sentries","floor":12,"turns":4},{"damage":15,"enemies":"Gremlin Gang","floor":13,"turns":3},{"damage":26,"enemies":"Exordium Wildlife","floor":14,"turns":4},{"damage":37,"enemies":"Slime Boss","floor":16,"turns":5},{"damage":37,"enemies":"Shell Parasite","floor":18,"turns":4},{"damage":8,"enemies":"Spheric Guardian","floor":19,"turns":3},{"damage":50,"enemies":"3 Cultists","floor":20,"turns":3},{"damage":8,"enemies":"Snake Plant","floor":21,"turns":1}],"seed_played":"3584000766168813173","potions_obtained":[{"floor":1,"key":"Strength Potion"},{"floor":1,"key":"SmokeBomb"},{"floor":1,"key":"SkillPotion"},{"floor":2,"key":"BloodPotion"},{"floor":19,"key":"DistilledChaos"},{"floor":20,"key":"Cursed Concoction"}],"is_trial":true,"path_per_floor":["M","M","M","?","M","E","R","$","T","R","M","E","M","M","R","B",null,"M","M","M","M"],"character_chosen":"IRONCLAD","items_purchased":["Inflame","Seeing Red"],"campfire_rested":3,"item_purchase_floors":[8,8],"current_hp_per_floor":[80,70,70,75,75,32,57,57,57,82,85,68,59,39,64,50,85,54,52,8,0,0],"gold":332,"neow_bonus":"","is_daily":false,"chose_seed":false,"campfire_upgraded":0,"win_rate":0.0,"timestamp":1608873319,"path_taken":["M","M","M","?","M","E","R","?","T","R","M","E","M","M","R","BOSS","M","M","M","M"],"items_purchased_type":["Card","Card"],"build_version":"2020-12-22","purchased_purges":0,"victory":false,"max_hp_per_floor":[80,80,80,85,85,85,85,85,85,85,85,85,85,85,85,85,85,85,85,85,85,85],"card_choices":[{"not_picked":["Cleave","Second Wind"],"picked":"Seeing Red","floor":0},{"not_picked":["Heavy Blade","Feel No Pain"],"picked":"Wild Strike","floor":0},{"not_picked":["Feel No Pain","Body Slam"],"picked":"Reckless Charge","floor":0},{"not_picked":["Pommel Strike","Clothesline"],"picked":"Body Slam","floor":0},{"not_picked":["Clothesline","Body Slam"],"picked":"Wild Strike","floor":0},{"not_picked":["Cleave","Defy Death"],"picked":"Clash","floor":0},{"not_picked":["Body Slam","Massacre"],"picked":"Life Link","floor":0},{"not_picked":["Havoc","Uppercut"],"picked":"Run Through","floor":0},{"not_picked":["Wild Strike","Replay:Undeath\u0027s Touch"],"picked":"Blood for Blood","floor":0},{"not_picked":["Shrug It Off","ReplayTheSpireMod:Strike From Hell"],"picked":"Reckless Charge","floor":0},{"not_picked":["Heavy Blade","Thunderclap"],"picked":"Clash","floor":0},{"not_picked":["Havoc","Thunderclap"],"picked":"Headbutt","floor":0},{"not_picked":["Headbutt","Life Link"],"picked":"Shrug It Off","floor":0},{"not_picked":["Burning Pact","Dropkick"],"picked":"Replay:Undeath\u0027s Touch","floor":0},{"not_picked":["ReplayTheSpireMod:Stacked","Body Slam"],"picked":"Anger","floor":0},{"not_picked":["Body Slam","Sword Boomerang"],"picked":"Infernal Blade","floor":1},{"not_picked":["Warcry","Wild Strike"],"picked":"Armaments","floor":2},{"not_picked":["ReplayTheSpireMod:Strike From Hell","Body Slam"],"picked":"Armaments","floor":3},{"not_picked":["Carnage","Disarm"],"picked":"Heavy Blade","floor":5},{"not_picked":["Perfected Strike","Replay:Many Hands","ReplayTheSpireMod:Corrosion Curse"],"picked":"SKIP","floor":6},{"not_picked":["Thunderclap","ReplayTheSpireMod:Strike From Hell"],"picked":"Combust","floor":11},{"not_picked":["Ghostly Armor","Heavy Blade"],"picked":"Spot Weakness","floor":12},{"not_picked":["Rupture","Armaments"],"picked":"Spot Weakness","floor":13},{"not_picked":["Rampage","Hemokinesis"],"picked":"Wild Strike","floor":14},{"not_picked":["Immolate","Hemogenesis"],"picked":"Demon Form","floor":16},{"not_picked":["Clothesline+1","Sentinel"],"picked":"Combust","floor":18},{"not_picked":["Dropkick+1","Hemokinesis+1"],"picked":"Intimidate","floor":18},{"not_picked":["Dark Embrace","Cleave+1"],"picked":"Wild Strike+1","floor":19},{"not_picked":["Cleave+1","ReplayTheSpireMod:Strike From Hell+1"],"picked":"Blood for Blood+1","floor":19},{"not_picked":["Cleave+1","Defy Death"],"picked":"Heavy Blade+1","floor":20},{"not_picked":["Havoc","True Grit+1"],"picked":"Fiend Fire+1","floor":20}],"player_experience":86890,"relics_obtained":[{"floor":6,"key":"Ancient Tea Set"},{"floor":9,"key":"Matryoshka"},{"floor":12,"key":"Champion Belt"},{"floor":17,"key":"Happy Flower"},{"floor":17,"key":"Molten Egg 2"},{"floor":17,"key":"Prayer Wheel"}],"event_choices":[{"damage_healed":0,"gold_gain":0,"player_choice":"Donut","damage_taken":0,"max_hp_gain":5,"max_hp_loss":0,"event_name":"Big Fish","floor":4,"gold_loss":0}],"is_beta":false,"boss_relics":[{"not_picked":["Electric Blood","Velvet Choker"],"picked":"Calling Bell"}],"items_purged_floors":[],"is_endless":false,"potions_floor_spawned":[1,2,11,13,19,20],"killed_by":"Snake Plant","ascension_level":2}}