{"host":"5bdt6s51dmpd4l3v","time":1608900197,"event":{"mods":["AchievementEnabler","BaseMod","Colored Map","Colored Powertips","Highlight Path","Minty Spire (QoL Compilation)","Quick Restart","Rare Cards Sparkle","StSLib"],"gold_per_floor":[117,37,51,61,77,77,89,89,159,159,176,202,202,263,263,336,336,354,386,406,30,48,48,62,62,89,89,89,102,121,147,147,147,147],"floor_reached":33,"playtime":1159,"items_purged":[],"score":554,"play_id":"f7ec321a-3b91-4019-a757-be007eea2636","local_time":"20201225204317","is_ascension_mode":true,"campfire_choices":[{"data":"Flex","floor":6.0,"key":"SMITH"},{"data":"Armaments","floor":8.0,"key":"SMITH"},{"data":"Limit Break","floor":13.0,"key":"SMITH"},{"data":"Offering","floor":15.0,"key":"SMITH"},{"data":"Infernal Blade","floor":23.0,"key":"SMITH"},{"data":"Inflame","floor":25.0,"key":"SMITH"},{"data":"Feed","floor":27.0,"key":"SMITH"},{"data":"Pommel Strike","floor":32.0,"key":"SMITH"}],"circlet_count":0,"master_deck":["AscendersBane","Strike_R","Strike_R","Strike_R","Strike_R","Strike_R","Defend_R","Defend_R","Defend_R","Defend_R","Bash","Twin Strike","Inflame+1","Flex+1","Infernal Blade+1","Pommel Strike+1","Armaments+1","Offering+1","Rage","Limit Break+1","Feed+1","Flex+1","Burning Pact","Dual Wield+1"],"relics":["Burning Blood","NeowsBlessing","Frozen Egg 2","Ice Cream","Dream Catcher","Coffee Dripper","Red Mask","Lantern","Sling","Orichalcum","MutagenicStrength","Tiny Chest"],"acts_visited":["Exordium","TheCity"],"potions_floor_usage":[33,33],"damage_taken":[{"damage":0.0,"enemies":"Small Slimes","floor":1.0,"turns":1.0},{"damage":0.0,"enemies":"Cultist","floor":3.0,"turns":1.0},{"damage":0.0,"enemies":"2 Louse","floor":4.0,"turns":1.0},{"damage":9.0,"enemies":"Exordium Wildlife","floor":5.0,"turns":3.0},{"damage":8.0,"enemies":"Blue Slaver","floor":7.0,"turns":2.0},{"damage":11.0,"enemies":"Looter","floor":11.0,"turns":2.0},{"damage":6.0,"enemies":"Gremlin Nob","floor":12.0,"turns":1.0},{"damage":26.0,"enemies":"3 Sentries","floor":14.0,"turns":5.0},{"damage":21.0,"enemies":"Slime Boss","floor":16.0,"turns":7.0},{"damage":8.0,"enemies":"Spheric Guardian","floor":18.0,"turns":3.0},{"damage":36.0,"enemies":"Masked Bandits","floor":19.0,"turns":4.0},{"damage":7.0,"enemies":"3 Byrds","floor":20.0,"turns":4.0},{"damage":6.0,"enemies":"3 Cultists","floor":22.0,"turns":4.0},{"damage":11.0,"enemies":"Centurion and Healer","floor":24.0,"turns":3.0},{"damage":6.0,"enemies":"Sentry and Sphere","floor":29.0,"turns":2.0},{"damage":17.0,"enemies":"3 Cultists","floor":30.0,"turns":5.0},{"damage":20.0,"enemies":"Slavers","floor":31.0,"turns":3.0},{"damage":50,"enemies":"Champ","floor":33,"turns":8}],"seed_played":"-3403209913201080576","potions_obtained":[{"floor":1.0,"key":"BloodPotion"},{"floor":4.0,"key":"SteroidPotion"},{"floor":5.0,"key":"ElixirPotion"},{"floor":11.0,"key":"AttackPotion"},{"floor":18.0,"key":"BloodPotion"},{"floor":20.0,"key":"Block Potion"},{"floor":29.0,"key":"DuplicationPotion"},{"floor":31.0,"key":"Dexterity Potion"}],"is_trial":false,"path_per_floor":["M","$","M","M","M","R","M","R","T","?","M","E","R","?","R","B",null,"M","?","M","$","M","R","M","R","T","R","?","M","M","E","R","B"],"character_chosen":"IRONCLAD","items_purchased":["Inflame","Lantern","Burning Pact","Sling"],"campfire_rested":0,"item_purchase_floors":[2,21,21,21],"current_hp_per_floor":[74,74,75,75,72,72,70,70,70,70,65,65,65,45,45,45,68,66,54,57,57,60,60,59,59,59,59,59,63,60,50,50,0,0],"gold":147,"neow_bonus":"THREE_ENEMY_KILL","is_daily":false,"chose_seed":false,"campfire_upgraded":8,"win_rate":0.0,"timestamp":1608900197,"path_taken":["M","$","M","M","M","R","M","R","T","?","?","E","R","?","R","BOSS","M","?","M","$","M","R","M","R","T","R","?","M","M","E","R","BOSS"],"items_purchased_type":["Card","Relic","Card","Relic"],"build_version":"2020-12-22","purchased_purges":0,"victory":false,"max_hp_per_floor":[75,75,75,75,75,75,75,75,75,75,75,75,75,75,75,75,75,75,78,82,82,85,85,89,89,89,89,89,93,101,105,105,105,105],"card_choices":[{"not_picked":["Dark Embrace","Body Slam"],"picked":"Twin Strike","floor":1.0},{"not_picked":["Warcry","Headbutt"],"picked":"Flex","floor":3.0},{"not_picked":["Havoc","Clothesline"],"picked":"Infernal Blade","floor":4.0},{"not_picked":["Iron Wave","Bloodletting"],"picked":"Pommel Strike","floor":5.0},{"not_picked":["Perfected Strike","Inflame"],"picked":"Armaments","floor":7.0},{"not_picked":["Flame Barrier","Heavy Blade"],"picked":"Rage","floor":11.0},{"not_picked":["Flex","Hemokinesis"],"picked":"Limit Break","floor":12.0},{"not_picked":["Immolate","Juggernaut+1"],"picked":"Feed","floor":16.0},{"not_picked":["Blood for Blood+1","Heavy Blade"],"picked":"Flex+1","floor":18.0},{"not_picked":["Clash","Iron Wave","Carnage"],"picked":"SKIP","floor":20.0},{"not_picked":["Clash","Body Slam"],"picked":"Dual Wield+1","floor":22.0},{"not_picked":["Combust+1","Bludgeon","Disarm"],"picked":"SKIP","floor":24.0},{"not_picked":["Clash","Twin Strike","Body Slam"],"picked":"SKIP","floor":29.0},{"not_picked":["Rage","Thunderclap","True Grit"],"picked":"SKIP","floor":30.0},{"not_picked":["Dark Embrace+1","Headbutt","Body Slam"],"picked":"SKIP","floor":31.0}],"player_experience":237298,"relics_obtained":[{"floor":9.0,"key":"Frozen Egg 2"},{"floor":12.0,"key":"Ice Cream"},{"floor":14.0,"key":"Dream Catcher"},{"floor":19.0,"key":"Red Mask"},{"floor":26.0,"key":"Orichalcum"},{"floor":31.0,"key":"Tiny Chest"}],"event_choices":[{"damage_healed":0.0,"max_hp_gain":0.0,"max_hp_loss":0.0,"gold_gain":0.0,"event_name":"Match and Keep!","player_choice":"1 cards matched","floor":10.0,"gold_loss":0.0,"damage_taken":0.0,"cards_obtained":["Offering"]},{"damage_healed":0.0,"max_hp_gain":0.0,"max_hp_loss":0.0,"gold_gain":0.0,"event_name":"Dead Adventurer","player_choice":"Searched \u00272\u0027 times","floor":14.0,"gold_loss":0.0,"damage_taken":0.0},{"damage_healed":0.0,"max_hp_gain":0.0,"max_hp_loss":0.0,"gold_gain":0.0,"event_name":"Masked Bandits","player_choice":"Fought Bandits","floor":19.0,"gold_loss":0.0,"damage_taken":0.0},{"damage_healed":0.0,"max_hp_gain":0.0,"max_hp_loss":0.0,"gold_gain":0.0,"event_name":"Drug Dealer","player_choice":"Inject Mutagens","floor":28.0,"gold_loss":0.0,"damage_taken":0.0,"relics_obtained":["MutagenicStrength"]}],"is_beta":false,"boss_relics":[{"not_picked":["Busted Crown","Runic Dome"],"picked":"Coffee Dripper"}],"items_purged_floors":[],"is_endless":false,"potions_floor_spawned":[1,4,5,11,18,20,29,31],"killed_by":"Champ","ascension_level":16}}