{"host":"k85tjwrh7mjrrc9a","time":1608861925,"event":{"mods":["AchievementEnabler","BaseMod","Colored Powertips","Highlight Path","Minty Spire (QoL Compilation)","Rare Cards Sparkle","StSLib"],"gold_per_floor":[114,129,129,144,144,144,159,189,189,219,234,264,279,354,354,454,454,469,469,319,418,268,268,298,298,348,378,78,93,123,123,123,223,223,238,238,256,281,281,311,311,341,341,341,371,121,121,151,151,151],"floor_reached":51,"playtime":2428,"items_purged":[],"score":1083,"play_id":"0d782b44-0fb9-426d-a322-eade5aacf863","local_time":"20201224210525","daily_mods":["Draft","Hoarder","Elite Swarm"],"is_ascension_mode":false,"campfire_choices":[{"data":"Armaments","floor":6,"key":"SMITH"},{"floor":15,"key":"REST"},{"data":"Armaments","floor":23,"key":"SMITH"},{"data":"Armaments","floor":25,"key":"SMITH"},{"floor":32,"key":"REST"},{"floor":41,"key":"REST"},{"data":"1","floor":44,"key":"LIFT"},{"floor":47,"key":"REST"},{"floor":49,"key":"REST"}],"circlet_count":0,"master_deck":["Iron Wave","Iron Wave+1","Iron Wave","Pommel Strike","Pommel Strike","Pommel Strike","Thunderclap","Thunderclap","Thunderclap","Iron Wave","Iron Wave+1","Iron Wave","Heavy Blade","Heavy Blade","Heavy Blade","Cleave","Cleave","Cleave","Heavy Blade","Heavy Blade","Heavy Blade","Shrug It Off","Shrug It Off","Shrug It Off","Heavy Blade","Heavy Blade","Heavy Blade","Armaments+1","Armaments+1","Armaments+1","Thunderclap","Thunderclap","Thunderclap","Wild Strike","Wild Strike","Wild Strike","Iron Wave","Iron Wave","Iron Wave","Disarm","Disarm","Disarm","Armaments","Armaments","Armaments","Thunderclap","Thunderclap","Thunderclap","Flex","Flex","Flex","Demon Form","Demon Form","Demon Form","Madness","Madness","Madness","Madness","Madness","Madness"],"relics":["Burning Blood","Vajra","Pear","Potion Belt","InkBottle","Black Star","MutagenicStrength","ClockworkSouvenir","Sling","Red Skull","Centennial Puzzle","CeramicFish","HornCleat","Magic Flower","Self Forming Clay","CaptainsWheel","Blue Candle","Busted Crown","Bronze Scales","Orichalcum","Anchor","Girya","Du-Vu Doll","Whetstone","Strawberry","Torii","Bottled Lightning","Lizard Tail","Bag of Marbles"],"acts_visited":["Exordium","TheCity","TheBeyond"],"potions_floor_usage":[27,33,33,33,40,40,49,50],"damage_taken":[{"damage":5,"enemies":"Small Slimes","floor":1,"turns":2},{"damage":0,"enemies":"Cultist","floor":2,"turns":3},{"damage":0,"enemies":"2 Louse","floor":4,"turns":2},{"damage":5,"enemies":"Large Slime","floor":7,"turns":6},{"damage":14,"enemies":"3 Sentries","floor":8,"turns":4},{"damage":10,"enemies":"Gremlin Nob","floor":10,"turns":4},{"damage":5,"enemies":"Exordium Wildlife","floor":11,"turns":2},{"damage":37,"enemies":"Lagavulin","floor":12,"turns":7},{"damage":7,"enemies":"Blue Slaver","floor":13,"turns":3},{"damage":23,"enemies":"Slime Boss","floor":16,"turns":9},{"damage":29,"enemies":"Shell Parasite","floor":18,"turns":7},{"damage":21,"enemies":"Gremlin Leader","floor":24,"turns":4},{"damage":21,"enemies":"Book of Stabbing","floor":27,"turns":3},{"damage":0,"enemies":"Spheric Guardian","floor":29,"turns":3},{"damage":16,"enemies":"Slavers","floor":30,"turns":3},{"damage":55,"enemies":"Champ","floor":33,"turns":10},{"damage":1,"enemies":"3 Darklings","floor":35,"turns":3},{"damage":52,"enemies":"Reptomancer","floor":40,"turns":5},{"damage":15,"enemies":"Nemesis","floor":42,"turns":5},{"damage":42,"enemies":"Reptomancer","floor":45,"turns":6},{"damage":61,"enemies":"Giant Head","floor":48,"turns":8},{"damage":80,"enemies":"Donu and Deca","floor":50,"turns":8}],"seed_played":"-567031674859551473","potions_obtained":[{"floor":4,"key":"SteroidPotion"},{"floor":8,"key":"FearPotion"},{"floor":10,"key":"Regen Potion"},{"floor":12,"key":"Block Potion"},{"floor":16,"key":"Swift Potion"},{"floor":27,"key":"Strength Potion"},{"floor":29,"key":"Energy Potion"},{"floor":42,"key":"SneckoOil"},{"floor":48,"key":"BloodPotion"}],"is_trial":false,"path_per_floor":["M","M","?","M","$","R","M","E","T","E","M","E","M","?","R","B",null,"M","?","$","?","$","R","E","R","T","E","$","M","E","?","R","B",null,"M","$","?","T","?","E","R","E","T","R","E","$","R","E","R","B",null],"character_chosen":"IRONCLAD","items_purchased":["ClockworkSouvenir","Sling","Block Potion","Self Forming Clay","Bottled Lightning"],"campfire_rested":5,"item_purchase_floors":[20,22,28,28,46],"current_hp_per_floor":[80,80,72,78,78,78,79,71,81,77,78,47,46,35,62,45,90,67,67,67,67,67,67,52,52,52,37,37,46,39,39,66,20,90,90,90,79,79,70,46,73,67,67,67,41,41,70,18,66,81],"gold":151,"neow_bonus":"","is_daily":true,"chose_seed":false,"campfire_upgraded":3,"win_rate":0.0,"timestamp":1608861925,"path_taken":["M","M","?","M","$","R","M","E","T","E","M","E","?","?","R","BOSS","M","?","$","?","$","R","E","R","T","E","?","?","E","?","R","BOSS","M","$","?","?","?","E","R","E","T","R","E","$","R","E","R","BOSS"],"items_purchased_type":["Relic","Relic","Potion","Relic","Relic"],"build_version":"2020-12-22","purchased_purges":0,"victory":true,"max_hp_per_floor":[80,80,80,80,80,80,80,80,90,90,90,90,90,90,90,90,90,90,90,90,90,90,90,90,90,90,90,90,90,90,90,90,90,90,90,90,90,90,90,90,90,90,90,90,97,97,97,97,97,97],"card_choices":[{"not_picked":["Havoc","Warcry"],"picked":"Iron Wave","floor":0},{"not_picked":["Reckless Charge","Seeing Red"],"picked":"Pommel Strike","floor":0},{"not_picked":["Searing Blow","Flame Barrier"],"picked":"Thunderclap","floor":0},{"not_picked":["Sentinel","Heavy Blade"],"picked":"Iron Wave","floor":0},{"not_picked":["Clothesline","Bloodletting"],"picked":"Heavy Blade","floor":0},{"not_picked":["Dual Wield","Heavy Blade"],"picked":"Cleave","floor":0},{"not_picked":["Cleave","Clash"],"picked":"Heavy Blade","floor":0},{"not_picked":["Power Through","Flex"],"picked":"Shrug It Off","floor":0},{"not_picked":["Seeing Red","Combust"],"picked":"Heavy Blade","floor":0},{"not_picked":["Clash","Sword Boomerang"],"picked":"Armaments","floor":0},{"not_picked":["Seeing Red","Perfected Strike"],"picked":"Thunderclap","floor":0},{"not_picked":["Dual Wield","Dropkick"],"picked":"Wild Strike","floor":0},{"not_picked":["Cleave","Havoc"],"picked":"Iron Wave","floor":0},{"not_picked":["Havoc","Body Slam"],"picked":"Disarm","floor":0},{"not_picked":["Clash","Rupture"],"picked":"Armaments","floor":0},{"not_picked":["Combust","Sentinel"],"picked":"Thunderclap","floor":1},{"not_picked":["Entrench","Shrug It Off","Heavy Blade"],"picked":"SKIP","floor":2},{"not_picked":["Shrug It Off","Seeing Red","Heavy Blade"],"picked":"SKIP","floor":4},{"not_picked":["Headbutt","Power Through","Blood for Blood"],"picked":"SKIP","floor":7},{"not_picked":["Juggernaut","Barricade","Immolate"],"picked":"SKIP","floor":8},{"not_picked":["Exhume","Bludgeon","Brutality"],"picked":"SKIP","floor":10},{"not_picked":["Warcry","Clothesline","Whirlwind"],"picked":"SKIP","floor":11},{"not_picked":["Reaper","Immolate","Juggernaut"],"picked":"SKIP","floor":12},{"not_picked":["Warcry","Pommel Strike"],"picked":"Flex","floor":13},{"not_picked":["Fiend Fire","Reaper"],"picked":"Demon Form","floor":16},{"not_picked":["Disarm","Dual Wield+1","Sword Boomerang"],"picked":"SKIP","floor":18},{"not_picked":["Impervious","Offering","Barricade"],"picked":"SKIP","floor":24},{"not_picked":["Corruption","Exhume","Juggernaut"],"picked":"SKIP","floor":27},{"not_picked":["Infernal Blade","Heavy Blade+1","Sentinel"],"picked":"SKIP","floor":29},{"not_picked":["Brutality","Impervious","Corruption"],"picked":"SKIP","floor":30},{"not_picked":["Anger+1"],"picked":"SKIP","floor":35},{"not_picked":["Berserk"],"picked":"SKIP","floor":40},{"not_picked":["Juggernaut"],"picked":"SKIP","floor":42},{"not_picked":["Fiend Fire"],"picked":"SKIP","floor":45},{"not_picked":["Impervious"],"picked":"SKIP","floor":48}],"player_experience":51186,"relics_obtained":[{"floor":8,"key":"Vajra"},{"floor":9,"key":"Pear"},{"floor":10,"key":"Potion Belt"},{"floor":12,"key":"InkBottle"},{"floor":24,"key":"Red Skull"},{"floor":24,"key":"Centennial Puzzle"},{"floor":26,"key":"CeramicFish"},{"floor":27,"key":"HornCleat"},{"floor":27,"key":"Magic Flower"},{"floor":30,"key":"CaptainsWheel"},{"floor":30,"key":"Blue Candle"},{"floor":38,"key":"Bronze Scales"},{"floor":40,"key":"Orichalcum"},{"floor":40,"key":"Anchor"},{"floor":42,"key":"Girya"},{"floor":42,"key":"Du-Vu Doll"},{"floor":43,"key":"Whetstone"},{"floor":45,"key":"Strawberry"},{"floor":45,"key":"Torii"},{"floor":48,"key":"Lizard Tail"},{"floor":48,"key":"Bag of Marbles"}],"event_choices":[{"damage_healed":0,"gold_gain":0,"player_choice":"Damaged","damage_taken":8,"max_hp_gain":0,"max_hp_loss":0,"event_name":"Wheel of Change","floor":3,"gold_loss":0},{"damage_healed":0,"gold_gain":75,"player_choice":"Gather Gold","damage_taken":11,"max_hp_gain":0,"max_hp_loss":0,"event_name":"World of Goop","floor":14,"gold_loss":0},{"damage_healed":0,"gold_gain":0,"player_choice":"Inject Mutagens","damage_taken":0,"relics_obtained":["MutagenicStrength"],"max_hp_gain":0,"max_hp_loss":0,"event_name":"Drug Dealer","floor":19,"gold_loss":0},{"damage_healed":0,"gold_gain":99,"player_choice":"Stole From Cult","damage_taken":0,"max_hp_gain":0,"max_hp_loss":0,"event_name":"Nest","floor":21,"gold_loss":0},{"damage_healed":0,"gold_gain":0,"player_choice":"Simplicity","damage_taken":0,"max_hp_gain":0,"max_hp_loss":0,"event_name":"Back to Basics","floor":31,"gold_loss":0,"cards_upgraded":[]},{"damage_healed":0,"gold_gain":0,"player_choice":"Embrace Madness","damage_taken":11,"max_hp_gain":0,"max_hp_loss":0,"event_name":"Winding Halls","floor":37,"gold_loss":0,"cards_obtained":["Madness","Madness"]},{"damage_healed":0,"gold_gain":0,"player_choice":"Damaged","damage_taken":9,"max_hp_gain":0,"max_hp_loss":0,"event_name":"Wheel of Change","floor":39,"gold_loss":0}],"is_beta":false,"boss_relics":[{"not_picked":["SacredBark","Astrolabe"],"picked":"Black Star"},{"not_picked":["Cursed Key","Coffee Dripper"],"picked":"Busted Crown"}],"items_purged_floors":[],"is_endless":false,"potions_floor_spawned":[4,8,10,12,16,27,29,42,48],"ascension_level":0}}