{"host":"auv68s8i97pkmhwr","time":1608904970,"event":{"mods":["AchievementEnabler","BaseMod","Best Route Mod","Bestiary","Better Altar","Better Match","Better Note","Better Sensory Stone","Better Skull","Better Third Choice","Better Vampires","BetterRewards","Block Reminder","Colored Map","Colored Powertips","Displayed Cursed Tome","Minty Spire (QoL Compilation)","StSLib","SuperFastMode","Uncapped","Unceasing Turn Reminder"],"gold_per_floor":[109,120,70,90,90,123,123,103,103,116,116,157,157,188,188,314,314,337,355,405,405,423,467,483,501,554,554,579,620,645,685,685,804,804,820,1153,641,658,708,733,733,759,835,845,845,877,892,924,924,924,924,924,7,41,41],"floor_reached":56,"playtime":1888,"items_purged":["Strike_B","Strike_B","Strike_B","Zap"],"score":2793,"play_id":"f9f3f6a2-8b1d-4414-876a-984f12bd19e6","local_time":"20201225220250","is_ascension_mode":true,"campfire_choices":[{"data":"White Noise","floor":7.0,"key":"SMITH"},{"floor":11.0,"key":"REST"},{"data":"Capacitor","floor":15.0,"key":"SMITH"},{"floor":27.0,"key":"REST"},{"data":"Coolheaded","floor":32.0,"key":"SMITH"},{"data":"Consume","floor":41.0,"key":"SMITH"},{"floor":49,"key":"RECALL"},{"data":"Biased Cognition","floor":52,"key":"SMITH"}],"circlet_count":0,"master_deck":["AscendersBane","Defend_B","Defend_B","Dualcast","Biased Cognition+1","Sweeping Beam","White Noise+1","Conserve Battery","Defragment+1","Capacitor+1","Coolheaded+1","Ball Lightning","Glacier+1","Capacitor+1","Melter+1","Seek+1","Ball Lightning+1","White Noise+1","Creative AI+1","Defragment+1","Consume+1","Echo Form+1","Defragment+1","Coolheaded+1"],"relics":["Cracked Core","Mango","Gremlin Horn","OrangePellets","Emotion Chip","Turnip","Cables","Torii","Question Card","Pantograph","FossilizedHelix","Frozen Egg 2","Sozu","Juzu Bracelet","Regal Pillow","Lantern","Mummified Hand","Black Star","War Paint","Calipers","The Courier","Shuriken","StrikeDummy","Meat on the Bone","Pear","PreservedInsect","Molten Egg 2","Bottled Tornado","ClockworkSouvenir","Lizard Tail","Bronze Scales","HornCleat","Nunchaku","Eternal Feather","Blue Candle"],"acts_visited":["Exordium","TheCity","TheBeyond","TheEnding"],"potions_floor_usage":[55],"damage_taken":[{"damage":1.0,"enemies":"Jaw Worm","floor":1.0,"turns":3.0},{"damage":7.0,"enemies":"2 Louse","floor":2.0,"turns":2.0},{"damage":0.0,"enemies":"Cultist","floor":4.0,"turns":2.0},{"damage":23.0,"enemies":"Lagavulin","floor":6.0,"turns":5.0},{"damage":2.0,"enemies":"Looter","floor":10.0,"turns":3.0},{"damage":0.0,"enemies":"Gremlin Nob","floor":12.0,"turns":3.0},{"damage":12.0,"enemies":"Lagavulin","floor":14.0,"turns":4.0},{"damage":0.0,"enemies":"The Guardian","floor":16.0,"turns":9.0},{"damage":1.0,"enemies":"Shell Parasite","floor":18.0,"turns":7.0},{"damage":9.0,"enemies":"2 Thieves","floor":19.0,"turns":4.0},{"damage":6.0,"enemies":"Cultist and Chosen","floor":22.0,"turns":4.0},{"damage":30.0,"enemies":"Slavers","floor":23.0,"turns":5.0},{"damage":6.0,"enemies":"Chosen and Byrds","floor":24.0,"turns":2.0},{"damage":7.0,"enemies":"Centurion and Healer","floor":25.0,"turns":4.0},{"damage":0.0,"enemies":"Shelled Parasite and Fungi","floor":28.0,"turns":4.0},{"damage":8.0,"enemies":"Book of Stabbing","floor":29.0,"turns":5.0},{"damage":6.0,"enemies":"Chosen and Byrds","floor":30.0,"turns":3.0},{"damage":11.0,"enemies":"Gremlin Leader","floor":31.0,"turns":4.0},{"damage":0.0,"enemies":"Champ","floor":33.0,"turns":10.0},{"damage":0.0,"enemies":"3 Shapes","floor":35.0,"turns":4.0},{"damage":0.0,"enemies":"3 Darklings","floor":38.0,"turns":3.0},{"damage":0.0,"enemies":"Mind Bloom Boss Battle","floor":39.0,"turns":5.0},{"damage":0.0,"enemies":"Giant Head","floor":40.0,"turns":6.0},{"damage":8.0,"enemies":"Nemesis","floor":42.0,"turns":5.0},{"damage":0.0,"enemies":"Sphere and 2 Shapes","floor":44.0,"turns":4.0},{"damage":0.0,"enemies":"Giant Head","floor":46.0,"turns":6.0},{"damage":0.0,"enemies":"Jaw Worm Horde","floor":47.0,"turns":3.0},{"damage":0,"enemies":"Nemesis","floor":48,"turns":5},{"damage":0,"enemies":"Time Eater","floor":50,"turns":9},{"damage":0,"enemies":"Shield and Spear","floor":54,"turns":3},{"damage":18,"enemies":"The Heart","floor":55,"turns":5}],"seed_played":"-1352029640481618049","potions_obtained":[{"floor":2.0,"key":"GamblersBrew"},{"floor":6.0,"key":"Dexterity Potion"},{"floor":8.0,"key":"LiquidBronze"},{"floor":10.0,"key":"Fire Potion"},{"floor":14.0,"key":"SpeedPotion"}],"is_trial":false,"path_per_floor":["M","M","?","M","?","E","R","?","T","M","R","E","?","E","R","B",null,"M","M","?","?","M","E","M","M","T","R","M","E","M","E","R","B",null,"M","?","$","M","?","E","R","E","T","M","?","E","M","E","R","B",null,"R","$","E","B",null],"character_chosen":"DEFECT","items_purchased":["Biased Cognition","Gremlin Horn","OrangePellets","Emotion Chip","Sweeping Beam","Cables","White Noise","Conserve Battery","Consume","Echo Form+1","War Paint","ClockworkSouvenir","Lizard Tail","Bronze Scales","HornCleat","Nunchaku"],"campfire_rested":2,"item_purchase_floors":[0,0,0,0,0,0,0,0,37,37,37,53,53,53,53,53],"current_hp_per_floor":[81,74,74,74,52,29,29,29,29,27,53,53,53,41,41,66,83,82,73,73,73,67,37,31,24,24,65,65,57,51,40,40,65,83,83,83,83,83,89,89,89,81,81,81,81,91,91,91,91,99,99,99,99,99,81],"gold":41,"neow_bonus":"","is_daily":false,"chose_seed":false,"campfire_upgraded":5,"win_rate":0.0,"timestamp":1608904970,"path_taken":["M","M","?","M","?","E","R","?","T","?","R","E","?","E","R","BOSS","M","M","?","?","M","E","M","M","T","R","M","E","M","E","R","BOSS","M","?","$","M","?","E","R","E","T","M","?","E","M","E","R","BOSS","R","$","E","BOSS"],"items_purchased_type":["Card","Relic","Relic","Relic","Card","Relic","Card","Card","Card","Card","Relic","Relic","Relic","Relic","Relic","Relic"],"build_version":"2020-12-22","purchased_purges":4,"victory":true,"max_hp_per_floor":[89,89,89,89,89,89,89,89,89,89,89,89,89,89,89,89,89,89,89,89,89,89,89,89,89,89,89,89,89,89,89,89,89,89,89,89,89,89,89,89,89,89,89,89,89,99,99,99,99,99,99,99,99,99,99],"card_choices":[{"not_picked":["Reprogram","Conserve Battery","Stack"],"picked":"SKIP","floor":1.0},{"not_picked":["Cold Snap","Coolheaded"],"picked":"Defragment","floor":2.0},{"not_picked":["Compile Driver","Undo"],"picked":"Capacitor","floor":4.0},{"not_picked":["Blizzard","Hologram","Thunder Strike"],"picked":"SKIP","floor":6.0},{"not_picked":["Force Field","Rebound","Compile Driver"],"picked":"Coolheaded","floor":10.0},{"not_picked":["Beam Cell","Undo","Coolheaded"],"picked":"Ball Lightning","floor":12.0},{"not_picked":["Undo","Coolheaded","Aggregate"],"picked":"Glacier","floor":14.0},{"not_picked":["Redo","Steam","Ball Lightning"],"picked":"Capacitor+1","floor":18.0},{"not_picked":["Go for the Eyes","Stack","Turbo"],"picked":"Melter+1","floor":19.0},{"not_picked":["Cold Snap+1","Compile Driver","Turbo","Sweeping Beam"],"picked":"SKIP","floor":22.0},{"not_picked":["Hello World+1","Aggregate","Reinforced Body"],"picked":"Seek","floor":23.0},{"not_picked":["Cold Snap","Beam Cell","Sweeping Beam"],"picked":"Ball Lightning+1","floor":24.0},{"not_picked":["Doom and Gloom","Gash","Double Energy+1","Aggregate+1"],"picked":"SKIP","floor":25.0},{"not_picked":["Compile Driver","Steam Power","Force Field","Ball Lightning"],"picked":"SKIP","floor":28.0},{"not_picked":["Machine Learning+1","Force Field","Gash+1","Tempest"],"picked":"SKIP","floor":29.0},{"not_picked":["Streamline","Hologram","Fusion+1","Conserve Battery"],"picked":"SKIP","floor":30.0},{"not_picked":["Reinforced Body","Leap","Sweeping Beam"],"picked":"White Noise+1","floor":31.0},{"not_picked":["Multi-Cast","Reboot","Meteor Strike"],"picked":"Creative AI+1","floor":33.0},{"not_picked":["Reprogram+1","Cold Snap","Chaos+1"],"picked":"Defragment+1","floor":35.0},{"not_picked":["Doom and Gloom","Redo","Cold Snap+1","Scrape+1"],"picked":"SKIP","floor":38.0},{"not_picked":["Machine Learning+1","Fission","Barrage","Gash+1"],"picked":"SKIP","floor":40.0},{"not_picked":["Reprogram+1","Rebound","Streamline+1","Turbo"],"picked":"SKIP","floor":42.0},{"not_picked":["Reprogram+1","Rebound","Streamline+1","Turbo"],"picked":"SKIP","floor":42.0},{"not_picked":["Heatsinks+1","Steam","Turbo","Darkness+1"],"picked":"SKIP","floor":44.0},{"not_picked":["Gash+1","Darkness+1","Aggregate+1"],"picked":"Defragment+1","floor":46.0},{"not_picked":["Steam+1","Ball Lightning+1","Barrage+1"],"picked":"Coolheaded+1","floor":47.0},{"not_picked":["Go for the Eyes+1","Force Field+1","Creative AI+1","Gash+1"],"picked":"SKIP","floor":48},{"not_picked":["Recycle+1","Ball Lightning+1","Rip and Tear+1","Hologram"],"picked":"SKIP","floor":54}],"player_experience":1249778,"relics_obtained":[{"floor":6.0,"key":"Question Card"},{"floor":9.0,"key":"Pantograph"},{"floor":12.0,"key":"FossilizedHelix"},{"floor":14.0,"key":"Frozen Egg 2"},{"floor":23.0,"key":"Juzu Bracelet"},{"floor":26.0,"key":"Regal Pillow"},{"floor":29.0,"key":"Lantern"},{"floor":31.0,"key":"Mummified Hand"},{"floor":39.0,"key":"Calipers"},{"floor":40.0,"key":"The Courier"},{"floor":40.0,"key":"Shuriken"},{"floor":42.0,"key":"StrikeDummy"},{"floor":42.0,"key":"Meat on the Bone"},{"floor":46.0,"key":"Pear"},{"floor":46.0,"key":"PreservedInsect"},{"floor":48,"key":"Molten Egg 2"},{"floor":48,"key":"Bottled Tornado"},{"floor":54,"key":"Eternal Feather"},{"floor":54,"key":"Blue Candle"}],"event_choices":[{"cards_removed":["Defend_B"],"damage_healed":0.0,"max_hp_gain":0.0,"max_hp_loss":0.0,"gold_gain":0.0,"event_name":"The Cleric","player_choice":"Card Removal","floor":3.0,"gold_loss":50.0,"damage_taken":0.0},{"damage_healed":0.0,"max_hp_gain":0.0,"max_hp_loss":0.0,"gold_gain":0.0,"event_name":"Golden Idol","player_choice":"Take Damage","floor":5.0,"gold_loss":0.0,"damage_taken":22.0,"relics_obtained":["Golden Idol"]},{"damage_healed":0.0,"max_hp_gain":0.0,"max_hp_loss":0.0,"gold_gain":0.0,"event_name":"The Woman in Blue","player_choice":"Bought 1 Potion","floor":8.0,"gold_loss":0.0,"damage_taken":0.0},{"damage_healed":0.0,"max_hp_gain":0.0,"max_hp_loss":0.0,"gold_gain":0.0,"event_name":"Living Wall","player_choice":"Grow","floor":13.0,"gold_loss":0.0,"damage_taken":0.0,"cards_upgraded":["Defragment"]},{"damage_healed":0.0,"max_hp_gain":0.0,"max_hp_loss":0.0,"gold_gain":100.0,"event_name":"The Joust","player_choice":"Bet on Murderer","floor":20.0,"gold_loss":50.0,"damage_taken":0.0},{"cards_removed":["Strike_B"],"damage_healed":0.0,"max_hp_gain":0.0,"max_hp_loss":0.0,"gold_gain":0.0,"event_name":"Bonfire Elementals","player_choice":"Offered Basic","floor":21.0,"gold_loss":0.0,"damage_taken":0.0},{"damage_healed":0.0,"max_hp_gain":0.0,"max_hp_loss":0.0,"gold_gain":333.0,"event_name":"The Moai Head","player_choice":"Gave Idol","floor":36.0,"relics_lost":["Golden Idol"],"gold_loss":0.0,"damage_taken":0.0},{"damage_healed":0.0,"max_hp_gain":0.0,"max_hp_loss":0.0,"gold_gain":0.0,"event_name":"MindBloom","player_choice":"Fight","floor":39.0,"gold_loss":0.0,"damage_taken":0.0},{"cards_removed":["Defend_B"],"damage_healed":0.0,"max_hp_gain":0.0,"max_hp_loss":0.0,"gold_gain":0.0,"event_name":"Purifier","player_choice":"Purged","floor":45.0,"gold_loss":0.0,"damage_taken":0.0}],"is_beta":false,"boss_relics":[{"not_picked":["Runic Pyramid","Calling Bell"],"picked":"Sozu"},{"not_picked":["Tiny House","Inserter"],"picked":"Black Star"}],"items_purged_floors":[0,0,37,53],"is_endless":false,"potions_floor_spawned":[2,6,10,14,22,23,24,28,31,33,39,40,44],"ascension_level":10}}