{"host":"dntw6kil9p09eemm","time":1608882736,"event":{"mods":["Alarm Clock","Aspiration","BaseMod","Colored Powertips","Downfall","Hermit","Hubris","Minty Spire (QoL Compilation)","Permanent Neow","Shop Mod","Spicy Shops","StSLib"],"gold_per_floor":[119,136,147,1,15,15,15,33,33,50,382,382,395,428,428,428,428,428],"floor_reached":16,"playtime":699,"items_purged":[],"score":114,"play_id":"a47cf7d3-a6b2-4f30-a8b1-e85a3377c3fb","local_time":"20201225165216","is_ascension_mode":false,"campfire_choices":[{"data":"Guardian:TwinSlam","floor":6,"key":"SMITH"},{"floor":15,"key":"REST"}],"circlet_count":0,"master_deck":["Guardian:Strike_Guardian","Guardian:Strike_Guardian","Guardian:Strike_Guardian","Guardian:Defend_Guardian","Guardian:Defend_Guardian","Guardian:Defend_Guardian","Guardian:CurlUp","Guardian:TwinSlam+1","Guardian:PiercingHide","Guardian:VentSteam","Guardian:TimeBomb","Guardian:Gem_Blue","Guardian:PiercingHide","Guardian:Gem_Yellow","Guardian:SpikerProtocol","Guardian:Gem_Lightblue"],"relics":["Guardian:ModeShifter","Strawberry","Bag of Preparation","Old Coin","Bottled Lightning"],"acts_visited":["Exordium"],"potions_floor_usage":[16,16],"damage_taken":[{"damage":2,"enemies":"Small Slimes","floor":1,"turns":3},{"damage":5,"enemies":"Jaw Worm","floor":2,"turns":4},{"damage":0,"enemies":"Cultist","floor":3,"turns":3},{"damage":0,"enemies":"Large Slime","floor":5,"turns":6},{"damage":9,"enemies":"Blue Slaver","floor":8,"turns":5},{"damage":3,"enemies":"2 Fungi Beasts","floor":10,"turns":4},{"damage":27,"enemies":"Gremlin Nob","floor":11,"turns":4},{"damage":1,"enemies":"Red Slaver","floor":13,"turns":4},{"damage":32,"enemies":"3 Sentries","floor":14,"turns":6},{"damage":44,"enemies":"Slime Boss","floor":16,"turns":7}],"seed_played":"-260716346608326049","potions_obtained":[{"floor":2,"key":"Dexterity Potion"},{"floor":10,"key":"ColorlessPotion"},{"floor":14,"key":"Strength Potion"}],"is_trial":false,"path_per_floor":["M","M","M","$","M","R","?","M","T","M","E","?","M","E","R","B"],"character_chosen":"GUARDIAN","items_purchased":["Strawberry"],"campfire_rested":1,"item_purchase_floors":[4],"current_hp_per_floor":[78,73,73,80,80,80,80,71,71,68,41,41,40,8,34,0,0,0],"gold":428,"neow_bonus":"REMOVE_CARD","is_daily":false,"chose_seed":false,"campfire_upgraded":1,"win_rate":0.0,"timestamp":1608882736,"path_taken":["M","M","M","$","M","R","?","M","T","M","E","?","?","E","R","BOSS"],"items_purchased_type":["Relic"],"build_version":"2020-12-22","purchased_purges":0,"victory":false,"max_hp_per_floor":[80,80,80,87,87,87,87,87,87,87,87,87,87,87,87,87,87,87],"card_choices":[{"not_picked":["Guardian:Gem_Lightblue","Guardian:VentSteam"],"picked":"Guardian:PiercingHide","floor":1},{"not_picked":["Guardian:Repulse","Guardian:WalkerClaw","Guardian:Reroute"],"picked":"SKIP","floor":2},{"not_picked":["Guardian:Gem_Green","Guardian:TemporalStrike"],"picked":"Guardian:VentSteam","floor":3},{"not_picked":["Guardian:TimeSifter","Guardian:Gem_Lightblue"],"picked":"Guardian:TimeBomb","floor":5},{"not_picked":["Guardian:Planning","Guardian:ChargeCore"],"picked":"Guardian:Gem_Blue","floor":8},{"not_picked":["Guardian:Gem_Fragmented","Guardian:PrismaticBeam"],"picked":"Guardian:PiercingHide","floor":10},{"not_picked":["Guardian:PiercingHide","Guardian:Gem_Green"],"picked":"Guardian:Gem_Yellow","floor":11},{"not_picked":["Guardian:GuardianWhirl","Guardian:ChargeUp"],"picked":"Guardian:SpikerProtocol","floor":13},{"not_picked":["Guardian:Recover","Guardian:Gem_Crimson"],"picked":"Guardian:Gem_Lightblue","floor":14}],"player_experience":449743,"relics_obtained":[{"floor":9,"key":"Bag of Preparation"},{"floor":11,"key":"Old Coin"},{"floor":14,"key":"Bottled Lightning"}],"event_choices":[{"cards_removed":["Guardian:Strike_Guardian"],"damage_healed":0,"gold_gain":0,"player_choice":"Offered Basic","damage_taken":0,"max_hp_gain":0,"max_hp_loss":0,"event_name":"Bonfire Elementals","floor":12,"gold_loss":0}],"is_beta":false,"boss_relics":[],"items_purged_floors":[],"is_endless":false,"potions_floor_spawned":[2,10,14],"killed_by":"Slime Boss","ascension_level":0}}