{"host":"ÇïÍ¥»¨¿ªÃÎÀïÏã","time":1608872005,"event":{"mods":["ATMod(°¢èªMod)","BaseMod","Custom Start","Minty Spire (QoL Compilation)","Replay The Spire","StSLib","Waifu the Spire","¡¾ÒÅÎï¿¨ÅÆ¡¿REMEMod"],"gold_per_floor":[114,126,126,126,76,107,107,207,234,247,272,296,296,41,41,161,161,177,95,110,110,163,163,63,63,112,137,157,256,256,269,269,397,397,411,26,42,61,76,109,127,127,127,107,107,131,147,99,99,99,99,99,51,89,89],"floor_reached":56,"playtime":2240,"items_purged":["Strike_B","Defend_B","AT_ThunderBolt"],"score":1673,"play_id":"a767a4b7-4a42-4dc2-b570-571aa671404a","local_time":"20201225125325","is_ascension_mode":true,"campfire_choices":[{"data":"Ball Lightning","floor":7.0,"key":"SMITH"},{"floor":15.0,"key":"RECALL"},{"data":"REME_SelfUpgrade","floor":23.0,"key":"SMITH"},{"data":"Turbo","floor":25.0,"key":"SMITH"},{"data":"AT_StudyProgram","floor":30.0,"key":"SMITH"},{"data":"Biased Cognition","floor":32.0,"key":"SMITH"},{"floor":42.0,"key":"REST"},{"data":"Biased Cognition","floor":45.0,"key":"SMITH"},{"floor":49,"key":"DIG"},{"data":"Reboot","floor":52,"key":"SMITH"}],"circlet_count":0,"master_deck":["Defend_B","Defend_B","AT_ShrugMaster","Reboot+1","Ball Lightning+1","AT_StudyProgram+1","REME_FirmDetermination","Recycle","Biased Cognition+1","Coolheaded","REME_SelfUpgrade+1","Storm","Turbo+1","Core Surge","Panic Button+1","White Noise+1","Biased Cognition+1","Rip and Tear+1"],"relics":["Cracked Core","AT_ATBox","REME_ComplimentaryCards","NeowsBlessing","Golden Idol","AT_RabadonDeathcap","Runic Pyramid","AT_ArcaneBoots","Empty Cage","Prayer Wheel","Mummified Hand","AT_ArchangelStaff","Lizard Tail","Pen Nib","AT_BladeRuinedKing"],"acts_visited":["Exordium","TheCity","TheBeyond","TheEnding"],"potions_floor_usage":[50,54],"damage_taken":[{"damage":0.0,"enemies":"Small Slimes","floor":1.0,"turns":1.0},{"damage":0.0,"enemies":"Jaw Worm","floor":2.0,"turns":1.0},{"damage":0.0,"enemies":"Lagavulin","floor":6.0,"turns":1.0},{"damage":0.0,"enemies":"Cultist","floor":10.0,"turns":2.0},{"damage":3.0,"enemies":"2 Fungi Beasts","floor":11.0,"turns":3.0},{"damage":9.0,"enemies":"3 Louse","floor":12.0,"turns":3.0},{"damage":19.0,"enemies":"Fading Forest","floor":16.0,"turns":13.0},{"damage":0.0,"enemies":"Spheric Guardian","floor":18.0,"turns":4.0},{"damage":0.0,"enemies":"Chosen","floor":20.0,"turns":5.0},{"damage":22.0,"enemies":"Shelled Parasite and Fungi","floor":22.0,"turns":4.0},{"damage":4.0,"enemies":"3 Cultists","floor":27.0,"turns":3.0},{"damage":3.0,"enemies":"Snake Plant","floor":28.0,"turns":3.0},{"damage":0.0,"enemies":"Snecko","floor":31.0,"turns":4.0},{"damage":30.0,"enemies":"Automaton","floor":33.0,"turns":9.0},{"damage":2.0,"enemies":"Orb Walker","floor":35.0,"turns":3.0},{"damage":23.0,"enemies":"3 Darklings","floor":37.0,"turns":2.0},{"damage":6.0,"enemies":"Writhing Mass","floor":38.0,"turns":5.0},{"damage":10.0,"enemies":"Spire Growth","floor":39.0,"turns":3.0},{"damage":0.0,"enemies":"Giant Head","floor":40.0,"turns":6.0},{"damage":0.0,"enemies":"Maw","floor":41.0,"turns":4.0},{"damage":10.0,"enemies":"Transient","floor":46.0,"turns":5.0},{"damage":0.0,"enemies":"Spire Growth","floor":47.0,"turns":3.0},{"damage":0,"enemies":"Donu and Deca","floor":50,"turns":5},{"damage":12,"enemies":"Shield and Spear","floor":54,"turns":3},{"damage":11,"enemies":"The Heart","floor":55,"turns":6}],"seed_played":"-7881729127308165477","potions_obtained":[{"floor":6.0,"key":"Fire Potion"},{"floor":11.0,"key":"REME_GoldPotion"},{"floor":12.0,"key":"SkillPotion"},{"floor":20.0,"key":"GamblersBrew"},{"floor":22.0,"key":"AttackPotion"},{"floor":37.0,"key":"EntropicBrew"},{"floor":39.0,"key":"SpeedPotion"},{"floor":41.0,"key":"BlessingOfTheForge"},{"floor":54,"key":"Dexterity Potion"}],"is_trial":false,"path_per_floor":["M","M","?","?","?","E","R","?","T","M","M","M","?","$","R","B",null,"M","$","M","?","M","R","$","R","T","M","M","?","R","M","R","B",null,"M","$","M","M","M","E","M","R","T","?","R","M","M","$","R","B",null,"R","$","E","B",null],"character_chosen":"DEFECT","items_purchased":["REME_FirmDetermination","Recycle","REME_SelfUpgrade","Mummified Hand","Swift Potion","AttackPotion"],"campfire_rested":1,"item_purchase_floors":[14,14,19,36,48,53],"current_hp_per_floor":[68,68,68,68,68,68,68,68,68,68,65,56,56,56,56,37,61,61,61,61,61,39,39,39,39,39,35,32,32,32,32,32,2,52,50,50,27,21,11,11,11,31,31,31,31,21,21,21,21,21,57,57,57,45,34],"gold":89,"neow_bonus":"THREE_ENEMY_KILL","is_daily":false,"chose_seed":false,"campfire_upgraded":7,"win_rate":0.0,"timestamp":1608872005,"path_taken":["M","M","?","?","?","E","R","?","T","M","?","M","?","$","R","BOSS","M","$","M","?","M","R","?","R","T","M","M","?","R","M","R","BOSS","M","$","M","M","M","E","M","R","T","?","R","?","M","?","R","BOSS","R","$","E","BOSS"],"items_purchased_type":["Card","Card","Card","Relic","Potion","Potion"],"build_version":"2020-12-18","purchased_purges":3,"victory":true,"max_hp_per_floor":[75,75,75,69,69,69,69,69,69,69,69,69,69,69,69,69,69,69,69,69,69,69,69,69,69,69,69,69,69,69,69,69,69,69,69,69,69,69,69,69,69,69,69,69,69,69,69,69,69,69,69,69,69,69,69],"card_choices":[{"not_picked":["Leap","Barrage","Compile Driver"],"picked":"SKIP","floor":1.0},{"not_picked":["Redo","Reinforced Body","AT_HeatAcrobatics"],"picked":"SKIP","floor":2.0},{"not_picked":["Compile Driver","Redo"],"picked":"Ball Lightning","floor":6.0},{"not_picked":["Ball Lightning","Thunder Strike"],"picked":"AT_StudyProgram","floor":10.0},{"not_picked":["ReplaySolidLightProjector","Darkness","ReplayTheSpireMod:Repulse"],"picked":"SKIP","floor":11.0},{"not_picked":["Aggregate","Turbo"],"picked":"AT_ThunderBolt","floor":12.0},{"not_picked":["Mirror Shield","Multi-Cast"],"picked":"Biased Cognition","floor":16.0},{"not_picked":["Melter+1","Rebound"],"picked":"Coolheaded","floor":18.0},{"not_picked":["Streamline","Coolheaded","Barrage+1","Gash"],"picked":"SKIP","floor":20.0},{"not_picked":["Rip and Tear+1","AT_ThreeBodyProblem","ReplayTheSpireMod:Repulse"],"picked":"Turbo","floor":22.0},{"not_picked":["Streamline","Time Bomb","FIFO Queue","ReplaySolidLightProjector","Gash"],"picked":"SKIP","floor":27.0},{"not_picked":["Streamline","Loop","AT_ThunderBolt","AT_HeatAcrobatics"],"picked":"Core Surge","floor":28.0},{"not_picked":["Conserve Battery","REME_Whirling","Crystallizer","FTL","Ball Lightning+1"],"picked":"SKIP","floor":31.0},{"not_picked":["Meteor Strike","AT_WaterDrop","Creative AI","REME_ForAll"],"picked":"ReplayTheSpireMod:Fabricate Wheel","floor":33.0},{"not_picked":["REME_Whirling","BasicCrystalCard","Scrape","Reinforced Body","Beam Cell"],"picked":"SKIP","floor":35.0},{"not_picked":["Crystallizer","Reinforced Body","Self Repair","Scrape+1","Beam Cell+1"],"picked":"SKIP","floor":35.0},{"not_picked":["Coolheaded","Sweeping Beam","Gash","Steam"],"picked":"Panic Button+1","floor":37.0},{"not_picked":["Coolheaded","Streamline","REME_Whirling+1","Chaos+1","Melter"],"picked":"SKIP","floor":37.0},{"not_picked":["Turbo","Rebound","Echo Form","Cold Snap","Compile Driver"],"picked":"SKIP","floor":38.0},{"not_picked":["Redo","Gash","Sunder","Panic Button","REME_SelfUpgrade"],"picked":"SKIP","floor":38.0},{"not_picked":["Streamline+1","Compile Driver","BasicCrystalCard","REME_Whirling+1","ReplaySort"],"picked":"SKIP","floor":39.0},{"not_picked":["Tempest+1","Loop+1","Turbo","Stack","Go for the Eyes+1"],"picked":"SKIP","floor":39.0},{"not_picked":["Sweeping Beam","Panic Button","Time Bomb+1","Redo+1"],"picked":"White Noise+1","floor":40.0},{"not_picked":["Turbo+1","Steam","Streamline+1","Undo+1"],"picked":"Biased Cognition","floor":41.0},{"not_picked":["Genetic Algorithm+1","Beam Cell","Auto Shields","Ball Lightning","Compile Driver"],"picked":"SKIP","floor":41.0},{"not_picked":["Leap+1","BasicCrystalCard+1","Double Energy","AT_StudyProgram"],"picked":"Rip and Tear+1","floor":46.0},{"not_picked":["ReplayTheSpireMod:System Scan","Tempest","Lockon","Coolheaded","Defragment"],"picked":"SKIP","floor":46.0},{"not_picked":["Recycle+1","REME_Compress","AT_WarpDrive"],"picked":"SKIP","floor":47},{"not_picked":["Steam+1","Undo+1","Beam Cell"],"picked":"SKIP","floor":47},{"not_picked":["Aggregate+1","Conserve Battery+1","Stack","Rebound","Rainbow"],"picked":"SKIP","floor":54}],"player_experience":457490,"relics_obtained":[{"floor":6.0,"key":"AT_RabadonDeathcap"},{"floor":26.0,"key":"AT_SpeedBoots"},{"floor":40.0,"key":"AT_ArchangelStaff"},{"floor":43.0,"key":"Lizard Tail"},{"floor":49,"key":"Pen Nib"},{"floor":54,"key":"AT_BladeRuinedKing"}],"event_choices":[{"damage_healed":0.0,"max_hp_gain":0.0,"max_hp_loss":6.0,"gold_gain":0.0,"event_name":"Golden Idol","player_choice":"Lose Max HP","floor":4.0,"gold_loss":0.0,"damage_taken":0.0,"relics_obtained":["Golden Idol"]},{"cards_removed":["Strike_B"],"damage_healed":0.0,"max_hp_gain":0.0,"max_hp_loss":0.0,"gold_gain":0.0,"event_name":"The Cleric","player_choice":"Card Removal","floor":5.0,"gold_loss":50.0,"damage_taken":0.0},{"damage_healed":0.0,"max_hp_gain":0.0,"max_hp_loss":0.0,"gold_gain":100.0,"event_name":"Golden Shrine","player_choice":"Pray","floor":8.0,"gold_loss":0.0,"damage_taken":0.0},{"cards_removed":["Strike_B"],"damage_healed":0.0,"max_hp_gain":0.0,"max_hp_loss":0.0,"gold_gain":0.0,"event_name":"Living Wall","player_choice":"Forget","floor":13.0,"gold_loss":0.0,"damage_taken":0.0},{"damage_healed":0.0,"max_hp_gain":0.0,"max_hp_loss":0.0,"gold_gain":0.0,"cards_transformed":["Defend_B"],"event_name":"Transmorgrifier","player_choice":"Transformed","floor":21.0,"gold_loss":0.0,"damage_taken":0.0,"cards_obtained":["Storm"]},{"damage_healed":0.0,"max_hp_gain":0.0,"max_hp_loss":0.0,"gold_gain":99.0,"event_name":"Nest","player_choice":"Stole From Cult","floor":29.0,"gold_loss":0.0,"damage_taken":0.0},{"damage_healed":0.0,"max_hp_gain":0.0,"max_hp_loss":0.0,"gold_gain":0.0,"event_name":"The Woman in Blue","player_choice":"Bought 1 Potion","floor":44.0,"gold_loss":0.0,"damage_taken":0.0}],"is_beta":true,"boss_relics":[{"not_picked":["Ectoplasm","REME_LowDesire"],"picked":"Runic Pyramid"},{"not_picked":["REME_ChargedStone","Runic Dome"],"picked":"Empty Cage"}],"items_purged_floors":[14,24,36],"is_endless":false,"potions_floor_spawned":[6,11,12,20,22,37,39,41,46,54],"ascension_level":8}}