{"host":"fj97s2ebyjeio3oc","time":1608933971,"event":{"mods":["AchievementEnabler","BaseMod","Colored Map","Colored Powertips","Hermit","Hubris","Infinite Spire","Koishi","Minty Spire (QoL Compilation)","StSLib","The Animator","The Bug Knight","The Cursed","The Disciple","The Jungle","The Necromancer"],"gold_per_floor":[363,40,55,67,67,92,92,109,109,9,42,42,60,77,77,176,226,241,241,56,56,68,68,146,146,172,141,141,151,0,34,34,133,183,195,245,195,263,329,329,329,329],"floor_reached":41,"playtime":2966,"items_purged":["Strike_G","Defend_G","Strike_G","Strike_G"],"score":584,"play_id":"26961081-9e7f-4eb5-acd2-be06a01f93e2","local_time":"20201225230611","is_ascension_mode":true,"campfire_choices":[{"floor":7,"key":"REST"},{"floor":15,"key":"REST"},{"floor":23,"key":"REST"},{"data":"Crippling Poison","floor":25,"key":"SMITH"},{"data":"Tools of the Trade","floor":32,"key":"SMITH"},{"floor":40,"key":"REST"}],"circlet_count":0,"master_deck":["Defend_G","Defend_G","Defend_G","Survivor","Neutralize","Deadly Poison","Blur","Tactician","Deadly Poison","Cloak And Dagger","Bane","infinitespire:Neurotoxin+1","Catalyst+1","Reflex","Deadly Poison+1","Crippling Poison+1","Poisoned Stab","Leg Sweep","Cloak And Dagger","Tools of the Trade+1","Escape Plan","hubris:NaturalOne","Envenom","Underhanded Strike","Mayhem","Panache","Good Instincts","Deflect+1","Parasite","Underhanded Strike"],"relics":["Ring of the Snake","hubris:MobiusCoin","StrikeDummy","hubris:Potato","hubris:OldNail","Smiling Mask","hubris:ScarierMask","MealTicket","hubris:Icosahedron","infinitespire:Lucky Rock","The Courier","Empty Cage"],"acts_visited":["Exordium","TheCity","TheBeyond"],"potions_floor_usage":[6,11,16,24,31,31,33,41],"damage_taken":[{"damage":0,"enemies":"Cultist","floor":1,"turns":4},{"damage":3,"enemies":"Jaw Worm","floor":3,"turns":6},{"damage":0,"enemies":"2 Louse","floor":4,"turns":3},{"damage":22,"enemies":"Lagavulin","floor":6,"turns":6},{"damage":13,"enemies":"Lots of Slimes","floor":8,"turns":7},{"damage":10,"enemies":"Gremlin Nob","floor":11,"turns":3},{"damage":17,"enemies":"Exordium Thugs","floor":13,"turns":5},{"damage":1,"enemies":"Looter","floor":14,"turns":3},{"damage":24,"enemies":"Hexaghost","floor":16,"turns":9},{"damage":31,"enemies":"Shell Parasite","floor":18,"turns":7},{"damage":2,"enemies":"3 Byrds","floor":22,"turns":5},{"damage":8,"enemies":"Slavers","floor":24,"turns":6},{"damage":14,"enemies":"Centurion and Healer","floor":27,"turns":3},{"damage":4,"enemies":"3 Cultists","floor":29,"turns":4},{"damage":1,"enemies":"Gremlin Leader","floor":31,"turns":4},{"damage":23,"enemies":"hubris:MusketHawk","floor":33,"turns":5},{"damage":10,"enemies":"Orb Walker","floor":35,"turns":4},{"damage":0,"enemies":"3 Shapes","floor":38,"turns":5},{"damage":40,"enemies":"Writhing Mass","floor":39,"turns":4},{"damage":48,"enemies":"Reptomancer","floor":41,"turns":3}],"seed_played":"7927332295010229407","potions_obtained":[{"floor":3,"key":"DuplicationPotion"},{"floor":4,"key":"LiquidMemories"},{"floor":14,"key":"LiquidMemories"},{"floor":22,"key":"EssenceOfSteel"},{"floor":24,"key":"DistilledChaos"},{"floor":31,"key":"Regen Potion"},{"floor":38,"key":"Fire Potion"}],"is_trial":false,"path_per_floor":["M","$","M","M","T","E","R","M","T","$","E","$","M","M","R","B",null,"M","?","$","?","M","R","E","R","T","M","?","M","$","E","R","B",null,"M","?","$","M","M","R","E"],"character_chosen":"THE_SILENT","items_purchased":["hubris:MobiusCoin","MealTicket","Reflex","Tools of the Trade"],"campfire_rested":4,"item_purchase_floors":[2,20,20,30],"current_hp_per_floor":[49,49,46,46,46,24,45,32,32,32,22,22,5,4,25,1,70,39,39,39,39,37,58,50,50,50,36,36,32,47,46,46,38,70,60,50,65,65,25,46,0,0],"gold":329,"neow_bonus":"TWO_FIFTY_GOLD","is_daily":false,"chose_seed":false,"campfire_upgraded":2,"win_rate":0.0,"timestamp":1608933971,"path_taken":["M","$","?","?","?","E","R","M","T","?","E","$","?","M","R","BOSS","M","?","?","?","M","R","E","R","T","M","?","?","$","E","R","BOSS","M","?","$","M","M","R","E"],"items_purchased_type":["Relic","Relic","Card","Card"],"build_version":"2020-12-22","purchased_purges":4,"victory":false,"max_hp_per_floor":[70,70,70,70,70,70,70,70,70,70,70,70,70,70,70,70,70,70,70,70,70,70,70,70,70,70,70,70,70,70,70,70,70,70,70,70,70,70,70,70,70,70],"card_choices":[{"not_picked":["Dagger Spray","Slice"],"picked":"Deadly Poison","floor":1},{"not_picked":["hubris:Counter","hubris:TrickCloak"],"picked":"Blur","floor":3},{"not_picked":["Acrobatics","Finisher"],"picked":"Tactician","floor":4},{"not_picked":["Deflect","Bane"],"picked":"Deadly Poison","floor":6},{"not_picked":["Prepared","Poisoned Stab"],"picked":"Cloak And Dagger","floor":8},{"not_picked":["Heel Hook","Flechettes","Sucker Punch"],"picked":"SKIP","floor":11},{"not_picked":["hubris:SlightOfHand","Deflect"],"picked":"Bane","floor":13},{"not_picked":["Dodge and Roll","Grand Finale","Expertise"],"picked":"SKIP","floor":14},{"not_picked":["Night Terror","After Image"],"picked":"infinitespire:Neurotoxin","floor":16},{"not_picked":["Calculated Gamble+1","hubris:Counter"],"picked":"Catalyst+1","floor":18},{"not_picked":["Dagger Throw","Infinite Blades"],"picked":"Deadly Poison+1","floor":22},{"not_picked":["Escape Plan+1","Setup"],"picked":"Crippling Poison","floor":24},{"not_picked":["Choke","Masterful Stab+1"],"picked":"Poisoned Stab","floor":27},{"not_picked":["Prepared","Flying Knee"],"picked":"Cloak And Dagger","floor":29},{"not_picked":["Quick Slash","Slice"],"picked":"Escape Plan","floor":31},{"not_picked":["Night Terror","Adrenaline"],"picked":"Envenom","floor":33},{"not_picked":["Choke+1","Quick Slash+1"],"picked":"Underhanded Strike","floor":35},{"not_picked":["Forethought","Mind Blast"],"picked":"Mayhem","floor":36},{"not_picked":["Dark Shackles","Mind Blast"],"picked":"Panache","floor":36},{"not_picked":["Transmutation","Jack Of All Trades"],"picked":"Good Instincts","floor":36},{"not_picked":["Leg Sweep+1","Sucker Punch"],"picked":"Deflect+1","floor":38},{"not_picked":["Skewer","Riddle With Holes+1"],"picked":"Underhanded Strike","floor":39}],"player_experience":443125,"relics_obtained":[{"floor":5,"key":"StrikeDummy"},{"floor":6,"key":"hubris:Potato"},{"floor":9,"key":"hubris:OldNail"},{"floor":11,"key":"Smiling Mask"},{"floor":24,"key":"infinitespire:Lucky Rock"},{"floor":31,"key":"The Courier"}],"event_choices":[{"damage_healed":0,"gold_gain":0,"player_choice":"Upgraded","damage_taken":0,"max_hp_gain":0,"max_hp_loss":0,"event_name":"Upgrade Shrine","floor":19,"gold_loss":0,"cards_upgraded":["infinitespire:Neurotoxin"]},{"damage_healed":0,"gold_gain":0,"cards_transformed":["Strike_G"],"player_choice":"Transformed","damage_taken":0,"max_hp_gain":0,"max_hp_loss":0,"event_name":"Transmorgrifier","floor":28,"gold_loss":0,"cards_obtained":["Leg Sweep"]},{"damage_healed":0,"gold_gain":0,"player_choice":"Memory 3","damage_taken":10,"max_hp_gain":0,"max_hp_loss":0,"event_name":"SensoryStone","floor":36,"gold_loss":0}],"is_beta":false,"boss_relics":[{"not_picked":["SacredBark","hubris:CrackedHourglass"],"picked":"hubris:ScarierMask"},{"not_picked":["Pandora\u0027s Box","Velvet Choker"],"picked":"Empty Cage"}],"items_purged_floors":[2,10,20,37],"is_endless":false,"potions_floor_spawned":[3,4,14,22,24,31,38],"killed_by":"Reptomancer","ascension_level":4}}