{"host":"hu38hxukylnnynm2","time":1608916384,"event":{"mods":["AchievementEnabler","BaseMod","Card Forge","Colored Powertips","DNKmod","DeckTracker","Friendly Minions","Highlight Path","Minty Spire (QoL Compilation)","Spicy Shops","StSLib"],"gold_per_floor":[1114,1114,1132,1151,1151,1182,1192,1192,1219,1306,1348,1360,415,449,449,554,554,573,573,597,86,102,134,134,160,160,191,191,114,124,142,142,240,240,259,259,13,364,0,31,58,58,58],"floor_reached":42,"playtime":2893,"items_purged":[],"score":984,"play_id":"ded58bb8-1a3d-438d-895c-7b5a75511d4b","local_time":"20201225121304","is_ascension_mode":true,"campfire_choices":[{"floor":12.0,"key":"REST"},{"floor":15.0,"key":"REST"},{"floor":24.0,"key":"RECALL"},{"floor":28.0,"key":"REST"},{"floor":32.0,"key":"REST"}],"circlet_count":0,"master_deck":["Strike_P+1","Strike_P+1","Strike_P+1","Strike_P+1","Defend_P+1","Defend_P+1","Defend_P+1","Defend_P+1","Eruption+1","Vigilance+1","Mayhem+1","Panache+1","Mayhem+1","Panache+1","Mayhem+1","Panache+1","Mayhem+1","Panache+1","Mayhem+1","Panache+1","Mayhem+1","Panache+1","Pray+1","CrushJoints+1","Meditate+1","DeusExMachina+1","SashWhip+1","FollowUp+1","Magnetism+1","InnerPeace+1","Vault+1","Wallop+1","Swivel+1","TalkToTheHand+1","ThirdEye+1","Omniscience+1","ReachHeaven+1","Ragnarok+1","CurseOfTheBell","WheelKick+1","Madness+1","Madness+1","CutThroughFate+1"],"relics":["PureWater","Hammer of Thor","Seething Fire","Anvil of the Gods","Oddly Smooth Stone","Gremlin Horn","MawBank","Art of War","Blood Vial","Yang","Ornamental Fan","Bag of Marbles","Lantern","Fusion Hammer","MutagenicStrength","Vajra","Pen Nib","Happy Flower","Lee\u0027s Waffle","Orichalcum","Turnip","CloakClasp","Pear","Potion Belt","Strange Spoon","Calling Bell","Nunchaku","Meat on the Bone","WingedGreaves","Kunai","Old Coin","Red Mask","War Paint","Anchor"],"acts_visited":["Exordium","TheCity","TheBeyond"],"potions_floor_usage":[42,42,42,42],"damage_taken":[{"damage":0.0,"enemies":"2 Louse","floor":1.0,"turns":2.0},{"damage":10.0,"enemies":"Small Slimes","floor":3.0,"turns":2.0},{"damage":3.0,"enemies":"Jaw Worm","floor":4.0,"turns":2.0},{"damage":0.0,"enemies":"3 Sentries","floor":6.0,"turns":2.0},{"damage":4.0,"enemies":"3 Louse","floor":7.0,"turns":2.0},{"damage":20.0,"enemies":"Lagavulin","floor":11.0,"turns":4.0},{"damage":5.0,"enemies":"3 Sentries","floor":14.0,"turns":3.0},{"damage":25.0,"enemies":"The Guardian","floor":16.0,"turns":5.0},{"damage":3.0,"enemies":"Chosen","floor":18.0,"turns":2.0},{"damage":7.0,"enemies":"Spheric Guardian","floor":22.0,"turns":3.0},{"damage":9.0,"enemies":"Book of Stabbing","floor":23.0,"turns":4.0},{"damage":22.0,"enemies":"Slavers","floor":25.0,"turns":3.0},{"damage":0.0,"enemies":"Book of Stabbing","floor":27.0,"turns":3.0},{"damage":0.0,"enemies":"3 Cultists","floor":30.0,"turns":3.0},{"damage":0.0,"enemies":"Snecko","floor":31.0,"turns":3.0},{"damage":0.0,"enemies":"Automaton","floor":33.0,"turns":3.0},{"damage":0.0,"enemies":"3 Darklings","floor":35.0,"turns":3.0},{"damage":11.0,"enemies":"2 Orb Walkers","floor":38.0,"turns":3.0},{"damage":0.0,"enemies":"Giant Head","floor":40.0,"turns":5.0},{"damage":92.0,"enemies":"Reptomancer","floor":41.0,"turns":4.0},{"damage":24,"enemies":"Nemesis","floor":42,"turns":2}],"seed_played":"6518414161043274449","potions_obtained":[{"floor":3.0,"key":"DistilledChaos"},{"floor":6.0,"key":"SteroidPotion"},{"floor":7.0,"key":"BottledMiracle"},{"floor":23.0,"key":"AttackPotion"},{"floor":31.0,"key":"Explosive Potion"},{"floor":35.0,"key":"DuplicationPotion"},{"floor":38.0,"key":"PowerPotion"},{"floor":40.0,"key":"Block Potion"}],"is_trial":false,"path_per_floor":["M","?","M","M","?","E","M","T","T","?","E","R","$","E","R","B",null,"M","?","T","$","M","E","R","E","T","E","R","$","M","M","R","B",null,"M","?","$","?","?","E","E","E"],"character_chosen":"WATCHER","items_purchased":["Blood Vial","Yang","Ornamental Fan","Bag of Marbles","Magnetism","Pen Nib","Happy Flower","Lee\u0027s Waffle","Orichalcum","Strange Spoon","Kunai"],"campfire_rested":4,"item_purchase_floors":[13,13,13,13,13,21,21,21,21,29,37],"current_hp_per_floor":[100,100,90,87,87,87,83,83,83,72,52,82,82,79,100,75,100,97,97,97,107,100,93,93,73,83,85,117,117,117,117,117,117,117,117,102,102,93,93,95,17,0,0],"gold":58,"neow_bonus":"HUNDRED_GOLD","is_daily":false,"chose_seed":false,"campfire_upgraded":0,"win_rate":0.0,"timestamp":1608916384,"path_taken":["M","?","M","M","?","E","M","?","T","?","E","R","$","E","R","BOSS","M","?","?","$","M","E","R","E","T","E","R","$","?","M","R","BOSS","M","?","$","?","?","E","E","E"],"items_purchased_type":["Relic","Relic","Relic","Relic","Card","Relic","Relic","Relic","Relic","Relic","Relic"],"build_version":"2020-12-22","purchased_purges":0,"victory":false,"max_hp_per_floor":[100,100,100,100,100,100,100,100,100,100,100,100,100,100,100,100,100,100,100,100,107,107,107,107,107,117,117,117,117,117,117,117,117,117,117,117,117,117,117,117,117,117,117],"card_choices":[{"not_picked":["Halt","FlyingSleeves"],"picked":"BowlingBash","floor":1.0},{"not_picked":["CutThroughFate","WreathOfFlame"],"picked":"Pray","floor":3.0},{"not_picked":["ClearTheMind","FlurryOfBlows"],"picked":"CrushJoints","floor":4.0},{"not_picked":["EmptyBody","JustLucky"],"picked":"DeusExMachina","floor":6.0},{"not_picked":["EmptyFist","Meditate"],"picked":"SashWhip","floor":7.0},{"not_picked":["ForeignInfluence","Crescendo"],"picked":"FollowUp","floor":11.0},{"not_picked":["EmptyFist","ForeignInfluence"],"picked":"InnerPeace","floor":14.0},{"not_picked":["SpiritShield","MasterReality"],"picked":"Vault","floor":16.0},{"not_picked":["Protect","JustLucky"],"picked":"Wallop","floor":18.0},{"not_picked":["CutThroughFate+1","Meditate+1"],"picked":"Swivel","floor":22.0},{"not_picked":["Consecrate","SashWhip"],"picked":"TalkToTheHand","floor":23.0},{"not_picked":["Crescendo","JustLucky"],"picked":"ThirdEye","floor":25.0},{"not_picked":["JustLucky+1","BowlingBash"],"picked":"Omniscience","floor":27.0},{"not_picked":["Halt+1","JustLucky+1"],"picked":"ReachHeaven","floor":30.0},{"not_picked":["ForeignInfluence","Weave","Evaluate"],"picked":"SKIP","floor":31.0},{"not_picked":["Alpha","ConjureBlade"],"picked":"Ragnarok","floor":33.0},{"not_picked":["Prostrate","ClearTheMind"],"picked":"WheelKick","floor":35.0},{"not_picked":["Establishment","PathToVictory"],"picked":"CutThroughFate","floor":40.0},{"not_picked":["Vengeance+1","EmptyMind+1","CutThroughFate"],"picked":"SKIP","floor":41.0}],"player_experience":505615,"relics_obtained":[{"floor":6.0,"key":"Gremlin Horn"},{"floor":9.0,"key":"MawBank"},{"floor":11.0,"key":"Art of War"},{"floor":14.0,"key":"Lantern"},{"floor":20.0,"key":"Vajra"},{"floor":23.0,"key":"Turnip"},{"floor":25.0,"key":"CloakClasp"},{"floor":26.0,"key":"Pear"},{"floor":27.0,"key":"Potion Belt"},{"floor":34.0,"key":"Nunchaku"},{"floor":34.0,"key":"Meat on the Bone"},{"floor":34.0,"key":"WingedGreaves"},{"floor":38.0,"key":"Old Coin"},{"floor":40.0,"key":"War Paint"},{"floor":41.0,"key":"Anchor"}],"event_choices":[{"damage_healed":0.0,"max_hp_gain":0.0,"max_hp_loss":0.0,"gold_gain":0.0,"event_name":"Big Fish","player_choice":"Box","floor":2.0,"gold_loss":0.0,"damage_taken":0.0,"relics_obtained":["Oddly Smooth Stone"],"cards_obtained":["Regret"]},{"damage_healed":0.0,"max_hp_gain":0.0,"max_hp_loss":0.0,"gold_gain":0.0,"cards_transformed":["BowlingBash"],"event_name":"Living Wall","player_choice":"Change","floor":5.0,"gold_loss":0.0,"damage_taken":0.0,"cards_obtained":["Meditate"]},{"damage_healed":0.0,"max_hp_gain":0.0,"max_hp_loss":0.0,"gold_gain":75.0,"event_name":"World of Goop","player_choice":"Gather Gold","floor":10.0,"gold_loss":0.0,"damage_taken":11.0},{"damage_healed":0.0,"max_hp_gain":0.0,"max_hp_loss":0.0,"gold_gain":0.0,"event_name":"Drug Dealer","player_choice":"Inject Mutagens","floor":19.0,"gold_loss":0.0,"damage_taken":0.0,"relics_obtained":["MutagenicStrength"]},{"damage_healed":0.0,"max_hp_gain":0.0,"max_hp_loss":0.0,"gold_gain":0.0,"event_name":"Winding Halls","player_choice":"Embrace Madness","floor":36.0,"gold_loss":0.0,"damage_taken":15.0,"cards_obtained":["Madness","Madness"]},{"damage_healed":0.0,"max_hp_gain":0.0,"max_hp_loss":0.0,"gold_gain":0.0,"event_name":"Mysterious Sphere","player_choice":"Fight","floor":38.0,"gold_loss":0.0,"damage_taken":0.0},{"damage_healed":0.0,"max_hp_gain":0.0,"max_hp_loss":0.0,"gold_gain":0.0,"event_name":"Tomb of Lord Red Mask","player_choice":"Paid","floor":39.0,"gold_loss":364.0,"damage_taken":0.0,"relics_obtained":["Red Mask"]}],"is_beta":false,"boss_relics":[{"not_picked":["Busted Crown","SacredBark"],"picked":"Fusion Hammer"},{"not_picked":["Sozu","Tiny House"],"picked":"Calling Bell"}],"items_purged_floors":[],"is_endless":false,"potions_floor_spawned":[3,6,7,11,16,18,23,31,35,38,40],"killed_by":"Nemesis","ascension_level":4}}