{"host":"ldbx2jhnvtia1ouf","time":1608896962,"event":{"mods":["BaseMod","Better Note","Better Sensory Stone","Better Skull","Better Third Choice","Block Reminder","Colored Map","Colored Powertips","Curses Come First","Highlight Path","Minty Spire (QoL Compilation)","Permanent Neow","Spicy Shops","StSLib","Transform Curses","Unceasing Turn Reminder"],"gold_per_floor":[99,0,0,0,0,0,0,0,0,0,0,0,0,0,0,0,0,0,0,0,0,0,0,0,0,0,0,0,0,0],"floor_reached":29,"playtime":1502,"items_purged":[],"score":233,"play_id":"46904c7b-c2e9-49d1-a322-1f1e5841a76b","local_time":"20201225214922","is_ascension_mode":false,"campfire_choices":[{"floor":7,"key":"RECALL"},{"floor":11,"key":"REST"},{"floor":15,"key":"REST"},{"floor":23,"key":"REST"},{"floor":28,"key":"REST"}],"circlet_count":0,"master_deck":["Strike_G","Strike_G","Strike_G","Strike_G","Strike_G","Defend_G","Defend_G","Defend_G","Defend_G","Defend_G","Survivor","Neutralize","Flechettes","Enlightenment","Prepared","Bullet Time","Flechettes","Predator","Tools of the Trade","CurseOfTheBell","Choke","Bouncing Flask","Infinite Blades","Accuracy"],"relics":["Ectoplasm","Smiling Mask","Bag of Preparation","Calling Bell","Tiny Chest","Paper Crane","Gambling Chip","PreservedInsect","Prayer Wheel"],"acts_visited":["Exordium","TheCity"],"potions_floor_usage":[6,8,16,16,21,21],"damage_taken":[{"damage":0,"enemies":"2 Louse","floor":1,"turns":3},{"damage":1,"enemies":"Small Slimes","floor":4,"turns":4},{"damage":20,"enemies":"Gremlin Nob","floor":6,"turns":5},{"damage":22,"enemies":"3 Sentries","floor":8,"turns":10},{"damage":0,"enemies":"Cultist","floor":12,"turns":4},{"damage":4,"enemies":"2 Fungi Beasts","floor":13,"turns":4},{"damage":8,"enemies":"3 Louse","floor":14,"turns":4},{"damage":11,"enemies":"Slime Boss","floor":16,"turns":9},{"damage":21,"enemies":"Chosen","floor":18,"turns":6},{"damage":19,"enemies":"Spheric Guardian","floor":20,"turns":4},{"damage":30,"enemies":"Shelled Parasite and Fungi","floor":21,"turns":6},{"damage":22,"enemies":"Snake Plant","floor":27,"turns":4},{"damage":29,"enemies":"Cultist and Chosen","floor":29,"turns":4}],"seed_played":"-4307321350492504511","potions_obtained":[{"floor":1,"key":"BlessingOfTheForge"},{"floor":3,"key":"Poison Potion"},{"floor":3,"key":"Explosive Potion"},{"floor":12,"key":"ColorlessPotion"},{"floor":13,"key":"Block Potion"},{"floor":20,"key":"AttackPotion"}],"is_trial":false,"path_per_floor":["M","?","?","M","?","E","R","E","T","?","R","M","M","M","R","B",null,"M","?","M","M","?","R","T","$","T","M","R","M"],"character_chosen":"THE_SILENT","items_purchased":[],"campfire_rested":4,"item_purchase_floors":[],"current_hp_per_floor":[70,76,76,75,75,55,55,33,33,33,55,55,51,43,65,54,76,55,55,36,6,6,28,28,28,28,6,28,0,0],"gold":0,"neow_bonus":"BOSS_RELIC","is_daily":false,"chose_seed":false,"campfire_upgraded":0,"win_rate":0.0,"timestamp":1608896962,"path_taken":["M","?","?","?","?","E","R","E","T","?","R","?","M","M","R","BOSS","M","?","?","M","?","R","?","?","T","M","R","M"],"items_purchased_type":[],"build_version":"2020-12-22","purchased_purges":0,"victory":false,"max_hp_per_floor":[70,76,76,76,76,76,76,76,76,76,76,76,76,76,76,76,76,76,76,76,76,76,76,76,76,76,76,76,76,76],"card_choices":[{"not_picked":["Deflect","Blade Dance"],"picked":"Flechettes","floor":1},{"not_picked":["Cloak And Dagger","Calculated Gamble"],"picked":"Prepared","floor":4},{"not_picked":["Sucker Punch","After Image","Underhanded Strike"],"picked":"SKIP","floor":6},{"not_picked":["All Out Attack","Leg Sweep"],"picked":"Bullet Time","floor":8},{"not_picked":["Dodge and Roll","PiercingWail"],"picked":"Flechettes","floor":12},{"not_picked":["PiercingWail","Deflect"],"picked":"Predator","floor":13},{"not_picked":["Backflip","Cloak And Dagger","Distraction"],"picked":"SKIP","floor":14},{"not_picked":["Envenom","Corpse Explosion"],"picked":"Tools of the Trade","floor":16},{"not_picked":["Acrobatics","PiercingWail+1","Expertise"],"picked":"SKIP","floor":18},{"not_picked":["Quick Slash","Skewer+1"],"picked":"Choke","floor":20},{"not_picked":["PiercingWail+1","Blade Dance"],"picked":"Bouncing Flask","floor":21},{"not_picked":["Prepared","Cloak And Dagger"],"picked":"Infinite Blades","floor":27},{"not_picked":["Backflip+1","Dagger Spray+1"],"picked":"Accuracy","floor":27}],"player_experience":74812,"relics_obtained":[{"floor":6,"key":"Smiling Mask"},{"floor":8,"key":"Bag of Preparation"},{"floor":17,"key":"Tiny Chest"},{"floor":17,"key":"Paper Crane"},{"floor":17,"key":"Gambling Chip"},{"floor":24,"key":"PreservedInsect"},{"floor":26,"key":"Prayer Wheel"}],"event_choices":[{"damage_healed":0,"gold_gain":0,"player_choice":"RENOUNCE","damage_taken":99,"max_hp_gain":0,"max_hp_loss":0,"event_name":"betterThird:BetterSerpent","floor":2,"gold_loss":99,"cards_obtained":["Enlightenment"]},{"damage_healed":0,"gold_gain":0,"player_choice":"Got Potions","damage_taken":0,"max_hp_gain":0,"max_hp_loss":0,"event_name":"Lab","floor":3,"gold_loss":0},{"damage_healed":0,"gold_gain":0,"player_choice":"Ignored","damage_taken":0,"max_hp_gain":0,"max_hp_loss":0,"event_name":"Golden Idol","floor":5,"gold_loss":0},{"damage_healed":0,"gold_gain":0,"player_choice":"Leave","damage_taken":0,"max_hp_gain":0,"max_hp_loss":0,"event_name":"FaceTrader","floor":10,"gold_loss":0},{"damage_healed":0,"gold_gain":0,"player_choice":"Ignored","damage_taken":0,"max_hp_gain":0,"max_hp_loss":0,"event_name":"betterNote:BetterNote","floor":19,"gold_loss":0,"cards_obtained":["Demon Form"]}],"is_beta":false,"boss_relics":[{"not_picked":["Coffee Dripper","Runic Dome"],"picked":"Calling Bell"}],"items_purged_floors":[],"is_endless":false,"potions_floor_spawned":[1,12,13,20],"killed_by":"Cultist and Chosen","ascension_level":0}}