{"host":"s8k08j4eybfen9r6","time":1608913161,"event":{"mods":["Aspiration","BaseMod","Better Altar","Better Match","Better Note","Better Sensory Stone","Better Skull","Better Third Choice","BetterRewards","Downfall","Duelist Mod","Hubris","Minty Spire (QoL Compilation)","MostiFishMod","Rare Cards Sparkle","Shop Mod","Spicy Shops","StSLib"],"gold_per_floor":[136,136,153,153,173,200,200,212,262,274,274,274,288,288,288,393,393,412,287,287,287,307,338,355,355,407,407,435,369,369,398,398,493,493,511,511,511,526,540,570,582,9,9,25,37,56,56,74,74,74,74,74,74,106,111],"floor_reached":56,"playtime":4504,"items_purged":["Normality","theDuelist:CastleWalls","theDuelist:CastleWalls","Clumsy","Clumsy","Pain"],"score":1627,"play_id":"a1956a35-80e6-4169-aac2-2ddaa9d258ef","local_time":"20201226021921","is_ascension_mode":true,"campfire_choices":[{"data":"theDuelist:PowerKaishin","floor":7.0,"key":"SMITH"},{"floor":12.0,"key":"RECALL"},{"data":"theDuelist:DropOff","floor":15.0,"key":"SMITH"},{"data":"theDuelist:ExodiaNecross","floor":25.0,"key":"SMITH"},{"data":"theDuelist:YellowBelliedOni","floor":30.0,"key":"SMITH"},{"data":"theDuelist:Kuriboh","floor":32.0,"key":"SMITH"},{"data":"theDuelist:ContractExodia","floor":49.0,"key":"SMITH"},{"data":"theDuelist:Yami","floor":52.0,"key":"SMITH"}],"circlet_count":0,"master_deck":["theDuelist:DarkMagician","theDuelist:MysticalElf","theDuelist:MysticalElf","theDuelist:NeoMagic","theDuelist:NeoMagic","theDuelist:Sparks","theDuelist:Sparks","theDuelist:Sparks","theDuelist:GoblinSecret","theDuelist:Kuribohrn+1","theDuelist:PowerKaishin+1","theDuelist:InariFire","theDuelist:DarkMagician","theDuelist:Kuriboh+1","theDuelist:ExodiaRA","theDuelist:PowerKaishin","theDuelist:MagiciansRod","theDuelist:CircleFireKings","theDuelist:YellowBelliedOni+1","theDuelist:AncientElf","theDuelist:LordD","theDuelist:BlueBloodedOni","theDuelist:Relinquished","theDuelist:DropOff+1","theDuelist:ExodiaHead","theDuelist:ExodiaNecross+1","theDuelist:ExodiaLA","theDuelist:DarkMagicianGirl+1","theDuelist:Graverobber","theDuelist:ContractExodia+1","theDuelist:RainbowDarkDragon","theDuelist:StatueAnguishPattern","theDuelist:FairyBox","theDuelist:DarkPaladin","theDuelist:InjectionFairy","theDuelist:TheCreator","theDuelist:ExodiaLL","theDuelist:GateGuardian","theDuelist:ExodiaRL","theDuelist:WhiteHowling","theDuelist:DeltaMagnet","theDuelist:Yami+1","theDuelist:DarkHorizon+1","theDuelist:BookSecret+1","theDuelist:IrisEarthMother","theDuelist:Electrowhip","MostiFishMod:JungleRules","expansioncontent:DefensiveMode","theDuelist:GuardianAngel","theDuelist:SangaThunder","theDuelist:BlueDragonSummoner","theDuelist:PowerKaishin","theDuelist:StatueAnguishPattern","theDuelist:LegendaryExodia+1"],"relics":["theDuelist:MillenniumPuzzle","theDuelist:CardPoolRelic","theDuelist:CardPoolBasicRelic","theDuelist:BoosterPackPoolRelic","theDuelist:CardPoolAddRelic","theDuelist:CardPoolMinusRelic","theDuelist:CardPoolSaveRelic","theDuelist:CardPoolOptionsRelic","DaveBox","DiscerningMonocle","NeowsBlessing","SynthV:TestCard","SentryEyes","Brimstone","theDuelist:MillenniumSymbol","hubris:Reverence","theDuelist:InversionEvokeRelic","hubris:SphereOfDissonance","BirthdayGift-Icosahedron","Eternal Feather","Paper Frog","Pen Nib","hubris:AncientText","DianPoetry","theDuelist:SummonAnchor","aspiration:Lifesprig","theDuelist:DuelistOrichalcum","Frozen Eye","Kunai","DaCapo","hubris:BottledRain","Orichalcum","Toolbox","Strange Spoon","Blood Vial","Toy Ornithopter","theDuelist:ElectricKey","theDuelist:MillenniumArmor","Centennial Puzzle","SynthV","Potion Belt","aspiration:SeaSaltIceCream","Vajra","Bag of Preparation","Nunchaku","Chemical X","Darkstone Periapt","Regal Pillow","theDuelist:CardRewardRelicF","Ancient Tea Set","theDuelist:MillenniumRing","theDuelist:StoneExxod","theDuelist:DuelistPrismaticShard","Oddly Smooth Stone","aspiration:ChemicalBlood","TwistedFunnel","Bronze Scales","War Paint","Snecko Eye","hubris:DisguiseKit","theDuelist:MillenniumPrayerbook","hubris:DeckOfHolding","theDuelist:ZombieRelic","hubris:EmptyBottle","theDuelist:ShopToken","hubris:ToyBattleship","theDuelist:MetronomeRelicB","theDuelist:PrayerPageB"],"acts_visited":["Exordium","TheCity","TheBeyond","TheEnding"],"potions_floor_usage":[54,54,54,55,55,55,55,55,55,55,55,55],"damage_taken":[{"damage":0.0,"enemies":"Cultist","floor":1.0,"turns":1.0},{"damage":0.0,"enemies":"Small Slimes","floor":3.0,"turns":1.0},{"damage":0.0,"enemies":"2 Louse","floor":5.0,"turns":1.0},{"damage":0.0,"enemies":"Gremlin Nob","floor":6.0,"turns":3.0},{"damage":0.0,"enemies":"Large Slime","floor":8.0,"turns":2.0},{"damage":0.0,"enemies":"Looter","floor":10.0,"turns":2.0},{"damage":14.0,"enemies":"Exordium Thugs","floor":13.0,"turns":2.0},{"damage":52.0,"enemies":"Hexaghost","floor":16.0,"turns":6.0},{"damage":0.0,"enemies":"Chosen","floor":18.0,"turns":3.0},{"damage":0.0,"enemies":"2 Thieves","floor":22.0,"turns":2.0},{"damage":0.0,"enemies":"Book of Stabbing","floor":23.0,"turns":3.0},{"damage":4.0,"enemies":"Shelled Parasite and Fungi","floor":24.0,"turns":3.0},{"damage":0.0,"enemies":"theDuelist:KaibaA2","floor":28.0,"turns":3.0},{"damage":0.0,"enemies":"Gremlin Leader","floor":31.0,"turns":2.0},{"damage":76.0,"enemies":"Champ","floor":33.0,"turns":6.0},{"damage":0.0,"enemies":"3 Darklings","floor":35.0,"turns":2.0},{"damage":0.0,"enemies":"3 Shapes","floor":38.0,"turns":2.0},{"damage":0.0,"enemies":"Writhing Mass","floor":39.0,"turns":2.0},{"damage":0.0,"enemies":"Giant Head","floor":40.0,"turns":6.0},{"damage":0.0,"enemies":"Spire Growth","floor":41.0,"turns":3.0},{"damage":0.0,"enemies":"Reptomancer","floor":42.0,"turns":2.0},{"damage":0.0,"enemies":"Transient","floor":44.0,"turns":5.0},{"damage":0.0,"enemies":"Sphere and 2 Shapes","floor":45.0,"turns":3.0},{"damage":9.0,"enemies":"3 Darklings","floor":46.0,"turns":2.0},{"damage":0.0,"enemies":"Maw","floor":48.0,"turns":4.0},{"damage":0.0,"enemies":"hubris:GrandSnecko","floor":50.0,"turns":8.0},{"damage":40,"enemies":"Shield and Spear","floor":54,"turns":3},{"damage":73,"enemies":"The Heart","floor":55,"turns":6}],"seed_played":"-8078692508466179525","potions_obtained":[{"floor":1.0,"key":"theDuelist:SealedPackB"},{"floor":3.0,"key":"theDuelist:CoolBottle"},{"floor":8.0,"key":"Slimebound:ThreeZeroPotion"},{"floor":16.0,"key":"theDuelist:MillenniumElixir"},{"floor":18.0,"key":"sneckomod:MuddlingPotion"},{"floor":22.0,"key":"theDuelist:SealedPack"},{"floor":23.0,"key":"SkillPotion"},{"floor":24.0,"key":"Block Potion"},{"floor":35.0,"key":"BlessingOfTheForge"},{"floor":44.0,"key":"theDuelist:SealedPackC"},{"floor":54,"key":"Dexterity Potion"},{"floor":54,"key":"BlessingOfTheForge"}],"is_trial":false,"path_per_floor":["M","$","M","$","M","E","R","M","T","M","$","R","M","$","R","B",null,"M","$","?","$","M","E","M","R","T","$","E","?","R","E","R","B",null,"M","?","?","M","M","E","M","E","T","M","M","M","?","M","R","B",null,"R","$","E","B",null],"character_chosen":"THE_DUELIST","items_purchased":["SentryEyes","Brimstone","theDuelist:MillenniumSymbol","hubris:Reverence","theDuelist:InversionEvokeRelic","hubris:SphereOfDissonance","theDuelist:Kuribohrn","theDuelist:PowerKaishin","theDuelist:InariFire","BirthdayGift-Icosahedron","Eternal Feather","Paper Frog","Pen Nib","hubris:AncientText","theDuelist:Kuriboh","aspiration:Lifesprig","theDuelist:DuelistOrichalcum","Frozen Eye","Kunai","DaCapo","theDuelist:YellowBelliedOni","theDuelist:AncientElf","theDuelist:LordD","hubris:BottledRain","Orichalcum","Toolbox","Strange Spoon","Blood Vial","Toy Ornithopter","theDuelist:Relinquished","theDuelist:DropOff","theDuelist:MillenniumArmor","Centennial Puzzle","SynthV","theDuelist:ExodiaLA","theDuelist:DarkMagicianGirl","theDuelist:SwordsBurning","Potion Belt","aspiration:SeaSaltIceCream","theDuelist:Graverobber","Bag of Preparation","Nunchaku","Chemical X","Darkstone Periapt","Regal Pillow","theDuelist:CardRewardRelicF","theDuelist:RainbowDarkDragon","theDuelist:StatueAnguishPattern","theDuelist:MillenniumRing","theDuelist:StoneExxod","theDuelist:DuelistPrismaticShard","Oddly Smooth Stone","aspiration:ChemicalBlood","TwistedFunnel","theDuelist:TheCreator","theDuelist:ExodiaLL","theDuelist:GateGuardian","theDuelist:ZombieRelic","hubris:EmptyBottle","theDuelist:ShopToken","hubris:ToyBattleship","theDuelist:MetronomeRelicB","MostiFishMod:JungleRules","expansioncontent:DefensiveMode","theDuelist:GuardianAngel","theDuelist:SangaThunder","theDuelist:BlueDragonSummoner","theDuelist:PowerKaishin","theDuelist:StatueAnguishPattern"],"campfire_rested":0,"item_purchase_floors":[2,2,2,2,2,2,2,2,2,4,4,4,4,4,4,11,11,11,11,11,11,11,11,14,14,14,14,14,14,14,14,19,19,19,19,19,19,19,19,19,21,21,21,21,21,21,21,21,27,27,27,27,27,27,27,27,27,53,53,53,53,53,53,53,53,53,53,53,53],"current_hp_per_floor":[80,80,80,80,80,80,80,80,80,80,80,80,67,67,80,29,80,80,80,90,90,90,90,87,90,90,96,96,96,96,96,96,21,96,96,96,96,96,96,96,96,96,96,108,108,100,100,103,108,108,108,108,114,75,42],"gold":111,"neow_bonus":"THREE_ENEMY_KILL","is_daily":false,"chose_seed":false,"campfire_upgraded":7,"win_rate":0.0,"timestamp":1608913161,"path_taken":["M","$","M","$","M","E","R","M","T","M","?","R","M","$","R","BOSS","M","$","?","?","M","E","M","R","T","$","E","?","R","E","R","BOSS","M","?","?","M","M","E","M","E","T","M","?","M","?","M","R","BOSS","R","$","E","BOSS"],"items_purchased_type":["Relic","Relic","Relic","Relic","Relic","Relic","Card","Card","Card","Relic","Relic","Relic","Relic","Relic","Card","Relic","Relic","Relic","Relic","Relic","Card","Card","Card","Relic","Relic","Relic","Relic","Relic","Relic","Card","Card","Relic","Relic","Relic","Card","Card","Card","Relic","Relic","Card","Relic","Relic","Relic","Relic","Relic","Relic","Card","Card","Relic","Relic","Relic","Relic","Relic","Relic","Card","Card","Card","Relic","Relic","Relic","Relic","Relic","Card","Card","Card","Card","Card","Card","Card"],"build_version":"2020-12-22","purchased_purges":6,"victory":true,"max_hp_per_floor":[80,80,80,80,80,80,80,80,80,80,80,80,80,80,80,80,80,80,80,90,90,90,90,90,90,90,96,96,96,96,96,96,96,96,96,96,96,96,96,96,96,96,96,108,108,108,108,108,108,108,108,108,114,114,114],"card_choices":[{"not_picked":["theDuelist:WhiteHowling","theDuelist:VoidExpansion","theDuelist:MindAir"],"picked":"theDuelist:GoblinSecret","floor":1.0},{"not_picked":["theDuelist:MagicalBlast","theDuelist:Mudballman","theDuelist:GoblinSecret","theDuelist:BadReaction"],"picked":"theDuelist:DarkMagician","floor":3.0},{"not_picked":["theDuelist:SilentDoom","theDuelist:ExodiaLL","theDuelist:AlienTelepath","theDuelist:GoblinSecret"],"picked":"theDuelist:ExodiaRA","floor":5.0},{"not_picked":[],"picked":"theDuelist:PowerKaishin","floor":6.0},{"not_picked":["theDuelist:WhiteHowling","theDuelist:GoblinSecret","theDuelist:TimeWizard"],"picked":"theDuelist:MagiciansRod","floor":8.0},{"not_picked":["theDuelist:DarkMagician","theDuelist:InvitationDarkSleep","theDuelist:IcyCrevasse","theDuelist:DoomShaman"],"picked":"theDuelist:CircleFireKings","floor":10.0},{"not_picked":["theDuelist:CrystalWingDragon","theDuelist:GreenGraveOni","theDuelist:PurplePainOni","theDuelist:RainbowOverdragon"],"picked":"theDuelist:BlueBloodedOni","floor":13.0},{"not_picked":["theDuelist:ExodiaNecross","theDuelist:RainbowDarkDragon","theDuelist:RainbowMagician","theDuelist:SwordsRevealing"],"picked":"theDuelist:ExodiaHead","floor":16.0},{"not_picked":["theDuelist:ContractExodia","theDuelist:LegendaryExodia","theDuelist:ExodiaRL","theDuelist:ExodiaHead"],"picked":"theDuelist:ExodiaNecross","floor":18.0},{"not_picked":["theDuelist:Mudballman+1","theDuelist:GiantTrunade","theDuelist:AncientElf+1","theDuelist:GeminiElf"],"picked":"theDuelist:FairyBox","floor":22.0},{"not_picked":["theDuelist:ExodiaNecross+1","theDuelist:RainbowDarkDragon","theDuelist:IceQueen","theDuelist:SangaWater"],"picked":"theDuelist:DarkPaladin","floor":23.0},{"not_picked":["theDuelist:SangaThunder","theDuelist:PowerKaishin+1","theDuelist:AncientElf","theDuelist:DiffusionWaveMotion"],"picked":"theDuelist:InjectionFairy","floor":24.0},{"not_picked":["theDuelist:NeoMagic","theDuelist:PowerKaishin","theDuelist:MysticalElf","theDuelist:ExodiaRA"],"picked":"theDuelist:ExodiaRL","floor":28.0},{"not_picked":["theDuelist:DarkMagician","theDuelist:Illusionist","theDuelist:FlyingSaucer+1","theDuelist:SpellShatteringArrow","theDuelist:BlueDragonSummoner"],"picked":"SKIP","floor":31.0},{"not_picked":["theDuelist:SpellShatteringArrow+1","theDuelist:BlizzardWarrior+1","theDuelist:SangaThunder+1","theDuelist:DarkMagician","theDuelist:NeoMagic+1"],"picked":"SKIP","floor":35.0},{"not_picked":["theDuelist:NeoMagic","theDuelist:MythicalBeast+1","theDuelist:FlyingSaucer+1","theDuelist:InvitationDarkSleep+1","theDuelist:CosmoBrain"],"picked":"SKIP","floor":38.0},{"not_picked":["theDuelist:OneForOne+2","theDuelist:GiantTrunade","theDuelist:PotGreed","theDuelist:MagiciansRobe"],"picked":"theDuelist:DarkHorizon+1","floor":39.0},{"not_picked":["theDuelist:BlizzardWarrior+1","theDuelist:AltarTribute+1","theDuelist:SpiritHarp+1","theDuelist:PowerKaishin","theDuelist:SangaThunder+1"],"picked":"SKIP","floor":40.0},{"not_picked":["theDuelist:WitchBlackRose","theDuelist:BlueDragonSummoner+1","theDuelist:ThousandEyesIdol","theDuelist:GeminiElf"],"picked":"theDuelist:BookSecret+1","floor":41.0},{"not_picked":["theDuelist:ClearKuriboh","theDuelist:FuryFire+1","theDuelist:MagicalStone+1","theDuelist:OneForOne+2"],"picked":"theDuelist:DestructPotion+1","floor":42.0},{"not_picked":["theDuelist:SilentDoom","theDuelist:InjectionFairy","theDuelist:FrontierWiseman+1","theDuelist:FairyBox","theDuelist:CosmicHorrorGangiel+1"],"picked":"SKIP","floor":44.0},{"not_picked":["theDuelist:RainbowDarkDragon+1","theDuelist:RainbowMagician+1","theDuelist:RainbowKuriboh+1","theDuelist:RainbowOverdragon+1"],"picked":"theDuelist:IrisEarthMother","floor":45.0},{"not_picked":["theDuelist:GauntletWarrior","theDuelist:GoldenApples+1","theDuelist:GolemSentry","theDuelist:Wiseman+1"],"picked":"theDuelist:Electrowhip","floor":46.0},{"not_picked":["theDuelist:AttackTheMoon","theDuelist:BattleOx+1","theDuelist:GraniteLoyalist+1","theDuelist:Sangan","theDuelist:LightningRodLord"],"picked":"SKIP","floor":48.0},{"not_picked":["theDuelist:FairyBox+1","theDuelist:DarkMagician+1","theDuelist:CircleFireKings+1","theDuelist:SkilledDarkMagician+1"],"picked":"theDuelist:LegendaryExodia+1","floor":54}],"player_experience":370742,"relics_obtained":[{"floor":1.0,"key":"SynthV:TestCard"},{"floor":6.0,"key":"DianPoetry"},{"floor":9.0,"key":"theDuelist:SummonAnchor"},{"floor":23.0,"key":"Ancient Tea Set"},{"floor":28.0,"key":"Bronze Scales"},{"floor":31.0,"key":"War Paint"},{"floor":40.0,"key":"hubris:DisguiseKit"},{"floor":42.0,"key":"theDuelist:MillenniumPrayerbook"},{"floor":43.0,"key":"hubris:DeckOfHolding"},{"floor":54,"key":"theDuelist:PrayerPageB"}],"event_choices":[{"cards_removed":["theDuelist:SwordsBurning"],"damage_healed":0.0,"max_hp_gain":10.0,"max_hp_loss":0.0,"gold_gain":0.0,"event_name":"Bonfire Elementals","player_choice":"Offered Rare","floor":20.0,"gold_loss":0.0,"damage_taken":0.0},{"damage_healed":0.0,"max_hp_gain":0.0,"max_hp_loss":0.0,"gold_gain":0.0,"event_name":"Card Trader","player_choice":"Purchased White Howling for 66 Gold.","duelist":true,"floor":29.0,"gold_loss":0.0,"damage_taken":0.0},{"damage_healed":0.0,"max_hp_gain":0.0,"max_hp_loss":0.0,"gold_gain":0.0,"event_name":"Egyptian Village","player_choice":"Delta Electro","duelist":true,"floor":36.0,"gold_loss":0.0,"damage_taken":0.0,"cards_obtained":["Delta Electromagnet Warrior"]}],"is_beta":false,"boss_relics":[{"not_picked":["Velvet Choker","aspiration:DefectSkillbook"],"picked":"theDuelist:ElectricKey"},{"not_picked":["hubris:RunicObelisk","hubris:VirtuousBlindfold"],"picked":"Snecko Eye"}],"items_purged_floors":[14,19,19,21,27,53],"is_endless":false,"potions_floor_spawned":[1,3,8,16,18,22,23,24,40,42,44,46,48,54],"ascension_level":1}}