{"host":"yp47u74hk6n79vj1","time":1608866848,"event":{"mods":["BaseMod","Minty Spire (QoL Compilation)"],"gold_per_floor":[119,119,130,144,1,1,1,35,35,53,41,58,68,87,87,182,182,195,20,30,50,68,68,93,93,93,93,124,124,139,238,238,341,341,352,352,20,20,20,20,45,45,45,71,87,87,97,97,97],"floor_reached":48,"playtime":1721,"items_purged":["Strike_B","Defend_B"],"score":557,"play_id":"a74b4850-cfde-4315-a8dd-07debf1b02b4","local_time":"20201224222728","is_ascension_mode":false,"campfire_choices":[{"data":"Rainbow","floor":6,"key":"SMITH"},{"data":"Sunder","floor":15,"key":"SMITH"},{"data":"Strike_B","floor":23,"key":"PURGE"},{"data":"Strike_B","floor":25,"key":"PURGE"},{"data":"Strike_B","floor":27,"key":"PURGE"},{"data":"Defend_B","floor":32,"key":"PURGE"},{"floor":40,"key":"RECALL"},{"data":"Defend_B","floor":42,"key":"PURGE"},{"data":"Capacitor","floor":46,"key":"SMITH"}],"circlet_count":0,"master_deck":["Defend_B+1","Dualcast","Barrage","Rainbow+1","Self Repair","Loop","Conserve Battery","Conserve Battery","Turbo+1","Sunder+1","Coolheaded","Cold Snap","Leap+1","Cold Snap","White Noise+1","Fusion","Echo Form","Buffer","Fusion+1","Capacitor+1","Madness","Madness","White Noise+1"],"relics":["Cracked Core","Peace Pipe","Symbiotic Virus","Coffee Dripper","Runic Capacitor","War Paint","Shovel","Sozu","Happy Flower","Pocketwatch","White Beast Statue","Singing Bowl"],"acts_visited":["Exordium","TheCity","TheBeyond"],"potions_floor_usage":[8,24,24],"damage_taken":[{"damage":1,"enemies":"2 Louse","floor":1,"turns":3},{"damage":1,"enemies":"Cultist","floor":3,"turns":4},{"damage":2,"enemies":"Small Slimes","floor":4,"turns":3},{"damage":16,"enemies":"Lagavulin","floor":8,"turns":5},{"damage":1,"enemies":"2 Fungi Beasts","floor":10,"turns":2},{"damage":6,"enemies":"Exordium Thugs","floor":11,"turns":4},{"damage":5,"enemies":"3 Louse","floor":12,"turns":3},{"damage":0,"enemies":"2 Fungi Beasts","floor":13,"turns":3},{"damage":0,"enemies":"Blue Slaver","floor":14,"turns":3},{"damage":20,"enemies":"Slime Boss","floor":16,"turns":8},{"damage":8,"enemies":"Shell Parasite","floor":18,"turns":5},{"damage":5,"enemies":"3 Byrds","floor":20,"turns":5},{"damage":5,"enemies":"Snake Plant","floor":21,"turns":4},{"damage":12,"enemies":"Centurion and Healer","floor":22,"turns":6},{"damage":30,"enemies":"Slavers","floor":24,"turns":5},{"damage":0,"enemies":"Book of Stabbing","floor":28,"turns":4},{"damage":0,"enemies":"Chosen and Byrds","floor":30,"turns":4},{"damage":29,"enemies":"Collector","floor":33,"turns":11},{"damage":23,"enemies":"3 Shapes","floor":35,"turns":6},{"damage":42,"enemies":"Giant Head","floor":41,"turns":9},{"damage":53,"enemies":"Nemesis","floor":44,"turns":7},{"damage":22,"enemies":"3 Darklings","floor":45,"turns":7},{"damage":13,"enemies":"Transient","floor":47,"turns":5},{"damage":26,"enemies":"Spire Growth","floor":48,"turns":2}],"seed_played":"5894203496839049816","potions_obtained":[{"floor":4,"key":"PowerPotion"},{"floor":7,"key":"CultistPotion"},{"floor":7,"key":"EssenceOfSteel"},{"floor":8,"key":"LiquidBronze"},{"floor":14,"key":"SkillPotion"},{"floor":18,"key":"PowerPotion"},{"floor":28,"key":"PotionOfCapacity"},{"floor":33,"key":"FairyPotion"}],"is_trial":false,"path_per_floor":["M","?","M","M","$","R","?","E","T","M","M","M","M","M","R","B",null,"M","$","M","M","M","R","E","R","T","R","E","?","M","?","R","B",null,"M","?","$","?","?","R","E","R","T","E","M","R","M","M"],"character_chosen":"DEFECT","items_purchased":["Self Repair","Runic Capacitor","Cold Snap","Capacitor","Happy Flower"],"campfire_rested":0,"item_purchase_floors":[5,19,19,37,37],"current_hp_per_floor":[81,81,80,78,78,78,78,76,76,75,76,78,78,78,78,65,82,74,74,76,78,73,73,50,50,50,50,57,57,64,64,64,49,82,73,82,82,72,72,72,37,37,37,31,25,25,21,0,0],"gold":97,"neow_bonus":"TEN_PERCENT_HP_BONUS","is_daily":false,"chose_seed":false,"campfire_upgraded":3,"win_rate":0.0,"timestamp":1608866848,"path_taken":["M","?","?","M","?","R","?","E","T","M","?","M","M","M","R","BOSS","M","$","M","M","?","R","E","R","T","R","E","?","M","?","R","BOSS","M","?","?","?","?","R","E","R","T","E","M","R","M","M"],"items_purchased_type":["Card","Relic","Card","Card","Relic"],"build_version":"2020-12-22","purchased_purges":2,"victory":false,"max_hp_per_floor":[82,82,82,82,82,82,82,82,82,82,82,82,82,82,82,82,82,82,82,82,82,82,82,82,82,82,82,82,82,82,82,82,82,82,82,82,82,82,82,82,82,82,82,82,84,84,86,86,86],"card_choices":[{"not_picked":["Beam Cell","Hello World","Rebound"],"picked":"SKIP","floor":1},{"not_picked":["Conserve Battery","Ball Lightning"],"picked":"Barrage","floor":3},{"not_picked":["Steam","Auto Shields"],"picked":"Rainbow","floor":4},{"not_picked":["Consume","Sunder"],"picked":"Loop","floor":8},{"not_picked":["Barrage","Gash","Tempest"],"picked":"SKIP","floor":10},{"not_picked":["Tempest","Ball Lightning"],"picked":"Conserve Battery","floor":11},{"not_picked":["Rebound","Electrodynamics"],"picked":"Conserve Battery","floor":12},{"not_picked":["Ball Lightning","Hologram"],"picked":"Turbo","floor":13},{"not_picked":["Skim","Gash"],"picked":"Sunder","floor":14},{"not_picked":["Turbo","Recycle"],"picked":"Coolheaded","floor":18},{"not_picked":["Cold Snap","Beam Cell"],"picked":"Leap+1","floor":20},{"not_picked":["Undo","Conserve Battery"],"picked":"Cold Snap","floor":21},{"not_picked":["Redo","Doom and Gloom","Self Repair+1"],"picked":"SKIP","floor":22},{"not_picked":["Chaos+1","Force Field"],"picked":"White Noise+1","floor":24},{"not_picked":["Storm","Stack"],"picked":"Fusion","floor":28},{"not_picked":["Sweeping Beam+1","Hologram"],"picked":"Echo Form","floor":30},{"not_picked":["Hyperbeam","Multi-Cast"],"picked":"Buffer","floor":33},{"not_picked":["Scrape+1","Conserve Battery+1"],"picked":"Fusion+1","floor":35},{"not_picked":["Sweeping Beam","Melter","Conserve Battery+1"],"picked":"SKIP","floor":41},{"not_picked":["Leap+1","Streamline"],"picked":"White Noise+1","floor":44},{"not_picked":["Beam Cell+1","BootSequence","Rebound+1"],"picked":"Singing Bowl","floor":45},{"not_picked":["Coolheaded+1","Core Surge","Compile Driver+1"],"picked":"Singing Bowl","floor":47}],"player_experience":512216,"relics_obtained":[{"floor":8,"key":"Peace Pipe"},{"floor":9,"key":"Symbiotic Virus"},{"floor":24,"key":"War Paint"},{"floor":28,"key":"Shovel"},{"floor":41,"key":"Pocketwatch"},{"floor":43,"key":"White Beast Statue"},{"floor":44,"key":"Singing Bowl"}],"event_choices":[{"damage_healed":0,"gold_gain":0,"player_choice":"Ignored","damage_taken":0,"max_hp_gain":0,"max_hp_loss":0,"event_name":"NoteForYourself","floor":2,"gold_loss":0},{"damage_healed":0,"gold_gain":0,"player_choice":"Got Potions","damage_taken":0,"max_hp_gain":0,"max_hp_loss":0,"event_name":"Lab","floor":7,"gold_loss":0},{"damage_healed":0,"gold_gain":0,"player_choice":"Ignored","damage_taken":0,"max_hp_gain":0,"max_hp_loss":0,"event_name":"Cursed Tome","floor":29,"gold_loss":0},{"damage_healed":0,"gold_gain":99,"player_choice":"Stole From Cult","damage_taken":0,"max_hp_gain":0,"max_hp_loss":0,"event_name":"Nest","floor":31,"gold_loss":0},{"damage_healed":9,"gold_gain":0,"player_choice":"Full Heal","damage_taken":0,"max_hp_gain":0,"max_hp_loss":0,"event_name":"Wheel of Change","floor":36,"gold_loss":0},{"damage_healed":0,"gold_gain":0,"player_choice":"Embrace Madness","damage_taken":10,"max_hp_gain":0,"max_hp_loss":0,"event_name":"Winding Halls","floor":38,"gold_loss":0,"cards_obtained":["Madness","Madness"]},{"cards_removed":["Zap"],"damage_healed":0,"gold_gain":0,"player_choice":"Removed Skill","damage_taken":0,"max_hp_gain":0,"max_hp_loss":0,"event_name":"Falling","floor":39,"gold_loss":0}],"is_beta":false,"boss_relics":[{"not_picked":["Tiny House","Runic Pyramid"],"picked":"Coffee Dripper"},{"not_picked":["Black Star","SlaversCollar"],"picked":"Sozu"}],"items_purged_floors":[5,37],"is_endless":false,"potions_floor_spawned":[4,8,13,14,18,21,28,33,35,41,44,45,47],"killed_by":"Spire Growth","ascension_level":0}}