{"host":"lvhfn8l5bvc4nolx","time":1608909260,"event":{"mods":["AchievementEnabler","BaseMod","Colored Map","Keyboard Shortcuts","Minty Spire (QoL Compilation)","Permanent Neow","Quick Restart","SuperFastMode"],"gold_per_floor":[368,368,318,318,41,72,72,88,88,100,100,129,129,160,160,258,258,269,368,268,74,90,90,119,131,204,236,236,254,254,254,254,356,356,366,416,266,285,285,319,319,332,400,410,422,470,501,528,528,528],"floor_reached":51,"playtime":1255,"items_purged":["Defend_R","Searing Blow","Defend_R","Rage+1"],"score":1049,"play_id":"651908ba-4069-4cb8-9134-a1ce0ab180c4","local_time":"20201226001420","is_ascension_mode":true,"campfire_choices":[{"data":"Double Tap","floor":7.0,"key":"SMITH"},{"data":"Armaments","floor":13.0,"key":"SMITH"},{"data":"Perfected Strike","floor":15.0,"key":"SMITH"},{"data":"Offering","floor":23.0,"key":"SMITH"},{"data":"Pommel Strike","floor":28.0,"key":"SMITH"},{"data":"Perfected Strike","floor":30.0,"key":"SMITH"},{"floor":32.0,"key":"REST"},{"floor":41,"key":"REST"},{"data":"Perfected Strike","floor":49,"key":"SMITH"}],"circlet_count":0,"master_deck":["Strike_R+1","Strike_R+1","Strike_R","Defend_R+1","Defend_R+1","Perfected Strike+1","Double Tap+1","Perfected Strike+1","Thunderclap","Dropkick","Offering+1","Dropkick","True Grit+1","Pommel Strike+1","Sentinel+1","Perfected Strike+1","Fiend Fire","Pommel Strike+1","Uppercut+1","Bloodletting+1","Dark Embrace+1","Burning Pact+1","Warcry","Second Wind","Shrug It Off+1"],"relics":["Burning Blood","Lantern","Eternal Feather","Gremlin Horn","Paper Frog","War Paint","Sozu","Thread and Needle","Meat on the Bone","Bag of Marbles","Astrolabe","Dead Branch","Champion Belt","Mercury Hourglass","Charon\u0027s Ashes","Mango","Art of War"],"acts_visited":["Exordium","TheCity","TheBeyond"],"potions_floor_usage":[],"damage_taken":[{"damage":6.0,"enemies":"Cultist","floor":1.0,"turns":3.0},{"damage":8.0,"enemies":"Gremlin Nob","floor":6.0,"turns":3.0},{"damage":0.0,"enemies":"Small Slimes","floor":8.0,"turns":3.0},{"damage":2.0,"enemies":"2 Louse","floor":10.0,"turns":2.0},{"damage":0.0,"enemies":"3 Sentries","floor":12.0,"turns":4.0},{"damage":16.0,"enemies":"Gremlin Nob","floor":14.0,"turns":3.0},{"damage":31.0,"enemies":"Slime Boss","floor":16.0,"turns":6.0},{"damage":6.0,"enemies":"Spheric Guardian","floor":18.0,"turns":2.0},{"damage":11.0,"enemies":"3 Byrds","floor":22.0,"turns":3.0},{"damage":30.0,"enemies":"Book of Stabbing","floor":24.0,"turns":3.0},{"damage":6.0,"enemies":"3 Cultists","floor":25.0,"turns":3.0},{"damage":12.0,"enemies":"Gremlin Leader","floor":27.0,"turns":3.0},{"damage":6.0,"enemies":"Sentry and Sphere","floor":29.0,"turns":1.0},{"damage":50.0,"enemies":"Champ","floor":33.0,"turns":6.0},{"damage":6.0,"enemies":"3 Darklings","floor":35.0,"turns":2.0},{"damage":15.0,"enemies":"Mind Bloom Boss Battle","floor":36.0,"turns":3.0},{"damage":10,"enemies":"3 Shapes","floor":38,"turns":1},{"damage":50,"enemies":"Nemesis","floor":40,"turns":3},{"damage":27,"enemies":"Maw","floor":42,"turns":3},{"damage":6,"enemies":"3 Darklings","floor":44,"turns":1},{"damage":17,"enemies":"Writhing Mass","floor":45,"turns":2},{"damage":3,"enemies":"2 Orb Walkers","floor":46,"turns":1},{"damage":6,"enemies":"Giant Head","floor":47,"turns":1},{"damage":26,"enemies":"Awakened One","floor":50,"turns":4}],"seed_played":"5703426982814734395","potions_obtained":[{"floor":8.0,"key":"SneckoOil"},{"floor":14.0,"key":"Dexterity Potion"},{"floor":16.0,"key":"FearPotion"}],"is_trial":false,"path_per_floor":["M","?","?","?","$","E","R","M","T","M","?","E","R","E","R","B",null,"M","?","$","$","M","R","E","M","T","E","R","M","R","?","R","B",null,"M","?","$","M","?","E","R","M","T","M","M","?","E","T","R","B",null],"character_chosen":"IRONCLAD","items_purchased":["Double Tap","Perfected Strike","Dropkick"],"campfire_rested":2,"item_purchase_floors":[5,5,21],"current_hp_per_floor":[80,64,64,52,52,50,56,62,62,66,66,72,78,68,77,52,73,73,73,73,73,68,77,53,53,53,47,56,56,65,50,84,52,77,77,68,68,64,64,32,69,60,60,60,49,52,66,66,81,61],"gold":528,"neow_bonus":"TWO_FIFTY_GOLD","is_daily":false,"chose_seed":false,"campfire_upgraded":7,"win_rate":0.0,"timestamp":1608909260,"path_taken":["M","?","?","?","$","E","R","M","T","M","?","E","R","E","R","BOSS","M","?","?","$","M","R","E","M","T","E","R","M","R","?","R","BOSS","M","?","$","M","?","E","R","M","T","M","M","?","E","?","R","BOSS"],"items_purchased_type":["Card","Card","Card"],"build_version":"2020-12-22","purchased_purges":4,"victory":true,"max_hp_per_floor":[80,80,80,80,80,80,80,80,80,80,80,80,80,80,80,80,80,80,80,80,80,80,80,80,80,80,80,80,80,80,85,85,85,85,85,85,85,85,85,85,85,85,85,85,85,85,99,99,99,99],"card_choices":[{"not_picked":["Sword Boomerang","Disarm"],"picked":"Perfected Strike","floor":1.0},{"not_picked":["Battle Trance","Warcry","Wild Strike"],"picked":"SKIP","floor":6.0},{"not_picked":["Dropkick","Bludgeon"],"picked":"Armaments","floor":8.0},{"not_picked":["True Grit","Cleave"],"picked":"Thunderclap","floor":10.0},{"not_picked":["Clash","Cleave","Sword Boomerang"],"picked":"SKIP","floor":12.0},{"not_picked":["Flex","Wild Strike"],"picked":"Dropkick","floor":14.0},{"not_picked":["Double Tap","Demon Form"],"picked":"Offering","floor":16.0},{"not_picked":["Combust","Sever Soul+1","Havoc"],"picked":"SKIP","floor":18.0},{"not_picked":["True Grit+1","Twin Strike","Wild Strike"],"picked":"SKIP","floor":22.0},{"not_picked":["Twin Strike","Wild Strike"],"picked":"True Grit+1","floor":22.0},{"not_picked":["Rupture+1","Clash"],"picked":"Pommel Strike","floor":24.0},{"not_picked":["Clash","Reckless Charge","Metallicize"],"picked":"SKIP","floor":25.0},{"not_picked":["Spot Weakness+1","Sentinel+1","Flame Barrier"],"picked":"SKIP","floor":27.0},{"not_picked":["Spot Weakness+1","Flame Barrier"],"picked":"Sentinel+1","floor":27.0},{"not_picked":["Hemokinesis","Exhume"],"picked":"Perfected Strike","floor":29.0},{"not_picked":["Immolate","Reaper"],"picked":"Fiend Fire","floor":33.0},{"not_picked":["Cleave+1","Sentinel+1"],"picked":"Bloodletting+1","floor":35.0},{"not_picked":["Fire Breathing","Rampage"],"picked":"Dark Embrace+1","floor":36.0},{"not_picked":["Metallicize","Clash","True Grit+1"],"picked":"SKIP","floor":38},{"not_picked":["Searing Blow+1","Carnage+1"],"picked":"Burning Pact+1","floor":40},{"not_picked":["Carnage+1","Feel No Pain+1","Whirlwind"],"picked":"SKIP","floor":42},{"not_picked":["Warcry","Clothesline","Wild Strike"],"picked":"SKIP","floor":44},{"not_picked":["Heavy Blade","Battle Trance"],"picked":"Warcry","floor":45},{"not_picked":["Iron Wave+1","Cleave"],"picked":"Second Wind","floor":46},{"not_picked":["Anger+1","Warcry+1"],"picked":"Shrug It Off+1","floor":47}],"player_experience":326626,"relics_obtained":[{"floor":6.0,"key":"Eternal Feather"},{"floor":9.0,"key":"Gremlin Horn"},{"floor":12.0,"key":"Paper Frog"},{"floor":14.0,"key":"War Paint"},{"floor":24.0,"key":"Thread and Needle"},{"floor":26.0,"key":"Meat on the Bone"},{"floor":27.0,"key":"Bag of Marbles"},{"floor":36.0,"key":"Dead Branch"},{"floor":40,"key":"Champion Belt"},{"floor":43,"key":"Mercury Hourglass"},{"floor":46,"key":"Charon\u0027s Ashes"},{"floor":47,"key":"Mango"},{"floor":48,"key":"Art of War"}],"event_choices":[{"damage_healed":0.0,"max_hp_gain":0.0,"max_hp_loss":0.0,"gold_gain":0.0,"event_name":"Shining Light","player_choice":"Entered Light","floor":2.0,"gold_loss":0.0,"damage_taken":16.0,"cards_upgraded":["Strike_R","Strike_R"]},{"cards_removed":["Clumsy"],"damage_healed":0.0,"max_hp_gain":0.0,"max_hp_loss":0.0,"gold_gain":0.0,"event_name":"The Cleric","player_choice":"Card Removal","floor":3.0,"gold_loss":50.0,"damage_taken":0.0},{"damage_healed":0.0,"max_hp_gain":0.0,"max_hp_loss":0.0,"gold_gain":0.0,"event_name":"Scrap Ooze","player_choice":"Success","floor":4.0,"gold_loss":0.0,"damage_taken":12.0,"relics_obtained":["Lantern"]},{"damage_healed":0.0,"max_hp_gain":0.0,"max_hp_loss":0.0,"gold_gain":0.0,"cards_transformed":["Bash"],"event_name":"Living Wall","player_choice":"Change","floor":11.0,"gold_loss":0.0,"damage_taken":0.0,"cards_obtained":["Searing Blow"]},{"damage_healed":0.0,"max_hp_gain":0.0,"max_hp_loss":0.0,"gold_gain":99.0,"event_name":"Nest","player_choice":"Stole From Cult","floor":19.0,"gold_loss":0.0,"damage_taken":0.0},{"damage_healed":0.0,"max_hp_gain":5.0,"max_hp_loss":0.0,"gold_gain":0.0,"event_name":"Forgotten Altar","player_choice":"Shed Blood","floor":31.0,"gold_loss":0.0,"damage_taken":20.0},{"damage_healed":0.0,"max_hp_gain":0.0,"max_hp_loss":0.0,"gold_gain":0.0,"event_name":"MindBloom","player_choice":"Fight","floor":36.0,"gold_loss":0.0,"damage_taken":0.0},{"damage_healed":0,"gold_gain":0,"player_choice":"Ignored","damage_taken":0,"max_hp_gain":0,"max_hp_loss":0,"event_name":"Tomb of Lord Red Mask","floor":39,"gold_loss":0},{"damage_healed":0,"gold_gain":0,"player_choice":"Fight","damage_taken":0,"max_hp_gain":0,"max_hp_loss":0,"event_name":"Mysterious Sphere","floor":46,"gold_loss":0}],"is_beta":false,"boss_relics":[{"not_picked":["Coffee Dripper","Runic Cube"],"picked":"Sozu"},{"not_picked":["Mark of Pain","Busted Crown"],"picked":"Astrolabe"}],"items_purged_floors":[5,20,21,37],"is_endless":false,"potions_floor_spawned":[8,14,16,18,24,33,35,38,40,44,45],"ascension_level":5}}