{"host":"fdge35r6bp5kjb91","time":1608920753,"event":{"mods":["Act Like it!","BaseMod","Downfall","Gensokyo","Marisa£®ÏF”Í°°ƒß¿Ì…≥£©","Minty Spire (QoL Compilation)","Remilia£®¿Ÿ√◊¿Ú—«£©","StSLib","The Servant 0.9.4","Youmu£®ªÍ∆«—˝√Œ£©"],"gold_per_floor":[119,119,194,211,211,239,250,282,309,326,338,32,32,50,50,50,50],"floor_reached":16,"playtime":1626,"items_purged":["Strike_YM"],"score":112,"play_id":"850a03fd-2660-4a0e-984b-be418597146d","local_time":"20201226022553","is_ascension_mode":false,"campfire_choices":[{"floor":13,"key":"REST"},{"data":"ObsessionSword","floor":15,"key":"SMITH"}],"circlet_count":0,"master_deck":["Strike_YM","Strike_YM","Strike_YM","Defend_YM","Defend_YM","Defend_YM","Defend_YM","SlashOfPresentWorld","WheelOfPainOfLivingAndDead+1","HeavenlyHaloSlash","FiveSignsOfTheDyingDeva+1","HiganSword","TwoHundredYojanaInOneSlash","ObsessionSword+1","ASingleThoughtAndInfiniteKalpas","SpiritMediumsBind","Master of Strategy","SwordExtraction","SlashClearingTheSixSenses"],"relics":["HalfPhantom","ScarletDevilRocket","Boot","Question Card"],"acts_visited":["Exordium"],"potions_floor_usage":[14,16],"damage_taken":[{"damage":5,"enemies":"Small Slimes","floor":1,"turns":7},{"damage":0,"enemies":"Jaw Worm","floor":4,"turns":4},{"damage":21,"enemies":"Lagavulin","floor":6,"turns":7},{"damage":0,"enemies":"2 Louse","floor":7,"turns":2},{"damage":1,"enemies":"Gremlin Nob","floor":8,"turns":3},{"damage":0,"enemies":"Blue Slaver","floor":10,"turns":2},{"damage":15,"enemies":"Exordium Thugs","floor":11,"turns":7},{"damage":0,"enemies":"3 Louse","floor":14,"turns":1},{"damage":39,"enemies":"Slime Boss","floor":16,"turns":11}],"seed_played":"3836914524646006320","potions_obtained":[{"floor":4,"key":"PowerPotion"},{"floor":6,"key":"SteroidPotion"},{"floor":14,"key":"FearPotion"}],"is_trial":false,"path_per_floor":["M","?","?","M","?","E","M","E","T","M","M","$","R","M","R","B"],"character_chosen":"YOUMU","items_purchased":["Master of Strategy","SwordExtraction"],"campfire_rested":1,"item_purchase_floors":[12,12],"current_hp_per_floor":[77,74,63,63,47,26,26,25,25,25,10,10,34,34,34,0,0],"gold":50,"neow_bonus":"TEN_PERCENT_HP_BONUS","is_daily":false,"chose_seed":false,"campfire_upgraded":1,"win_rate":0.0,"timestamp":1608920753,"path_taken":["M","?","?","M","?","E","M","E","T","M","M","?","R","?","R","BOSS"],"items_purchased_type":["Card","Card"],"build_version":"2020-12-22","purchased_purges":1,"victory":false,"max_hp_per_floor":[82,82,82,82,82,82,82,82,82,82,82,82,82,82,82,82,82],"card_choices":[{"not_picked":["FlashingScatteredFlowers","TurningAngelCut"],"picked":"HeavenlyHaloSlash","floor":1},{"not_picked":["SpiritCuttingSword","LowerRealmReflectionSlash"],"picked":"FiveSignsOfTheDyingDeva","floor":4},{"not_picked":["HeavenlyHaloSlash","HeartExcerptSlash"],"picked":"HiganSword","floor":6},{"not_picked":["HeartExcerptSlash","ThreeKonsSevenHakus"],"picked":"TwoHundredYojanaInOneSlash","floor":7},{"not_picked":["CrescentMoonSlash","FlashingScatteredFlowers"],"picked":"ObsessionSword","floor":8},{"not_picked":["HumanKnowledgeSword","DispleasureOfTheSevenHakus","PretaSword"],"picked":"ASingleThoughtAndInfiniteKalpas","floor":10},{"not_picked":["ThreeKonsSevenHakus","SanzenSekai","BizarrenessOfSixRealms"],"picked":"SpiritMediumsBind","floor":11},{"not_picked":["FiveSignsOfTheDyingDeva","PretaSword","DoubleWheelOfPain"],"picked":"SlashClearingTheSixSenses","floor":14}],"player_experience":52768,"relics_obtained":[{"floor":6,"key":"Boot"},{"floor":8,"key":"Question Card"}],"event_choices":[{"damage_healed":0,"gold_gain":0,"player_choice":"Success","damage_taken":3,"relics_obtained":["ScarletDevilRocket"],"max_hp_gain":0,"max_hp_loss":0,"event_name":"Scrap Ooze","floor":2,"gold_loss":0},{"damage_healed":0,"gold_gain":75,"player_choice":"Gather Gold","damage_taken":11,"max_hp_gain":0,"max_hp_loss":0,"event_name":"World of Goop","floor":3,"gold_loss":0},{"damage_healed":0,"gold_gain":0,"player_choice":"Entered Light","damage_taken":16,"max_hp_gain":0,"max_hp_loss":0,"event_name":"Shining Light","floor":5,"gold_loss":0,"cards_upgraded":["FiveSignsOfTheDyingDeva","WheelOfPainOfLivingAndDead"]}],"is_beta":false,"boss_relics":[],"items_purged_floors":[12],"is_endless":false,"potions_floor_spawned":[4,6,14],"killed_by":"Slime Boss","ascension_level":0}}