{"host":"cz3p2o9n3b1gdmkz","time":1608897591,"event":{"mods":["AchievementEnabler","BaseMod","CapriCore","GungeonMod","Hermit","Lobotomy","Minty Spire (QoL Compilation)","Replay The Spire","Shop Mod","StSLib","SuperFastMode","The Cursed","The Dragon Tamer","The Gatherer","The Jungle","The Poker Player","The Runesmith"],"gold_per_floor":[113,125,125,142,22,22,34,34,83,158,176,194,209,235,235,334,334,345,345,361,162,162,162,173,185,210,210,221,221,221,171,171,274,274,284,127,182,132,132,132,152,152,152,167,167,167,167,268,268,268,268],"floor_reached":52,"playtime":1971,"items_purged":["Gatherer:Strike_Gatherer","Gatherer:Strike_Gatherer","Gatherer:Defend_Gatherer"],"score":820,"play_id":"030ecdb5-7278-402c-a17c-441f89d5f79d","local_time":"20201225205951","is_ascension_mode":true,"metric_token":1117,"campfire_choices":[{"data":"Gatherer:FlowerWhip+1","floor":6.0,"key":"SMITH"},{"data":"Gatherer:FlowerBeam","floor":8.0,"key":"SMITH"},{"data":"Gatherer:Centralize","floor":15.0,"key":"SMITH"},{"data":"Gatherer:FlowerBeam+1","floor":23.0,"key":"SMITH"},{"data":"Gatherer:FlowerPower","floor":27.0,"key":"SMITH"},{"data":"Gatherer:FlowerPower+1","floor":30.0,"key":"SMITH"},{"data":"Gatherer:FlowerPower","floor":32.0,"key":"SMITH"},{"data":"Gatherer:FlowerShield","floor":42.0,"key":"SMITH"},{"data":"Gatherer:FlowerFalling+1","floor":45.0,"key":"SMITH"},{"floor":49,"key":"REST"}],"circlet_count":0,"master_deck":["Gatherer:Defend_Gatherer","Gatherer:Centralize+1","Gatherer:FlowerWhip+2","Gatherer:FlowerBeam+2","Gatherer:FlowerFalling+1","Gatherer:FlowerShield+1","Gatherer:FlowerPower+2","Gatherer:Pollute","Gatherer:BlackTea","Gatherer:QuickSynthesis+1","Gatherer:FlowerPower+2","Gatherer:TreeGrowth","Gatherer:FlowerFalling+2","Gatherer:Photoscythe","Gatherer:EnergyBasket+1","Dramatic Entrance","Dramatic Entrance","Gatherer:FlowerShield+1","Gatherer:FlowerBeam+1","Glass Knife"],"relics":["Gatherer:AlchemyBag","Ancient Tea Set","Smiling Mask","Empty Cage","DemoMod:MonsterBlood","Gatherer:FlyingFruit","Replay:Wax Seal","Cursed Key","Replay:Multitool","PreservedInsect"],"acts_visited":["Exordium","TheCity","TheBeyond"],"potions_floor_usage":[50,50],"damage_taken":[{"damage":2.0,"enemies":"Jaw Worm","floor":1.0,"turns":3.0},{"damage":4.0,"enemies":"Cultist","floor":2.0,"turns":4.0},{"damage":0.0,"enemies":"2 Louse","floor":4.0,"turns":1.0},{"damage":10.0,"enemies":"Lots of Slimes","floor":7.0,"turns":3.0},{"damage":14.0,"enemies":"Large Slime","floor":11.0,"turns":6.0},{"damage":0.0,"enemies":"Gremlin Gang","floor":12.0,"turns":2.0},{"damage":0.0,"enemies":"2 Fungi Beasts","floor":13.0,"turns":1.0},{"damage":6.0,"enemies":"Gremlin Nob","floor":14.0,"turns":3.0},{"damage":19.0,"enemies":"Fading Forest","floor":16.0,"turns":11.0},{"damage":5.0,"enemies":"Shell Parasite","floor":18.0,"turns":2.0},{"damage":7.0,"enemies":"Spheric Guardian","floor":20.0,"turns":3.0},{"damage":0.0,"enemies":"Cultist and Chosen","floor":24.0,"turns":3.0},{"damage":12.0,"enemies":"Centurion and Healer","floor":25.0,"turns":3.0},{"damage":8.0,"enemies":"Snecko","floor":28.0,"turns":3.0},{"damage":48.0,"enemies":"Automaton","floor":33.0,"turns":7.0},{"damage":0.0,"enemies":"Orb Walker","floor":35.0,"turns":3.0},{"damage":22.0,"enemies":"2 Orb Walkers","floor":37.0,"turns":4.0},{"damage":0.0,"enemies":"3 Darklings","floor":41.0,"turns":3.0},{"damage":25.0,"enemies":"Writhing Mass","floor":44.0,"turns":3.0},{"damage":3,"enemies":"Awakened One","floor":50,"turns":8}],"seed_played":"9113317024141574068","potions_obtained":[{"floor":1.0,"key":"Adrenaline Potion"},{"floor":4.0,"key":"SpeedPotion"},{"floor":7.0,"key":"DuplicationPotion"},{"floor":12.0,"key":"Energy Potion"},{"floor":18.0,"key":"Dexterity Potion"},{"floor":24.0,"key":"DemoMod:LeadSkinPotion"},{"floor":33.0,"key":"Poison Potion"},{"floor":35.0,"key":"Poison Potion"},{"floor":41.0,"key":"DistilledChaos"}],"is_trial":false,"path_per_floor":["M","M","?","M","$","R","M","R","T","?","M","M","M","E","R","B",null,"M","?","M","$","?","R","M","M","T","R","M","?","R","$","R","B",null,"M","$","?","$","?","R","M","R","T","M","R","?","?","?","R","B",null,null],"character_chosen":"THE_GATHERER","items_purchased":["Gatherer:FlowerShield","Gatherer:FlowerPower","DemoMod:MonsterBlood","Gatherer:Photoscythe"],"campfire_rested":1,"item_purchase_floors":[5,5,21,36],"current_hp_per_floor":[70,66,66,66,66,66,56,56,56,49,35,35,35,29,29,18,72,67,67,60,67,67,67,71,59,59,59,51,51,51,51,51,3,83,87,87,69,69,69,87,87,87,87,66,66,66,56,35,61,70,70],"gold":268,"neow_bonus":"UPGRADE_CARD","is_daily":false,"chose_seed":false,"campfire_upgraded":9,"win_rate":0.0,"timestamp":1608897591,"path_taken":["M","M","?","M","$","R","M","R","T","?","M","M","?","E","R","BOSS","M","?","?","$","?","R","?","M","T","R","M","?","R","?","R","BOSS","M","?","?","$","?","R","M","R","T","?","R","?","?","?","R","BOSS"],"items_purchased_type":["Card","Card","Relic","Card"],"build_version":"2020-12-22","purchased_purges":3,"victory":true,"max_hp_per_floor":[72,72,72,72,72,72,72,72,72,72,72,72,72,72,72,72,72,72,72,72,79,79,79,83,83,83,83,83,83,83,83,83,83,83,87,87,87,87,87,87,87,87,87,87,87,87,87,87,87,91,91],"card_choices":[{"not_picked":["Gatherer:Solidify","Gatherer:RecipeChange","Gatherer:TacticalStrike"],"picked":"SKIP","floor":1.0},{"not_picked":["Gatherer:FlowerFalling","Gatherer:AcidicSpray"],"picked":"Gatherer:FlowerBeam","floor":2.0},{"not_picked":["Gatherer:PotentialSlash","Gatherer:Frenzy","Gatherer:BambuSword"],"picked":"SKIP","floor":4.0},{"not_picked":["Gatherer:TacticalStrike","Gatherer:TreeGrowth","Gatherer:FragileHammer"],"picked":"SKIP","floor":7.0},{"not_picked":["Gatherer:FragileHammer","Gatherer:RottenStipe","Gatherer:Snatch"],"picked":"SKIP","floor":11.0},{"not_picked":["Gatherer:Enchant","Gatherer:SealedBomb","Gatherer:Misfortune"],"picked":"SKIP","floor":12.0},{"not_picked":["Gatherer:Convert","Gatherer:ColorfulGarden","Gatherer:Polymorphism"],"picked":"SKIP","floor":13.0},{"not_picked":["Gatherer:AcidicSpray","Gatherer:WoolGloves"],"picked":"Gatherer:Pollute","floor":14.0},{"not_picked":["Gatherer:MindSearch","Gatherer:ScrollOfPurity"],"picked":"Gatherer:BlackTea","floor":16.0},{"not_picked":["Gatherer:FragileHammer","Gatherer:Convert","Gatherer:EnergyBasket"],"picked":"SKIP","floor":18.0},{"not_picked":["Gatherer:BambuSword+1","Gatherer:BigPouch","Gatherer:TacticalStrike"],"picked":"SKIP","floor":20.0},{"not_picked":["Gatherer:Convert+1","Gatherer:SmartManeuver","Gatherer:Solidify"],"picked":"SKIP","floor":24.0},{"not_picked":["Gatherer:CollectorsShot","Gatherer:Solidify"],"picked":"Gatherer:QuickSynthesis+1","floor":25.0},{"not_picked":["Gatherer:EnergyBasket+1","Gatherer:PotentialSlash"],"picked":"Gatherer:FlowerPower","floor":28.0},{"not_picked":["Gatherer:FinishingStrike","Gatherer:FlamingBottle"],"picked":"Gatherer:GrowBook","floor":33.0},{"not_picked":["Gatherer:PotentialSlash","Gatherer:AcidicSpray+1"],"picked":"Gatherer:FlowerFalling+1","floor":35.0},{"not_picked":["Gatherer:Polymorphism","Gatherer:SaveValuables"],"picked":"Gatherer:EnergyBasket+1","floor":37.0},{"not_picked":["Gatherer:AcidicSpray","Gatherer:Convert","Gatherer:Misfortune"],"picked":"SKIP","floor":41.0},{"not_picked":["Gatherer:Duality","Gatherer:GlowingPlant+1","Gatherer:Frenzy+1"],"picked":"SKIP","floor":44.0},{"not_picked":["Chrysalis","Enlightenment"],"picked":"Dramatic Entrance","floor":47.0},{"not_picked":["Purity","Panache"],"picked":"Dramatic Entrance","floor":47.0},{"not_picked":["Gatherer:GlowingPlant+1","Gatherer:FlowerFalling+1"],"picked":"Gatherer:FlowerShield+1","floor":48},{"not_picked":["Gatherer:RottenStipe","Gatherer:BambuSword+1"],"picked":"Gatherer:FlowerBeam+1","floor":48}],"player_experience":1018288,"relics_obtained":[{"floor":9.0,"key":"Ancient Tea Set"},{"floor":14.0,"key":"Smiling Mask"},{"floor":26.0,"key":"Replay:Wax Seal"},{"floor":37.0,"key":"Replay:Multitool"},{"floor":48,"key":"PreservedInsect"}],"event_choices":[{"damage_healed":0.0,"max_hp_gain":0.0,"max_hp_loss":0.0,"gold_gain":75.0,"event_name":"FaceTrader","player_choice":"Touch","floor":10.0,"gold_loss":0.0,"damage_taken":7.0},{"cards_removed":["Gatherer:Defend_Gatherer"],"damage_healed":0.0,"max_hp_gain":0.0,"max_hp_loss":0.0,"gold_gain":0.0,"event_name":"Purifier","player_choice":"Purged","floor":19.0,"gold_loss":0.0,"damage_taken":0.0},{"damage_healed":0.0,"max_hp_gain":0.0,"max_hp_loss":0.0,"gold_gain":0.0,"event_name":"WeMeetAgain","player_choice":"Gave Potion","floor":22.0,"gold_loss":0.0,"damage_taken":0.0,"relics_obtained":["Gatherer:FlyingFruit"]},{"damage_healed":0.0,"max_hp_gain":0.0,"max_hp_loss":0.0,"gold_gain":0.0,"cards_transformed":["Gatherer:Defend_Gatherer"],"event_name":"Transmorgrifier","player_choice":"Transformed","floor":29.0,"gold_loss":0.0,"damage_taken":0.0,"cards_obtained":["Gatherer:TreeGrowth"]},{"damage_healed":0.0,"max_hp_gain":0.0,"max_hp_loss":0.0,"gold_gain":0.0,"event_name":"Mysterious Sphere","player_choice":"Fight","floor":37.0,"gold_loss":0.0,"damage_taken":0.0},{"cards_removed":["Gatherer:Strike_Gatherer"],"damage_healed":0.0,"max_hp_gain":0.0,"max_hp_loss":0.0,"gold_gain":0.0,"event_name":"Purifier","player_choice":"Purged","floor":39.0,"gold_loss":0.0,"damage_taken":0.0},{"damage_healed":0.0,"max_hp_gain":0.0,"max_hp_loss":0.0,"gold_gain":0.0,"event_name":"SensoryStone","player_choice":"Memory 3","floor":47.0,"gold_loss":0.0,"damage_taken":10.0}],"is_beta":false,"boss_relics":[{"not_picked":["Replay:Bronze Core","Tiny House"],"picked":"Empty Cage"},{"not_picked":["Runic Dome","Pandora\u0027s Box"],"picked":"Cursed Key"}],"items_purged_floors":[21,31,38],"is_endless":false,"potions_floor_spawned":[1,4,7,12,18,24,33,35,37,41],"ascension_level":4}}