{"host":"v9ordiuf4xzdpttp","time":1608864271,"event":{"mods":["AchievementEnabler","Act Like it!","AlwaysNeverKeys","Aspiration","BaseMod","Better Third Choice","Better Vampires","BetterRewards","Colored Map","Conspire","Dio Mod","Downfall","Energized Spire","Gold Saver","GungeonMod","Hubris","Infinite Spire","Marked Mod","Melee Mod","Minty Spire (QoL Compilation)","Pale of the Ancients","Remove Card Discount Mod","Replay The Spire","SOS???????","Shop Mod","Small Relic Pack","Spicy Shops","StSLib","The Bladedancer","The Bug Knight","The Construct","The Hayseed","The Runesmith","The Servant 0.9.4","The Wild Card","???Mod??????Boss","??????REMEMod"],"gold_per_floor":[327,70,86,26,36,36,69,69,69,38,38,38,38,68,68,170,170,186,199,199,199,199,224,224,252,252,278,295,295,306,317,317,417,417,437,453,62,77,15,15,15,15,42,42,42,58,58,93,93,93,104,114,142,187,187,207,207,55,55,55],"floor_reached":61,"playtime":3382,"items_purged":["dioMod:DoubleTime","Bash","Writhe","Pommel Strike","Shrug It Off","Cleave+1","Thunderclap","Defend_R","Intimidate","Strike_R+1","Strike_R+1","Strike_R+1","Strike_R+1","Strike_R+1","hubris:ReadiedAction","Defend_R","REME_BattleFury","Pot Of Greed","Pot Of Greed","Pot Of Greed","infinitespire:Pacifist"],"score":2126,"play_id":"51cd822f-e7c2-4b51-9a03-66c291c68813","local_time":"20201224214431","is_ascension_mode":true,"campfire_choices":[{"floor":6,"key":"REST"},{"floor":8,"key":"REST"},{"floor":11,"key":"REST"},{"floor":13,"key":"REST"},{"floor":15,"key":"REST"},{"floor":24,"key":"REST"},{"floor":29,"key":"REST"},{"floor":32,"key":"REST"},{"data":"Rupture","floor":40,"key":"SMITH"},{"floor":42,"key":"RECALL"},{"data":"infinitespire:Punishment","floor":45,"key":"SMITH"},{"data":"Rupture","floor":47,"key":"SMITH"},{"data":"Combust","floor":49,"key":"SMITH"},{"data":"Armaments","floor":55,"key":"SMITH"},{"data":"Replay:Fractal Strike","floor":57,"key":"SMITH"}],"circlet_count":0,"master_deck":["Defend_R","Defend_R","Rupture+1","Rupture+1","Combust+1","Anger","Armaments+1","ReplayTheSpireMod:Muscle Training","Replay:Fractal Strike+1","infinitespire:Starlight","infinitespire:Punishment+1","hubris:ReadiedAction","Heavy Blade+1","Replay:Undeath\u0027s Touch+1","REME_Scribble+1","Reaper","Combust+1","ReplayTheSpireMod:Muscle Training","Poisoned Strike","ReplayReversal+1","Pot Of Greed","Combust+1","Intimidate+1","Anger+1","Flex+1","ReplayTheSpireMod:Splinters","Finesse","Rage","REME_Cut","Panache"],"relics":["Burning Blood","REME_ComplimentaryCards","Orrery","Unceasing Top","Grinning Jar","Omamori","hubris:CuriousFeather","PreservedInsect","Calling Bell","hubris:SlimyHat","infinitespire:CursedDice","Replay:Bottled Eggs","infinitespire:Broken Mirror","conspire:SlowCooker","King of Hearts","BranchBurnRelic","Vajra","hubris:GlazedTorus","hubris:ToyBattleship","Sozu","Ornamental Fan","hubris:Towel","conspire:Dentures","paleoftheancients:Timepiece","paleoftheancients:KeyRelic","Anchor","paleoftheancients:SoulOfTheSilent","Lizard Tail","Happy Flower","BargainBundle","ReplayTheSpireMod:CursedCoin"],"acts_visited":["Exordium","TheCity","TheBeyond","paleoftheancients:PaleOfTheAncients"],"potions_floor_usage":[7,14,19,19,23,23,50],"damage_taken":[{"damage":1,"enemies":"Cultist","floor":1,"turns":3},{"damage":14,"enemies":"Small Slimes","floor":3,"turns":4},{"damage":9,"enemies":"2 Louse","floor":5,"turns":3},{"damage":47,"enemies":"Gremlin Nob","floor":7,"turns":5},{"damage":26,"enemies":"3 Sentries","floor":14,"turns":3},{"damage":25,"enemies":"The Guardian","floor":16,"turns":5},{"damage":11,"enemies":"conspire:FuzzyDice","floor":18,"turns":4},{"damage":24,"enemies":"3 Cultists","floor":19,"turns":4},{"damage":21,"enemies":"conspire:Head Lice","floor":23,"turns":5},{"damage":39,"enemies":"Replay:Snechameleon","floor":25,"turns":4},{"damage":19,"enemies":"Gremlin Leader","floor":27,"turns":3},{"damage":39,"enemies":"Snake Plant","floor":28,"turns":4},{"damage":45,"enemies":"Shelled Parasite and Fungi","floor":30,"turns":4},{"damage":10,"enemies":"Centurion and Healer","floor":31,"turns":3},{"damage":31,"enemies":"Champ","floor":33,"turns":6},{"damage":19,"enemies":"3 Shapes","floor":35,"turns":2},{"damage":6,"enemies":"Orb Walker","floor":36,"turns":2},{"damage":39,"enemies":"4 Shapes","floor":38,"turns":3},{"damage":10,"enemies":"Jaw Worm Horde","floor":46,"turns":2},{"damage":11,"enemies":"Giant Head","floor":48,"turns":3},{"damage":20,"enemies":"Jotaro","floor":50,"turns":4},{"damage":30,"enemies":"Jotaro","floor":51,"turns":4},{"damage":22,"enemies":"Jotaro","floor":52,"turns":5},{"damage":14,"enemies":"Jotaro","floor":56,"turns":4},{"damage":60,"enemies":"paleoftheancients:N","floor":60,"turns":7}],"seed_played":"1255724837126814224","potions_obtained":[{"floor":3,"key":"PowerPotion"},{"floor":7,"key":"sneckomod:MuddlingPotion"},{"floor":14,"key":"Swift Potion"},{"floor":18,"key":"Adrenaline Potion"},{"floor":19,"key":"Weak Potion"},{"floor":22,"key":"Regen Potion"},{"floor":31,"key":"Weak Potion"},{"floor":33,"key":"SteroidPotion"}],"is_trial":false,"path_per_floor":["M","$","M","$","M","R","E","R","T","?","R","?","R","E","R","B",null,"M","M","AVR","?","?","E","R","E","T","E","M","R","M","M","R","B",null,"M","M","$","M","$","R","?","R","T","?","R","M","R","E","R","B","M","M","?","T","R","M","R","$","?","B",null],"character_chosen":"IRONCLAD","items_purchased":["Rupture","Orrery","REME_BattleFury","Unceasing Top","Grinning Jar","ReplayTheSpireMod:Muscle Training","Ornamental Fan","Poisoned Strike","Combust+1","BargainBundle","Finesse","Rage","ReplayTheSpireMod:CursedCoin","REME_Cut","Panache"],"campfire_rested":8,"item_purchase_floors":[0,0,2,2,4,37,37,37,39,58,58,58,58,58,58],"current_hp_per_floor":[39,39,31,31,28,52,11,35,35,35,59,52,76,56,80,61,75,70,52,52,60,60,54,78,54,54,51,28,52,35,31,55,48,74,77,80,80,82,82,82,82,82,82,82,82,92,92,95,95,112,110,114,114,114,114,121,121,121,121,109],"gold":55,"neow_bonus":"","is_daily":false,"chose_seed":false,"campfire_upgraded":6,"win_rate":0.0,"timestamp":1608864271,"path_taken":["M","?","M","$","M","R","E","R","T","?","R","?","R","E","R","BOSS","M","M","AVR","?","?","E","R","E","T","E","M","R","M","?","R","BOSS","M","M","$","M","$","R","?","R","T","?","R","M","R","E","R","BOSS","M","M","?","T","R","M","R","$","?","BOSS"],"items_purchased_type":["Card","Relic","Card","Relic","Relic","Card","Relic","Card","Card","Relic","Card","Card","Relic","Card","Card"],"build_version":"2020-12-22","purchased_purges":21,"victory":true,"max_hp_per_floor":[80,80,80,80,80,80,80,80,80,80,80,80,80,80,80,80,80,80,80,80,80,80,80,80,80,80,80,80,80,80,80,80,83,83,83,86,86,89,89,89,89,89,89,89,89,92,92,95,95,112,115,118,118,118,118,121,121,121,121,124],"card_choices":[{"not_picked":["Flex","Perfected Strike"],"picked":"Combust","floor":0},{"not_picked":["Cleave","True Grit"],"picked":"Thunderclap","floor":0},{"not_picked":["ReplayTheSpireMod:Strike From Hell","Carnage"],"picked":"Anger","floor":0},{"not_picked":["Replay:Undeath\u0027s Touch","Thunderclap"],"picked":"ReplayTheSpireMod:Muscle Training","floor":0},{"not_picked":["Body Slam","REME_FearOfPain"],"picked":"hubris:ReadiedAction","floor":0},{"not_picked":["Wild Strike","REME_Fury"],"picked":"Pommel Strike","floor":1},{"not_picked":["Pummel","Iron Wave"],"picked":"Armaments","floor":3},{"not_picked":["Thunderclap","Cleave","Havoc"],"picked":"SKIP","floor":5},{"not_picked":["Whirlwind","hubris:ReadiedAction"],"picked":"ReplayTheSpireMod:Muscle Training","floor":7},{"not_picked":["True Grit","Thunderclap"],"picked":"Shrug It Off","floor":14},{"not_picked":["Sword Boomerang","infinitespire:OneForAll","ReplayTheSpireMod:Strike From Hell"],"picked":"SKIP","floor":18},{"not_picked":["Iron Wave","Impervious","Run Through+1"],"picked":"SKIP","floor":19},{"not_picked":["Entrench","Sword Boomerang"],"picked":"Cleave+1","floor":23},{"not_picked":["Impervious","Wild Strike"],"picked":"Intimidate","floor":25},{"not_picked":["Reckless Charge","Dropkick"],"picked":"Heavy Blade+1","floor":27},{"not_picked":["Cleave","Massacre","Impervious"],"picked":"SKIP","floor":28},{"not_picked":["Flex","conspire:ExplosiveBarrier"],"picked":"Replay:Undeath\u0027s Touch+1","floor":30},{"not_picked":["Wild Strike","Flex"],"picked":"REME_Scribble+1","floor":31},{"not_picked":["Bludgeon","conspire:HitWhereItHurts"],"picked":"Reaper","floor":33},{"not_picked":["Pommel Strike","Clothesline+1"],"picked":"Combust+1","floor":35},{"not_picked":["Hemokinesis","Exhume","hubris:ReadiedAction"],"picked":"SKIP","floor":36},{"not_picked":["Carnage","ReplayTheSpireMod:Stacked"],"picked":"ReplayReversal+1","floor":38},{"not_picked":["Wild Strike+1","Perfected Strike","Headbutt+1"],"picked":"SKIP","floor":46},{"not_picked":["Pommel Strike+1","ReplayTheSpireMod:Corrosion Curse"],"picked":"Intimidate+1","floor":48},{"not_picked":["Shrug It Off+1","ReplayReversal+1"],"picked":"Anger+1","floor":51},{"not_picked":["Perfected Strike","hubris:ReadiedAction"],"picked":"Flex+1","floor":52},{"not_picked":["Twin Strike","Armaments","Perfected Strike"],"picked":"SKIP","floor":56}],"player_experience":218526,"relics_obtained":[{"floor":7,"key":"Omamori"},{"floor":9,"key":"hubris:CuriousFeather"},{"floor":14,"key":"Dead Branch"},{"floor":17,"key":"hubris:SlimyHat"},{"floor":17,"key":"infinitespire:CursedDice"},{"floor":17,"key":"Replay:Bottled Eggs"},{"floor":23,"key":"King of Hearts"},{"floor":25,"key":"Vajra"},{"floor":26,"key":"hubris:GlazedTorus"},{"floor":27,"key":"hubris:ToyBattleship"},{"floor":48,"key":"conspire:Dentures"},{"floor":51,"key":"paleoftheancients:SoulOfTheSilent"},{"floor":52,"key":"paleoftheancients:SoulOfTheShowman"},{"floor":53,"key":"Lizard Tail"},{"floor":54,"key":"Happy Flower"},{"floor":56,"key":"paleoftheancients:SoulOfTheDefect"}],"event_choices":[{"damage_healed":0,"gold_gain":0,"player_choice":"Left","damage_taken":0,"max_hp_gain":0,"max_hp_loss":0,"event_name":"betterThird:BetterGoop","floor":10,"gold_loss":31},{"damage_healed":0,"gold_gain":0,"player_choice":"Relic ","damage_taken":7,"max_hp_gain":0,"max_hp_loss":0,"event_name":"betterThird:BetterScrap","floor":12,"gold_loss":0,"cards_obtained":["Machine Learning"]},{"damage_healed":0,"gold_gain":0,"player_choice":"Got Potions","damage_taken":0,"max_hp_gain":0,"max_hp_loss":0,"event_name":"Lab","floor":22,"gold_loss":0},{"cards_removed":["ReplayTheSpireMod:Muscle Training"],"damage_healed":0,"gold_gain":0,"player_choice":"Removed Skill","damage_taken":0,"max_hp_gain":0,"max_hp_loss":0,"event_name":"Falling","floor":41,"gold_loss":0}],"is_beta":false,"boss_relics":[{"not_picked":["Replay:Bronze Core","REME_DuelDisc"],"picked":"Calling Bell"},{"not_picked":["aspiration:RunicSpoon","hubris:TerracottaHorce"],"picked":"Sozu"}],"items_purged_floors":[2,2,4,37,37,37,37,37,37,37,37,37,37,37,37,37,39,39,39,39,58],"is_endless":false,"potions_floor_spawned":[3,7,14,18,19,31,33,35,38,52],"ascension_level":7}}