{"host":"90jl2h70xtuoeg0i","time":1608935296,"event":{"mods":["AchievementEnabler","BaseMod","Colored Map","Colored Powertips","Highlight Path","Minty Spire (QoL Compilation)","Relic Stats","ojb\u0027s Info Mod"],"gold_per_floor":[112,132,147,147,72,72,72],"floor_reached":6,"playtime":584,"items_purged":["Regret"],"score":72,"play_id":"7692daf1-62c9-4bd4-90cd-184556255157","local_time":"20201225172816","is_ascension_mode":true,"campfire_choices":[],"circlet_count":0,"master_deck":["AscendersBane","Strike_G","Strike_G","Strike_G","Strike_G","Strike_G","Defend_G","Defend_G","Defend_G","Defend_G","Defend_G","Survivor","Neutralize","Bouncing Flask","Dagger Spray"],"relics":["Sozu","Centennial Puzzle"],"acts_visited":["Exordium"],"potions_floor_usage":[],"damage_taken":[{"damage":7,"enemies":"Jaw Worm","floor":1,"turns":5},{"damage":1,"enemies":"2 Louse","floor":2,"turns":2},{"damage":8,"enemies":"Small Slimes","floor":3,"turns":4},{"damage":49,"enemies":"Gremlin Nob","floor":6,"turns":4}],"seed_played":"5379145449277573772","potions_obtained":[],"is_trial":false,"path_per_floor":["M","M","M","?","$","E"],"character_chosen":"THE_SILENT","items_purchased":[],"campfire_rested":0,"item_purchase_floors":[],"current_hp_per_floor":[52,51,43,43,43,0,0],"gold":72,"neow_bonus":"BOSS_RELIC","is_daily":false,"chose_seed":false,"campfire_upgraded":0,"win_rate":0.0,"timestamp":1608935296,"path_taken":["M","M","M","?","$","E"],"items_purchased_type":[],"build_version":"2020-12-22","purchased_purges":1,"victory":false,"max_hp_per_floor":[66,66,66,66,66,66,66],"relic_stats":{"Sozu":2,"Centennial Puzzle":[3],"counters":[4,15],"obtain_stats":[{"Sozu":0,"Centennial Puzzle":4,"Ring of the Snake":0},{"Sozu":0,"Centennial Puzzle":3,"Ring of the Snake":0},{"Sozu":0,"Centennial Puzzle":11,"Ring of the Snake":0}]},"card_choices":[{"not_picked":["Quick Slash","Caltrops"],"picked":"Bouncing Flask","floor":1},{"not_picked":["Outmaneuver","Acrobatics","Endless Agony"],"picked":"SKIP","floor":2},{"not_picked":["Cloak And Dagger","Distraction"],"picked":"Dagger Spray","floor":3}],"player_experience":1409965,"relics_obtained":[],"event_choices":[{"damage_healed":0,"gold_gain":0,"player_choice":"Box","damage_taken":0,"relics_obtained":["Centennial Puzzle"],"max_hp_gain":0,"max_hp_loss":0,"event_name":"Big Fish","floor":4,"gold_loss":0,"cards_obtained":["Regret"]}],"is_beta":false,"boss_relics":[],"items_purged_floors":[5],"is_endless":false,"potions_floor_spawned":[2,3],"killed_by":"Gremlin Nob","ascension_level":20}}