{"host":"tlbgt7ns5r9s9fgj","time":1608930784,"event":{"mods":["2.2 Compatiblity","Act Like it!","Aspiration","BaseMod","Better Altar","Better Match","Better Note","Better Sensory Stone","Better Skull","Better Third Choice","Better Vampires","BetterRewards","Challenge The Spire","Colored Map","Colored Powertips","Conspire","Downfall","Elementarium","Energized Spire","Friendly Minions","GifTheSpireLib","Halation","Highlight Path","Hubris","Ironclad Rager","Jedi Mod","Key Reminder","Marked Mod","Melee Mod","Minty Spire (QoL Compilation)","Pale of the Ancients","Permanent Neow","Pikachu Mod","Potionbrewer","Practice Mode","Relic Sorter","Remilia??????","Replay The Spire","Retaliation","SCP261 Mod","Shop Mod","Spicy Shops","Spikes Relics","StSLib","Stuff the Spire","The Factory","The Jungle","TheVacant","vexMod"],"gold_per_floor":[112,132,132,146,146,172,190,190,190,190,208,228,248,30,30,125,125,136,136,136,67,67,67,79,79,79,79,108,108,108,108],"floor_reached":30,"playtime":2280,"items_purged":[],"score":230,"play_id":"965b88c9-c2ef-442e-a4fb-739458b56c1f","local_time":"20201225161304","is_ascension_mode":false,"campfire_choices":[{"data":"meleeMod_Randall","floor":8,"key":"SMITH"},{"data":"meleeMod_UnclePunch","floor":10,"key":"SMITH"},{"data":"meleeMod_Cautious","floor":15,"key":"SMITH"},{"data":"meleeMod_Cautious","floor":23,"key":"SMITH"},{"data":"StuffTheSpire:CelestialWarden","floor":27,"key":"SMITH"}],"circlet_count":0,"master_deck":["meleeMod_Jab","meleeMod_Jab","meleeMod_Jab","meleeMod_Shield","meleeMod_Shield","meleeMod_Shield","meleeMod_NeutralAir","meleeMod_BackAir","meleeMod_Cautious+1","meleeMod_Randall+1","meleeMod_UnclePunch+1","meleeMod_SweetSpot","meleeMod_UpSmash","meleeMod_DownSmash","meleeMod_ShieldPoke","meleeMod_Cautious+1","meleeMod_Randall+1","meleeMod_Grab","meleeMod_HomieStock","meleeMod_DropZone","Enlightenment+1","StuffTheSpire:CelestialWarden+1","meleeMod_Moonwalking","meleeMod_BackAir","meleeMod_PowerShield"],"relics":["meleeMod_LosersMang0","NeowsBlessing","Centennial Puzzle","keyreminder:keyreminder","Question Card","DollysMirror","hubris:RunicObelisk","Pocketwatch","Nilry\u0027s Codex"],"acts_visited":["Exordium","TheCity"],"potions_floor_usage":[13,28,30],"damage_taken":[{"damage":0,"enemies":"Cultist","floor":1,"turns":1},{"damage":0,"enemies":"Small Slimes","floor":2,"turns":1},{"damage":0,"enemies":"conspire:RoseBush","floor":4,"turns":1},{"damage":15,"enemies":"Lagavulin","floor":6,"turns":8},{"damage":8,"enemies":"Lots of Slimes","floor":7,"turns":5},{"damage":12,"enemies":"Blue Slaver","floor":11,"turns":2},{"damage":0,"enemies":"Looter","floor":12,"turns":1},{"damage":8,"enemies":"Gremlin Gang","floor":13,"turns":4},{"damage":13,"enemies":"The Guardian","floor":16,"turns":14},{"damage":6,"enemies":"3 Byrds","floor":18,"turns":7},{"damage":13,"enemies":"Shell Parasite","floor":24,"turns":6},{"damage":24,"enemies":"Snake Plant","floor":28,"turns":5},{"damage":10,"enemies":"Slavers","floor":30,"turns":1}],"seed_played":"-861643619505953210","potions_obtained":[{"floor":1,"key":"LiquidBronze"},{"floor":7,"key":"BlessingOfTheForge"},{"floor":11,"key":"jedi:StrikingPotion"},{"floor":24,"key":"potionbrewer:MidasPotion"}],"is_trial":false,"path_per_floor":["M","M","?","M","?","E","M","R","T","R","M","M","M","$","R","B",null,"M","?","?","$","?","R","M","?","T","R","M","?","E"],"character_chosen":"FALCON","items_purchased":["DollysMirror","meleeMod_Grab","meleeMod_Moonwalking"],"campfire_rested":0,"item_purchase_floors":[14,14,21],"current_hp_per_floor":[85,85,78,78,78,63,55,55,55,55,43,43,35,35,35,22,85,79,79,60,60,60,60,47,47,47,47,23,7,0,0],"gold":108,"neow_bonus":"THREE_ENEMY_KILL","is_daily":false,"chose_seed":false,"campfire_upgraded":5,"win_rate":0.0,"timestamp":1608930784,"path_taken":["M","?","?","M","?","E","M","R","T","R","M","M","?","$","R","BOSS","M","?","?","$","?","R","?","?","T","R","M","?","E"],"items_purchased_type":["Relic","Card","Card"],"build_version":"2020-12-22","purchased_purges":0,"victory":false,"max_hp_per_floor":[85,85,85,85,85,85,85,85,85,85,85,85,85,85,85,85,85,85,85,85,85,85,85,85,85,85,85,85,85,85,85],"card_choices":[{"not_picked":["meleeMod_BackAir","meleeMod_DownSmash"],"picked":"meleeMod_Cautious","floor":1},{"not_picked":["meleeMod_WaveLand","meleeMod_UpAir"],"picked":"meleeMod_Randall","floor":2},{"not_picked":["meleeMod_WaveLand","meleeMod_UpSmash"],"picked":"meleeMod_UnclePunch","floor":4},{"not_picked":["meleeMod_Gentleman","meleeMod_FalconPunch"],"picked":"meleeMod_SweetSpot","floor":6},{"not_picked":["meleeMod_FireFlower","meleeMod_WallJump"],"picked":"meleeMod_UpSmash","floor":7},{"not_picked":["meleeMod_BackAir","meleeMod_Knee","meleeMod_UpTilt"],"picked":"meleeMod_DownSmash","floor":11},{"not_picked":["meleeMod_SweetSpot","meleeMod_UpTilt","meleeMod_CommandGrab"],"picked":"meleeMod_ShieldPoke","floor":12},{"not_picked":["meleeMod_NeutralAir","meleeMod_ShieldPoke","meleeMod_L_Cancel"],"picked":"meleeMod_Cautious","floor":13},{"not_picked":["meleeMod_PhantomHit","meleeMod_WeTechThose","meleeMod_IKilledMufasa"],"picked":"meleeMod_HomieStock","floor":16},{"not_picked":["meleeMod_SweetSpot","meleeMod_CommandGrab+1","meleeMod_DownSmash"],"picked":"meleeMod_DropZone","floor":18},{"not_picked":["meleeMod_RaptorBoost","meleeMod_CommandGrab","meleeMod_UpTilt+1"],"picked":"meleeMod_BackAir","floor":24},{"not_picked":["meleeMod_AirDodge","meleeMod_ForwardTilt","meleeMod_ShieldPoke"],"picked":"meleeMod_PowerShield","floor":28}],"player_experience":303728,"relics_obtained":[{"floor":6,"key":"Centennial Puzzle"},{"floor":9,"key":"Question Card"},{"floor":29,"key":"Nilry\u0027s Codex"}],"event_choices":[{"cards_removed":["meleeMod_Shield"],"damage_healed":0,"gold_gain":0,"player_choice":"Card Removal","damage_taken":7,"max_hp_gain":0,"max_hp_loss":0,"event_name":"Golden Wing","floor":3,"gold_loss":0},{"cards_removed":["meleeMod_Jab"],"damage_healed":0,"gold_gain":0,"player_choice":"Purged","damage_taken":0,"max_hp_gain":0,"max_hp_loss":0,"event_name":"Purifier","floor":5,"gold_loss":0},{"cards_removed":["meleeMod_Randall"],"damage_healed":0,"gold_gain":0,"player_choice":"Take \u0026 Give","damage_taken":0,"max_hp_gain":0,"max_hp_loss":0,"event_name":"betterNote:BetterNote","floor":19,"gold_loss":0,"cards_obtained":["Enlightenment"]},{"damage_healed":0,"gold_gain":0,"player_choice":"Gave Potion","damage_taken":0,"relics_obtained":["Pocketwatch"],"max_hp_gain":0,"max_hp_loss":0,"event_name":"WeMeetAgain","floor":22,"gold_loss":0},{"damage_healed":0,"gold_gain":0,"player_choice":"Obtained Book","damage_taken":16,"max_hp_gain":0,"max_hp_loss":0,"event_name":"Cursed Tome","floor":29,"gold_loss":0}],"is_beta":false,"boss_relics":[{"not_picked":["hubris:ScarierMask","hubris:TerracottaHorce"],"picked":"hubris:RunicObelisk"}],"items_purged_floors":[],"is_endless":false,"potions_floor_spawned":[1,7,11,24],"killed_by":"Slavers","ascension_level":0}}