{"host":"6to0pdz5g3mubtyg","time":1608868778,"event":{"mods":["Act Like it!","Aspiration","BaseMod","BetterRewards","Colored Map","Energized Spire","Hallownest","Highlight Path","Infinite Spire","Jorbs\u0027s Wanderer Trilogy","Minty Spire (QoL Compilation)","Shade Mod","StSLib","The Animator","The Blue Laboratory","The Bug Knight"],"gold_per_floor":[114,37,89,104,120,120,184,184,184,202,152,77,252,280,280,280,280],"floor_reached":16,"playtime":818,"items_purged":["Strike_P"],"score":108,"play_id":"6a476144-d20b-41cd-8c83-6c29fffd6547","local_time":"20201224205938","is_ascension_mode":true,"campfire_choices":[{"data":"Pray","floor":6,"key":"SMITH"},{"floor":15,"key":"REST"}],"circlet_count":0,"master_deck":["Strike_P","Strike_P","Strike_P","Defend_P","Defend_P","Eruption","Vigilance","EmptyBody","Pray+1","Prostrate","FlyingSleeves","Prostrate","FlyingSleeves","Doubt","Pray"],"relics":["PureWater","NeowsBlessing","Strawberry","Juzu Bracelet","infinitespire:Lychee Nut","CaptainsWheel"],"acts_visited":["Exordium"],"potions_floor_usage":[16,16,16],"damage_taken":[{"damage":0,"enemies":"Cultist","floor":1,"turns":1},{"damage":0,"enemies":"2 Louse","floor":4,"turns":1},{"damage":0,"enemies":"Small Slimes","floor":5,"turns":2},{"damage":26,"enemies":"3 Sentries","floor":7,"turns":12},{"damage":13,"enemies":"Blue Slaver","floor":10,"turns":4},{"damage":22,"enemies":"3 Sentries","floor":14,"turns":9},{"damage":47,"enemies":"The Guardian","floor":16,"turns":12}],"seed_played":"7531866090967800588","potions_obtained":[{"floor":1,"key":"SpeedPotion"},{"floor":4,"key":"LiquidBronze"},{"floor":5,"key":"SpeedPotion"}],"is_trial":false,"path_per_floor":["M","$","T","M","M","R","?","?","T","M","?","$","?","E","R","B"],"character_chosen":"WATCHER","items_purchased":["Pray"],"campfire_rested":1,"item_purchase_floors":[2],"current_hp_per_floor":[72,72,79,79,79,79,53,46,46,39,39,39,39,23,40,0,0],"gold":280,"neow_bonus":"THREE_ENEMY_KILL","is_daily":false,"chose_seed":false,"campfire_upgraded":1,"win_rate":0.0,"timestamp":1608868778,"path_taken":["M","?","?","M","M","R","?","?","T","M","?","?","?","E","R","BOSS"],"items_purchased_type":["Card"],"build_version":"2020-12-22","purchased_purges":1,"victory":false,"max_hp_per_floor":[72,72,79,79,79,79,79,79,59,59,59,59,59,59,59,59,59],"card_choices":[{"not_picked":["EmptyFist","Protect"],"picked":"EmptyBody","floor":1},{"not_picked":["SashWhip","EmptyMind"],"picked":"Prostrate","floor":4},{"not_picked":["LikeWater","Sanctity"],"picked":"FlyingSleeves","floor":5},{"not_picked":["CrushJoints","Crescendo"],"picked":"Prostrate","floor":7},{"not_picked":["BowlingBash","Evaluate"],"picked":"FlyingSleeves","floor":10},{"not_picked":["Worship","Study"],"picked":"Pray","floor":14}],"player_experience":224667,"relics_obtained":[{"floor":3,"key":"Strawberry"},{"floor":7,"key":"Juzu Bracelet"},{"floor":9,"key":"infinitespire:Lychee Nut"},{"floor":14,"key":"CaptainsWheel"}],"event_choices":[{"damage_healed":0,"gold_gain":30,"player_choice":"Searched \u00272\u0027 times","damage_taken":0,"max_hp_gain":0,"max_hp_loss":0,"event_name":"Dead Adventurer","floor":7,"gold_loss":0},{"cards_removed":["Defend_P"],"damage_healed":0,"gold_gain":0,"player_choice":"Card Removal","damage_taken":7,"max_hp_gain":0,"max_hp_loss":0,"event_name":"Golden Wing","floor":8,"gold_loss":0},{"cards_removed":["Defend_P"],"damage_healed":0,"gold_gain":0,"player_choice":"Card Removal","damage_taken":0,"max_hp_gain":0,"max_hp_loss":0,"event_name":"The Cleric","floor":11,"gold_loss":50},{"damage_healed":0,"gold_gain":175,"player_choice":"AGREE","damage_taken":0,"max_hp_gain":0,"max_hp_loss":0,"event_name":"Liars Game","floor":13,"gold_loss":0,"cards_obtained":["Doubt"]}],"is_beta":false,"boss_relics":[],"items_purged_floors":[12],"is_endless":false,"potions_floor_spawned":[1,4,5,10],"killed_by":"The Guardian","ascension_level":2}}