{"host":"ishme5wb80o83upk","time":1608908164,"event":{"mods":["Arknights The Spire","BaseMod","BetterRewards","Minty Spire (QoL Compilation)","StSLib"],"gold_per_floor":[117,117,42,55,67,97,97,109,109,109,140,54,81,94,94,193,193,212,228,238,253,253,280,280,310,361,409,409,409,420,28,28,126,126,146,156,156,168,182,212,212,212,212,212,228,251,266,266,266,266,266],"floor_reached":50,"playtime":2687,"items_purged":["Pain","ats:Strike G"],"score":585,"play_id":"089e163c-28a4-41ae-88d5-a55d84546312","local_time":"20201225235604","is_ascension_mode":true,"campfire_choices":[{"data":"ats:Armor Crushing Shot","floor":7.0,"key":"SMITH"},{"data":"ats:Closed Bolt Burst Fire","floor":10.0,"key":"SMITH"},{"data":"Discovery","floor":15,"key":"SMITH"},{"data":"ats:Magnetic Hammer","floor":24,"key":"SMITH"},{"data":"ats:Part Time Job","floor":28,"key":"SMITH"},{"data":"ats:Flame Of Heaven","floor":32,"key":"SMITH"},{"data":"ats:Soul Rend","floor":41,"key":"SMITH"},{"floor":44,"key":"RECALL"},{"data":"ats:Burning Ground","floor":49,"key":"SMITH"}],"circlet_count":0,"master_deck":["ats:Strike C","ats:Armor Crushing Shot+1","ats:Defend","ats:Defend","ats:Defend","ats:Emotion Absorption+1","ats:Powerful Strike","ats:Assault Order+1","ats:Closed Bolt Burst Fire+1","ats:Composite Medical Shells","ats:Demon Strength","ats:Part Time Job+1","Discovery+1","ats:Burning Ground+1","ats:Echo Reverb","ats:Revitalization+1","ats:Chain Hook+1","ats:Magnetic Hammer+1","ats:Hook Shot","ats:Flame Of Heaven+1","ats:Ignite+1","ats:Very Hot Blade","ats:Fractured Body","ats:Ignite+1","ats:Charging Defense","ats:Soul Rend+1"],"relics":["ats:Sanity","MealTicket","WarpedTongs","ats:Originium","Eternal Feather","Mummified Hand","ats:Originium","Blue Candle","ats:Originium","ats:MaxSp3","Sozu","Regal Pillow","War Paint","Toy Ornithopter","Incense Burner","ats:Omniscience","Anchor","Bag of Preparation","Omamori"],"acts_visited":["Exordium","TheCity","TheBeyond"],"potions_floor_usage":[16,18],"damage_taken":[{"damage":8.0,"enemies":"Cultist","floor":1.0,"turns":5.0},{"damage":2.0,"enemies":"Small Slimes","floor":4.0,"turns":4.0},{"damage":0.0,"enemies":"Jaw Worm","floor":5.0,"turns":3.0},{"damage":20.0,"enemies":"Lagavulin","floor":6.0,"turns":5.0},{"damage":11.0,"enemies":"Large Slime","floor":8.0,"turns":5.0},{"damage":8.0,"enemies":"Gremlin Nob","floor":11.0,"turns":3.0},{"damage":0,"enemies":"Lagavulin","floor":13,"turns":4},{"damage":0,"enemies":"2 Fungi Beasts","floor":14,"turns":2},{"damage":42,"enemies":"Hexaghost","floor":16,"turns":7},{"damage":20,"enemies":"3 Byrds","floor":18,"turns":5},{"damage":0,"enemies":"Spheric Guardian","floor":19,"turns":1},{"damage":25,"enemies":"Cultist and Chosen","floor":20,"turns":5},{"damage":32,"enemies":"Sentry and Sphere","floor":21,"turns":5},{"damage":32,"enemies":"Gremlin Leader","floor":23,"turns":6},{"damage":34,"enemies":"Slavers","floor":25,"turns":4},{"damage":7,"enemies":"Shelled Parasite and Fungi","floor":30,"turns":3},{"damage":38,"enemies":"Collector","floor":33,"turns":8},{"damage":11,"enemies":"3 Darklings","floor":35,"turns":4},{"damage":0,"enemies":"3 Shapes","floor":36,"turns":2},{"damage":0,"enemies":"Transient","floor":38,"turns":5},{"damage":0,"enemies":"Jaw Worm Horde","floor":39,"turns":4},{"damage":78,"enemies":"Giant Head","floor":40,"turns":10},{"damage":0,"enemies":"4 Shapes","floor":45,"turns":6},{"damage":16,"enemies":"Writhing Mass","floor":47,"turns":6},{"damage":91,"enemies":"Time Eater","floor":50,"turns":7}],"seed_played":"1321628720344161511","potions_obtained":[{"floor":4.0,"key":"GamblersBrew"},{"floor":5.0,"key":"Fire Potion"},{"floor":8.0,"key":"Energy Potion"},{"floor":14,"key":"Fruit Juice"},{"floor":16,"key":"CultistPotion"}],"is_trial":false,"path_per_floor":["M","?","$","M","M","E","R","M","T","R","E","$","E","M","R","B",null,"M","M","M","M","?","E","R","E","T","T","R","?","M","$","R","B",null,"M","M","?","M","M","E","R","?","T","R","M","T","M","?","R","B"],"character_chosen":"DOCTOR_CLASS","items_purchased":["Discovery","Incense Burner"],"campfire_rested":0,"item_purchase_floors":[12,31],"current_hp_per_floor":[64,64,72,70,70,50,56,45,45,54,46,61,67,67,72,32,72,61,61,48,38,38,32,44,16,16,16,28,28,24,39,51,39,77,74,74,74,77,77,17,32,32,32,47,58,58,48,48,63,0,0],"gold":266,"neow_bonus":"RANDOM_COMMON_RELIC","is_daily":false,"chose_seed":false,"campfire_upgraded":8,"win_rate":0.0,"timestamp":1608908164,"path_taken":["M","?","$","M","M","E","R","M","T","R","E","$","E","M","R","BOSS","M","M","M","?","?","E","R","E","T","?","R","?","M","$","R","BOSS","M","M","?","M","M","E","R","?","T","R","?","?","M","?","R","BOSS"],"items_purchased_type":["Card","Relic"],"build_version":"2020-12-22","purchased_purges":2,"victory":false,"max_hp_per_floor":[72,72,72,72,72,72,72,72,72,72,72,72,72,72,72,72,72,77,77,77,77,77,77,77,77,77,77,77,77,77,77,77,77,77,77,77,77,77,77,77,77,77,77,77,77,77,77,77,77,77,77],"card_choices":[{"not_picked":["ats:Flexible Camouflage","ats:Flame Of Heaven"],"picked":"ats:Powerful Strike","floor":1.0},{"not_picked":["ats:Spore Proliferation","ats:Hammer On"],"picked":"ats:Assault Order","floor":4.0},{"not_picked":["ats:Shadow Raid","ats:Assault Order"],"picked":"ats:Closed Bolt Burst Fire","floor":5.0},{"not_picked":["ats:Guardian Obelisk","ats:Nebulous Foxfire"],"picked":"ats:Composite Medical Shells","floor":6.0},{"not_picked":["ats:Hammer On","ats:Powerful Strike"],"picked":"ats:Demon Strength","floor":8.0},{"not_picked":["ats:Leaping Hammer","ats:Shell Defense"],"picked":"ats:Part Time Job","floor":11.0},{"not_picked":["ats:Leaping Hammer","ats:Poison Spread","ats:Flexible Camouflage"],"picked":"SKIP","floor":13},{"not_picked":["ats:Consecutive Shot Auto","ats:Flame Of Heaven"],"picked":"ats:Burning Ground","floor":14},{"not_picked":["ats:Rat Pack","ats:Ambush"],"picked":"ats:Echo Reverb","floor":16},{"not_picked":["ats:Apocalypse","ats:Consecutive Shot Auto","ats:Guardian Obelisk"],"picked":"SKIP","floor":18},{"not_picked":["ats:Consecutive Shot Auto","ats:Poison Spread"],"picked":"ats:Revitalization+1","floor":19},{"not_picked":["ats:Thorns","ats:Guardian Obelisk"],"picked":"ats:Chain Hook+1","floor":20},{"not_picked":["ats:Volcano","ats:Assault Order"],"picked":"ats:Magnetic Hammer","floor":21},{"not_picked":["ats:Hammer On+1","ats:Shadow Assault"],"picked":"ats:Very Hot Blade","floor":23},{"not_picked":["ats:Leaping Hammer","ats:Explosion Area Strengthen"],"picked":"ats:Ignite+1","floor":25},{"not_picked":["ats:Powerful Strike","ats:Apocalypse+1","ats:Mental Burst"],"picked":"SKIP","floor":30},{"not_picked":["ats:Echo Reverb","ats:Dogmatic Field"],"picked":"ats:Fractured Body","floor":33},{"not_picked":["ats:Flexible Camouflage","ats:Hook Shot","ats:Cat Scratch+1"],"picked":"SKIP","floor":35},{"not_picked":["ats:Thorns","ats:Revitalization"],"picked":"ats:Ignite+1","floor":36},{"not_picked":["ats:Cat Scratch+1","ats:Revitalization+1"],"picked":"ats:Charging Defense","floor":38},{"not_picked":["ats:Hammer On+1","ats:Curse Doll+1","ats:Ignite+1"],"picked":"SKIP","floor":39},{"not_picked":["ats:Mental Burst","ats:Very Hot Blade"],"picked":"ats:Soul Rend","floor":40},{"not_picked":["ats:Consecutive Shot Auto+1","ats:Apocalypse","ats:Thermite Blade"],"picked":"SKIP","floor":45},{"not_picked":["ats:Magnetic Hammer+1","ats:Revitalization+1","ats:Very Hot Blade"],"picked":"SKIP","floor":47}],"player_experience":1061457,"relics_obtained":[{"floor":6.0,"key":"ats:Originium"},{"floor":6.0,"key":"Eternal Feather"},{"floor":9.0,"key":"Mummified Hand"},{"floor":11.0,"key":"ats:Originium"},{"floor":11.0,"key":"Blue Candle"},{"floor":13,"key":"ats:Originium"},{"floor":13,"key":"ats:MaxSp3"},{"floor":23,"key":"Regal Pillow"},{"floor":25,"key":"War Paint"},{"floor":27,"key":"Toy Ornithopter"},{"floor":40,"key":"Anchor"},{"floor":43,"key":"Bag of Preparation"},{"floor":46,"key":"Omamori"}],"event_choices":[{"damage_healed":0.0,"max_hp_gain":0.0,"max_hp_loss":0.0,"gold_gain":0.0,"event_name":"Accursed Blacksmith","player_choice":"Rummage","floor":2.0,"gold_loss":0.0,"damage_taken":0.0,"relics_obtained":["WarpedTongs"],"cards_obtained":["Pain"]},{"damage_healed":0,"gold_gain":0,"cards_transformed":["ats:Strike V","ats:Defend"],"player_choice":"Became Test Subject","damage_taken":0,"max_hp_gain":0,"max_hp_loss":0,"event_name":"Drug Dealer","floor":22,"gold_loss":0,"cards_obtained":["ats:Hook Shot","ats:Flame Of Heaven"]},{"damage_healed":0,"gold_gain":0,"player_choice":"Read","damage_taken":0,"max_hp_gain":0,"max_hp_loss":0,"event_name":"The Library","floor":29,"gold_loss":0,"cards_obtained":["ats:Very Hot Blade"]},{"cards_removed":["ats:Very Hot Blade"],"damage_healed":0,"gold_gain":0,"player_choice":"Removed Attack","damage_taken":0,"max_hp_gain":0,"max_hp_loss":0,"event_name":"Falling","floor":37,"gold_loss":0},{"cards_removed":["ats:Strike S"],"damage_healed":0,"gold_gain":0,"player_choice":"Offered Basic","damage_taken":0,"max_hp_gain":0,"max_hp_loss":0,"event_name":"Bonfire Elementals","floor":42,"gold_loss":0},{"damage_healed":0,"gold_gain":0,"player_choice":"Ignored","damage_taken":0,"max_hp_gain":0,"max_hp_loss":0,"event_name":"SecretPortal","floor":48,"gold_loss":0}],"is_beta":false,"boss_relics":[{"not_picked":["Velvet Choker","Ectoplasm"],"picked":"Sozu"},{"not_picked":["Astrolabe","Coffee Dripper"],"picked":"ats:Omniscience"}],"items_purged_floors":[3,31],"is_endless":false,"potions_floor_spawned":[4,5,8,14,16,18,23,30,35,36,40],"killed_by":"Time Eater","ascension_level":1}}