{"host":"8fjsnt81u6xsmhji","time":1608890474,"event":{"mods":["BaseMod","Colored Powertips","Downfall","Glutton Mod","Minty Spire (QoL Compilation)","Quick Restart","Somnambulant","StSLib","The Bladedancer","The Bug Knight","The Construct","The Forsaken","The Hierophant","The Servant 0.9.4"],"gold_per_floor":[99,110,127,127,137,62,109,129,129,145,177,27,60,90,100,199,199,199,209,49,49,67,93,143,159,191,211,211,223,223,233,243,341,341,341,353,353,248,298,325,325,345,345,426,426,17,33,46,56,56,56,83,8,8,8],"floor_reached":56,"playtime":3709,"items_purged":["Strike_S"],"score":1408,"play_id":"8949aa0c-d45a-41c2-a23d-ea332a78eaf5","local_time":"20201225040114","is_ascension_mode":true,"campfire_choices":[{"floor":1.0,"key":"RECALL"},{"data":"Exchange","floor":6.0,"key":"SMITH"},{"data":"Initiator","floor":12.0,"key":"SMITH"},{"data":"Sunlight","floor":18.0,"key":"SMITH"},{"floor":28,"key":"REST"},{"floor":30,"key":"REST"},{"data":"RealityMarble","floor":35,"key":"SMITH"},{"data":"TheWorld","floor":45,"key":"SMITH"},{"floor":54,"key":"REST"}],"circlet_count":0,"master_deck":["Strike_S","Strike_S","Defend_S","Defend_S","Defend_S","Defend_S","KidneyShot","Exchange+1","Contraction","ShiftingGears","InstantArmor","GearUp","SpecialFormula","Deadline","Initiator+1","Luminosity","RealityMarble+1","Sunlight+1","Revamp","SurpressingFire+1","KidneyShot","StarChef+1","Misdirection","LightFlow","Replace","BestPractice+1","TheWorld+1","BottledTime+1","BestPractice+1","Hightail+1","Moondial+1","Slimebound:Icky","expansioncontent:CaCaw+1","FlawlessForm+1","KillingDoll","SilverMatrix+1","Gouge"],"relics":["SplendidAttire","PreservedInsect","downfall:HeartBlessingRed","Pear","downfall:HeartBlessingGreen","downfall:HeartBlessingBlue","Regal Pillow","Potion Belt","Frozen Egg 2","Smiling Mask","Omamori","Cursed Key","HornCleat","Vajra","Pen Nib","theForsaken:Kindling","Bag of Marbles","Meat on the Bone","theForsaken:HumbleEgg","Incense Burner"],"acts_visited":["Exordium","TheCity","TheBeyond","TheEnding"],"potions_floor_usage":[26,26,27,29,33,36,36,36,36,40,47,55,55,55],"damage_taken":[{"damage":1.0,"enemies":"Cultist","floor":2.0,"turns":4.0},{"damage":5.0,"enemies":"Small Slimes","floor":3.0,"turns":5.0},{"damage":0.0,"enemies":"Jaw Worm","floor":5.0,"turns":4.0},{"damage":0.0,"enemies":"Red Slaver","floor":8.0,"turns":5.0},{"damage":0.0,"enemies":"Blue Slaver","floor":10.0,"turns":4.0},{"damage":1.0,"enemies":"Lagavulin","floor":11.0,"turns":8.0},{"damage":0.0,"enemies":"HollowMod:MossKnight","floor":13.0,"turns":2.0},{"damage":0.0,"enemies":"Large Slime","floor":15.0,"turns":3.0},{"damage":32.0,"enemies":"downfall:Silent","floor":16.0,"turns":7.0},{"damage":0.0,"enemies":"Chosen","floor":19.0,"turns":4.0},{"damage":3.0,"enemies":"downfall:FleeingMerchant","floor":20.0,"turns":4.0},{"damage":0,"enemies":"3 Byrds","floor":22,"turns":4},{"damage":2,"enemies":"HollowMod:Nosk","floor":23,"turns":8},{"damage":23,"enemies":"Centurion and Healer","floor":25,"turns":5},{"damage":12,"enemies":"Book of Stabbing","floor":26,"turns":3},{"damage":10,"enemies":"Shelled Parasite and Fungi","floor":27,"turns":2},{"damage":14,"enemies":"Snake Plant","floor":29,"turns":3},{"damage":3,"enemies":"Centurion and Healer","floor":31,"turns":4},{"damage":0,"enemies":"Chosen and Byrds","floor":32,"turns":3},{"damage":28,"enemies":"downfall:Watcher","floor":33,"turns":8},{"damage":5,"enemies":"3 Darklings","floor":36,"turns":5},{"damage":0,"enemies":"downfall:FleeingMerchant","floor":38,"turns":3},{"damage":0,"enemies":"Mind Bloom Boss Battle","floor":39,"turns":3},{"damage":0,"enemies":"Nemesis","floor":40,"turns":5},{"damage":0,"enemies":"Orb Walker","floor":42,"turns":3},{"damage":0,"enemies":"Spire Growth","floor":47,"turns":3},{"damage":0,"enemies":"Maw","floor":48,"turns":4},{"damage":0,"enemies":"Transient","floor":49,"turns":5},{"damage":0,"enemies":"downfall:Ironclad","floor":50,"turns":6},{"damage":35,"enemies":"downfall:CharBossMerchant","floor":52,"turns":6},{"damage":15,"enemies":"downfall:NeowBoss","floor":55,"turns":17}],"seed_played":"7011759734539328648","potions_obtained":[{"floor":2.0,"key":"Strength Potion"},{"floor":5.0,"key":"Block Potion"},{"floor":10.0,"key":"PowerPotion"},{"floor":16.0,"key":"EntropicBrew"},{"floor":23,"key":"SkillPotion"},{"floor":25,"key":"Strength Potion"},{"floor":27,"key":"hexamod:EctoCoolerPotion"},{"floor":29,"key":"CultistPotion"},{"floor":33,"key":"SpeedPotion"},{"floor":39,"key":"CultistPotion"},{"floor":40,"key":"SteroidPotion"},{"floor":42,"key":"Block Potion"},{"floor":49,"key":"SmokeBomb"},{"floor":52,"key":"SteroidPotion"}],"is_trial":false,"path_per_floor":["R","M","M","?","M","R","T","M","?","M","E","R","E","?","M","B",null,"R","M","$","?","M","E","T","M","E","M","R","M","R","M","M","B",null,"R","M","?","$","?","E","T","M","?","T","R","$","M","M","M","B",null,"E","$","R","B",null],"character_chosen":"THE_SERVANT","items_purchased":["Potion Belt","Vajra","BestPractice+1","Pen Nib","expansioncontent:CaCaw+1","FlawlessForm+1","KillingDoll","DuplicationPotion"],"campfire_rested":3,"item_purchase_floors":[20,38,38,38,46,46,46,53],"current_hp_per_floor":[65,64,59,59,59,59,59,59,59,64,73,83,83,83,85,53,85,85,85,85,85,85,83,83,60,48,38,78,64,85,82,85,57,85,85,84,84,84,84,84,84,84,84,84,84,84,84,84,84,84,85,58,58,90,83],"gold":8,"neow_bonus":"RANDOM_COMMON_RELIC","is_daily":false,"chose_seed":false,"campfire_upgraded":5,"win_rate":0.0,"timestamp":1608890474,"path_taken":["R","M","M","?","?","R","T","M","?","M","E","R","E","?","M","BOSS","R","M","$","?","M","E","T","M","E","M","R","?","R","M","M","BOSS","R","M","?","$","?","E","T","M","?","?","R","$","M","M","M","BOSS","E","$","R","BOSS"],"items_purchased_type":["Relic","Relic","Card","Relic","Card","Card","Card","Potion"],"build_version":"2020-12-22","purchased_purges":1,"victory":true,"max_hp_per_floor":[65,65,65,65,65,65,65,65,65,65,75,85,85,85,85,85,85,85,85,85,85,85,85,85,85,85,85,85,85,85,85,85,85,85,85,85,85,85,85,85,85,85,85,85,85,85,85,85,85,85,85,85,85,90,90],"card_choices":[{"not_picked":["SpecialFormula","Reset"],"picked":"Contraction","floor":2.0},{"not_picked":["Comet","DoubleEdge"],"picked":"ShiftingGears","floor":3.0},{"not_picked":["DancingSilver","ShatteredReality"],"picked":"GearUp","floor":5.0},{"not_picked":["Potential","Reset"],"picked":"SpecialFormula","floor":8.0},{"not_picked":["Defy","Ricochet"],"picked":"Deadline","floor":10.0},{"not_picked":["Ricochet","Alleviate"],"picked":"Initiator","floor":11.0},{"not_picked":["Alleviate","Defy"],"picked":"Luminosity","floor":13.0},{"not_picked":["Alleviate","TimeWarp"],"picked":"RealityMarble","floor":15.0},{"not_picked":["Deny","KillingDoll"],"picked":"Sunlight","floor":16.0},{"not_picked":["Collapse","Starlight"],"picked":"Revamp","floor":19.0},{"not_picked":["Reset","Ricochet"],"picked":"SurpressingFire+1","floor":20.0},{"not_picked":["Manipulate","Rearm"],"picked":"StarChef+1","floor":22},{"not_picked":["Rewind","TimeWarp"],"picked":"DoubleEdge+1","floor":23},{"not_picked":["Defy","WasteNot+1"],"picked":"Misdirection","floor":25},{"not_picked":["Rearm","Ricochet"],"picked":"LightFlow","floor":26},{"not_picked":["Rewind","Reset"],"picked":"Replace","floor":27},{"not_picked":["Rewind","Replace"],"picked":"BestPractice+1","floor":29},{"not_picked":["Rearm","Replace+1","Defy"],"picked":"SKIP","floor":31},{"not_picked":["Rearm","Sunlight","Unruled"],"picked":"SKIP","floor":32},{"not_picked":["PendulumOfEternity","Deny"],"picked":"TheWorld","floor":33},{"not_picked":["DoubleEdge+1","Unruled","MoonPhase+1"],"picked":"SKIP","floor":36},{"not_picked":["Alleviate","Spin"],"picked":"BottledTime+1","floor":38},{"not_picked":["Rewind+1","WasteNot+1"],"picked":"Hightail+1","floor":39},{"not_picked":["Starlight","FastForward"],"picked":"Moondial+1","floor":40},{"not_picked":["FastForward+1","TimeWarp","Contraction"],"picked":"SKIP","floor":42},{"not_picked":["Replace+1","ShatteredReality+1"],"picked":"SilverMatrix+1","floor":47},{"not_picked":["Spin+1","Rearm+1","SurpressingFire+1"],"picked":"SKIP","floor":48},{"not_picked":["DancingSilver+1","FastForward+1","ShatteredReality+1"],"picked":"SKIP","floor":49},{"not_picked":["Spin+1","Sunlight"],"picked":"Gouge","floor":52}],"player_experience":697359,"relics_obtained":[{"floor":11.0,"key":"Pear"},{"floor":13.0,"key":"Regal Pillow"},{"floor":23,"key":"Frozen Egg 2"},{"floor":24,"key":"Smiling Mask"},{"floor":26,"key":"Omamori"},{"floor":37,"key":"HornCleat"},{"floor":39,"key":"theForsaken:Kindling"},{"floor":40,"key":"Bag of Marbles"},{"floor":41,"key":"Meat on the Bone"},{"floor":44,"key":"theForsaken:HumbleEgg"},{"floor":52,"key":"Incense Burner"}],"event_choices":[{"damage_healed":0.0,"max_hp_gain":0.0,"max_hp_loss":0.0,"gold_gain":0.0,"cards_transformed":["Strike_S"],"event_name":"Transmorgrifier","player_choice":"Transformed","floor":4.0,"gold_loss":0.0,"damage_taken":0.0,"cards_obtained":["InstantArmor"]},{"cards_removed":["DoubleEdge"],"damage_healed":0,"gold_gain":0,"player_choice":"Removed Attack","damage_taken":0,"max_hp_gain":0,"max_hp_loss":0,"event_name":"Falling","floor":43,"gold_loss":0}],"is_beta":false,"boss_relics":[{"not_picked":["Empty Cage","theForsaken:PaleLantern"],"picked":"SplendidAttire"},{"not_picked":["MysterySword","Philosopher\u0027s Stone"],"picked":"Cursed Key"}],"items_purged_floors":[38],"is_endless":false,"potions_floor_spawned":[2,5,10,13,16,23,25,27,29,33,39,40,42,49,52],"ascension_level":1}}