{"host":"60fhthqyb911n2zd","time":1608881651,"event":{"mods":["BaseMod","Mimic Mod","Minty Spire (QoL Compilation)","Replay The Spire","Shop Mod","StSLib","The Jungle"],"gold_per_floor":[110,110,122,132,57,83,12,12,12,12,12],"floor_reached":10,"playtime":301,"items_purged":["Fission"],"score":73,"play_id":"a1b2c9f1-5e4f-422f-a193-b2c1073263f2","local_time":"20201225153411","is_ascension_mode":true,"campfire_choices":[],"circlet_count":0,"master_deck":["Strike_B","Strike_B","Strike_B","Defend_B","Defend_B","Defend_B","Defend_B","Zap","Dualcast","Coolheaded","Redo","Blizzard","Cold Snap","FIFO Queue","Doubt"],"relics":["Cracked Core","Mango","Ring of Misfortune","Ring of Fury","Mirror"],"acts_visited":["Exordium"],"potions_floor_usage":[],"damage_taken":[{"damage":10,"enemies":"Small Slimes","floor":1,"turns":3},{"damage":9,"enemies":"Cultist","floor":3,"turns":5},{"damage":5,"enemies":"Jaw Worm","floor":4,"turns":6},{"damage":43,"enemies":"Lagavulin","floor":6,"turns":8},{"damage":196,"enemies":"Gremlin Nob","floor":10,"turns":4}],"seed_played":"1192878357044976074","potions_obtained":[{"floor":6,"key":"PotionOfCapacity"}],"is_trial":false,"path_per_floor":["M","?","M","M","$","E","$","?","T","E"],"character_chosen":"DEFECT","items_purchased":["FIFO Queue"],"campfire_rested":0,"item_purchase_floors":[7],"current_hp_per_floor":[65,65,56,51,51,22,22,22,22,0,0],"gold":12,"neow_bonus":"THREE_CARDS","is_daily":false,"chose_seed":false,"campfire_upgraded":0,"win_rate":0.0,"timestamp":1608881651,"path_taken":["M","?","?","M","$","E","?","?","T","E"],"items_purchased_type":["Card"],"build_version":"2020-12-22","purchased_purges":1,"victory":false,"max_hp_per_floor":[75,75,75,75,75,89,89,89,89,89,89],"card_choices":[{"not_picked":["Go for the Eyes","Beam Cell"],"picked":"Coolheaded","floor":0},{"not_picked":["Leap","Force Field"],"picked":"Redo","floor":1},{"not_picked":["Beam Cell","Force Field","Go for the Eyes"],"picked":"SKIP","floor":3},{"not_picked":["Stack","Cold Snap"],"picked":"Blizzard","floor":4},{"not_picked":["Auto Shields","Steam"],"picked":"Cold Snap","floor":6}],"player_experience":484480,"relics_obtained":[{"floor":6,"key":"Mango"},{"floor":8,"key":"Ring of Misfortune"},{"floor":8,"key":"Ring of Fury"},{"floor":9,"key":"Mirror"}],"event_choices":[{"damage_healed":0,"gold_gain":0,"cards_transformed":["Strike_B"],"player_choice":"Transformed","damage_taken":0,"max_hp_gain":0,"max_hp_loss":0,"event_name":"Transmorgrifier","floor":2,"gold_loss":0,"cards_obtained":["Fission"]}],"is_beta":false,"boss_relics":[],"items_purged_floors":[5],"is_endless":false,"potions_floor_spawned":[6],"killed_by":"Gremlin Nob","ascension_level":2}}