{"host":"qmmd8zc7eqgl2j9h","time":1608933541,"event":{"mods":["AchievementEnabler","Aspiration","BaseMod","Better Altar","Better Note","Better Sensory Stone","Better Skull","BetterRewards","Colored Map","Conspire","Googly Eyes","Hermit","Highlight Path","Infinite Spire","Marisa????????","Minty Spire (QoL Compilation)","Permanent Neow","Replay The Spire","StSLib","The Hierophant","The Necromancer","The Servant 0.9.4","Unceasing Turn Reminder","everything is the same but u backflip on backflip","slay the spire mod where everything is the same but ironclad has a cowboy hat"],"gold_per_floor":[114,63,76,95,19,19,19],"floor_reached":6,"playtime":220,"items_purged":[],"score":211,"play_id":"9d67b7db-a2e5-4847-bd30-2af7d0271b40","local_time":"20201225135901","daily_mods":["Draft","Insanity"],"is_ascension_mode":false,"campfire_choices":[],"circlet_count":0,"master_deck":["Underhanded Strike","Backstab","Blade Dance","Backflip","Deadly Poison","Predator","Deadly Poison","Accuracy","Sucker Punch","Dodge and Roll","Reflex","Flying Knee","Riddle With Holes","Quick Slash","ReplayTheSpireMod:Shiv Toss","Dagger Spray","Slice","Slice","ReplayTheSpireMod:Shiv Toss","Hidden Blade","Sucker Punch","Flying Knee","Tactician","Cloak And Dagger","Slice","Dagger Throw","Noxious Fumes","Dash","Skewer","Underhanded Strike","Draining Mist","Quick Slash","Slice","Backflip","Slice","Outmaneuver","ReplayTheSpireMod:Speed Training","Flying Knee","Dagger Spray","Bane","Bane","Sucker Punch","Distraction","Deflect","Quick Slash","Crippling Poison","Deflect","Hidden Blade","Acrobatics","Quick Slash","Hidden Blade","Infinite Blades","Deflect","Infinite Blades","Replay:Poison Smokescreen","Dagger Spray","Toxin Wave","Footwork","Flying Knee","Deflect","Slice","Concentrate","Blade Dance","Finisher","Blade Dance","Infinite Blades+1","Blade Dance","Noxious Fumes"],"relics":["Ring of the Snake","Replay:Wax Seal"],"acts_visited":["Exordium"],"potions_floor_usage":[],"damage_taken":[{"damage":0.0,"enemies":"2 Louse","floor":1.0,"turns":1.0},{"damage":0.0,"enemies":"Small Slimes","floor":3.0,"turns":2.0},{"damage":7.0,"enemies":"Jaw Worm","floor":4.0,"turns":2.0},{"damage":0,"enemies":"Lagavulin","floor":6,"turns":1}],"seed_played":"7139576075805323472","potions_obtained":[{"floor":3.0,"key":"infinitespire:BlackPotion"},{"floor":4.0,"key":"Doom Potion"}],"is_trial":true,"path_per_floor":["M","$","M","M","$","E"],"character_chosen":"THE_SILENT","items_purchased":["Infinite Blades+1","Replay:Wax Seal"],"campfire_rested":0,"item_purchase_floors":[2,5],"current_hp_per_floor":[70,70,70,63,63,63,63],"gold":19,"neow_bonus":"","is_daily":false,"chose_seed":false,"campfire_upgraded":0,"win_rate":0.0,"timestamp":1608933541,"path_taken":["M","$","M","M","$","E"],"items_purchased_type":["Card","Relic"],"build_version":"2020-12-22","purchased_purges":0,"victory":false,"max_hp_per_floor":[70,70,70,70,70,70,70],"card_choices":[{"not_picked":["Deflect","All Out Attack"],"picked":"Hidden Blade","floor":0.0},{"not_picked":["Deadly Poison","Blur"],"picked":"Infinite Blades","floor":0.0},{"not_picked":["Backflip","Distraction"],"picked":"Deflect","floor":0.0},{"not_picked":["Flying Knee","Outmaneuver"],"picked":"Infinite Blades","floor":0.0},{"not_picked":["Skewer","Dodge and Roll"],"picked":"Replay:Poison Smokescreen","floor":0.0},{"not_picked":["Prepared","Outmaneuver"],"picked":"Dagger Spray","floor":0.0},{"not_picked":["Underhanded Strike","Caltrops"],"picked":"Toxin Wave","floor":0.0},{"not_picked":["PiercingWail","Expertise"],"picked":"Footwork","floor":0.0},{"not_picked":["Underhanded Strike","Deflect"],"picked":"Flying Knee","floor":0.0},{"not_picked":["Bane","Masterful Stab"],"picked":"Deflect","floor":0.0},{"not_picked":["Sucker Punch","Prepared"],"picked":"Slice","floor":0.0},{"not_picked":["Endless Agony","Leg Sweep"],"picked":"Concentrate","floor":0.0},{"not_picked":["Acrobatics","Dash"],"picked":"Blade Dance","floor":0.0},{"not_picked":["Bouncing Flask","Bane"],"picked":"Finisher","floor":0.0},{"not_picked":["Flying Knee","Setup"],"picked":"Blade Dance","floor":0.0},{"not_picked":["Acrobatics","Outmaneuver","Hidden Blade"],"picked":"SKIP","floor":1.0},{"not_picked":["Underhanded Strike","Backflip"],"picked":"Blade Dance","floor":3.0},{"not_picked":["Draining Mist","Poisoned Stab"],"picked":"Noxious Fumes","floor":4.0}],"player_experience":217475,"relics_obtained":[],"event_choices":[],"is_beta":false,"boss_relics":[],"items_purged_floors":[],"is_endless":false,"potions_floor_spawned":[3,4],"killed_by":"Lagavulin","ascension_level":0}}