{"host":"oy4pyvr762z5n0bb","time":1608929991,"event":{"mods":["AchievementEnabler","BaseMod","Colored Map","Colored Powertips","Googly Eyes","Key Reminder","Minty Spire (QoL Compilation)","Quick Restart","Relic Sorter","StSLib","SuperFastMode","Unceasing Turn Reminder","slay the spire mod where everything is the same but ironclad has a cowboy hat"],"gold_per_floor":[115,132,151,161,7,7,7,34,34,368,386,386,413,430,430,430,430],"floor_reached":16,"playtime":434,"items_purged":["Strike_R"],"score":146,"play_id":"1429c1ba-63be-481b-9835-c4d0fe73c503","local_time":"20201225125951","is_ascension_mode":true,"campfire_choices":[{"data":"Rampage","floor":6,"key":"SMITH"},{"data":"Pommel Strike","floor":12,"key":"SMITH"},{"data":"Warcry","floor":15,"key":"SMITH"}],"circlet_count":0,"master_deck":["Strike_R","Strike_R","Strike_R","Strike_R","Defend_R","Defend_R","Defend_R","Defend_R","Bash","Cleave","Flex","Iron Wave","Rampage+1","Shrug It Off","Warcry+1","Clash","Body Slam","Pommel Strike+1"],"relics":["Burning Blood","Centennial Puzzle","Question Card","Old Coin","Torii"],"acts_visited":["Exordium"],"potions_floor_usage":[13,13,14],"damage_taken":[{"damage":1,"enemies":"Cultist","floor":1,"turns":3},{"damage":0,"enemies":"Small Slimes","floor":2,"turns":3},{"damage":9,"enemies":"2 Louse","floor":3,"turns":2},{"damage":11,"enemies":"Blue Slaver","floor":4,"turns":5},{"damage":20,"enemies":"Gremlin Nob","floor":8,"turns":4},{"damage":14,"enemies":"Lagavulin","floor":10,"turns":6},{"damage":0,"enemies":"Exordium Thugs","floor":11,"turns":5},{"damage":21,"enemies":"Gremlin Nob","floor":13,"turns":4},{"damage":13,"enemies":"Large Slime","floor":14,"turns":4},{"damage":50,"enemies":"The Guardian","floor":16,"turns":11}],"seed_played":"4302651737529707320","potions_obtained":[{"floor":4,"key":"Ancient Potion"},{"floor":10,"key":"BloodPotion"},{"floor":11,"key":"EssenceOfSteel"},{"floor":13,"key":"Energy Potion"}],"is_trial":false,"path_per_floor":["M","M","M","M","$","R","$","E","T","E","M","R","E","M","R","B"],"character_chosen":"IRONCLAD","items_purchased":["Shrug It Off","Warcry"],"campfire_rested":0,"item_purchase_floors":[5,5],"current_hp_per_floor":[80,80,77,72,72,72,72,58,58,50,56,56,57,50,50,0,0],"gold":430,"neow_bonus":"THREE_CARDS","is_daily":false,"chose_seed":false,"campfire_upgraded":3,"win_rate":0.0,"timestamp":1608929991,"path_taken":["M","M","?","M","$","R","?","E","T","E","M","R","E","M","R","BOSS"],"items_purchased_type":["Card","Card"],"build_version":"2020-12-22","purchased_purges":1,"victory":false,"max_hp_per_floor":[80,80,80,80,80,80,80,80,80,80,80,80,80,80,80,80,80],"card_choices":[{"not_picked":["Thunderclap","Heavy Blade"],"picked":"Cleave","floor":0},{"not_picked":["Havoc","Thunderclap"],"picked":"Flex","floor":1},{"not_picked":["Clothesline","Perfected Strike","Sentinel"],"picked":"SKIP","floor":2},{"not_picked":["Rage","Bloodletting"],"picked":"Iron Wave","floor":3},{"not_picked":["Warcry","Perfected Strike"],"picked":"Rampage","floor":4},{"not_picked":["Reaper","Anger"],"picked":"Clash","floor":8},{"not_picked":["Reckless Charge","Flex","Feed"],"picked":"Body Slam","floor":10},{"not_picked":["Warcry","Body Slam","Blood for Blood"],"picked":"Pommel Strike","floor":11},{"not_picked":["Rampage","Sentinel","Cleave","Sword Boomerang"],"picked":"SKIP","floor":13},{"not_picked":["Clash","Cleave","Entrench","Twin Strike"],"picked":"SKIP","floor":14}],"player_experience":556524,"relics_obtained":[{"floor":8,"key":"Centennial Puzzle"},{"floor":9,"key":"Question Card"},{"floor":10,"key":"Old Coin"},{"floor":13,"key":"Torii"}],"event_choices":[],"is_beta":false,"boss_relics":[],"items_purged_floors":[5],"is_endless":false,"potions_floor_spawned":[4,10,11,13],"killed_by":"The Guardian","ascension_level":4}}