{"host":"8pjvbxl6xo882v42","time":1608914170,"event":{"mods":["AchievementEnabler","BaseMod","Minty Spire (QoL Compilation)","Replay The Spire","StSLib","The Cursed"],"gold_per_floor":[113,124,185,185,185,185,211,211,211,246,17,17,92,107,107,208,208,208,52,52,52,52,52,52,52,52,52,52,52,52,52,52,52,52,52,52,52,52,52,52,52,52,52,52,52,52,52,52,52,52],"floor_reached":51,"playtime":3266,"items_purged":["Defend_R"],"score":984,"play_id":"34fd2e9d-2d62-4968-9c4b-eb2937434346","local_time":"20201225173610","is_ascension_mode":true,"campfire_choices":[{"data":"Bash","floor":6,"key":"SMITH"},{"floor":8,"key":"REST"},{"floor":15,"key":"DIG"},{"data":"Offering","floor":23,"key":"SMITH"},{"floor":28,"key":"REST"},{"data":"Hallucinations","floor":32,"key":"PURGE"},{"floor":40,"key":"REST"},{"floor":47,"key":"REST"},{"data":"Whirlwind","floor":49,"key":"SMITH"}],"circlet_count":0,"master_deck":["Strike_R+1","Bash+1","Replay:Undeath\u0027s Touch+1","Warcry","ReplayTheSpireMod:Stacked+1","Pummel","Flex","Burning Pact","Offering+1","Immolate+1","Flex+1","Massacre+1","Ghostly Armor","Bandage Up","ReplayTheSpireMod:Private Reserves","Bloodletting","Exhume","Whirlwind+1","Ghostly","Ghostly","Ghostly","Ghostly","Ghostly","Blood for Blood","Carnage"],"relics":["Burning Blood","NeowsBlessing","Replay:Mystery Machine","Bronze Scales","Blue Candle","Question Card","Strange Spoon","Replay:PocketPolymizer","Replay:Grab Bag","Busted Crown","Ectoplasm","SacredBark","Astrolabe","ReplayTheSpireMod:ShopPack","MutagenicStrength","Counterbalance","Lantern","Kunai","Peace Pipe","ReplayTheSpireMod:DimensionalGlitch","Meat on the Bone","Self Forming Clay"],"acts_visited":["Exordium","TheCity","TheBeyond"],"potions_floor_usage":[10,10,16,27,33,33,33,50,50,50],"damage_taken":[{"damage":0,"enemies":"2 Louse","floor":1,"turns":1},{"damage":0,"enemies":"Small Slimes","floor":2,"turns":1},{"damage":0,"enemies":"Gremlin Nob","floor":7,"turns":1},{"damage":30,"enemies":"Lagavulin","floor":10,"turns":6},{"damage":12,"enemies":"Jaw Worm","floor":14,"turns":2},{"damage":18,"enemies":"Fading Forest","floor":16,"turns":11},{"damage":13,"enemies":"Chosen","floor":18,"turns":2},{"damage":0,"enemies":"Spheric Guardian","floor":21,"turns":1},{"damage":14,"enemies":"Centurion and Healer","floor":24,"turns":3},{"damage":12,"enemies":"Replay:Snechameleon","floor":27,"turns":2},{"damage":6,"enemies":"Cultist and Chosen","floor":29,"turns":1},{"damage":13,"enemies":"Automaton","floor":33,"turns":4},{"damage":11,"enemies":"3 Shapes","floor":35,"turns":1},{"damage":3,"enemies":"3 Darklings","floor":37,"turns":3},{"damage":8,"enemies":"Spire Growth","floor":38,"turns":6},{"damage":10,"enemies":"4 Shapes","floor":39,"turns":2},{"damage":9,"enemies":"Jaw Worm Horde","floor":42,"turns":1},{"damage":13,"enemies":"Maw","floor":44,"turns":5},{"damage":3,"enemies":"4 Shapes","floor":46,"turns":2},{"damage":39,"enemies":"Awakened One","floor":50,"turns":11}],"seed_played":"-852402281515091707","potions_obtained":[{"floor":2,"key":"FearPotion"},{"floor":3,"key":"PowerPotion"},{"floor":3,"key":"FearPotion"},{"floor":14,"key":"Block Potion"},{"floor":21,"key":"Strength Potion"},{"floor":24,"key":"AttackPotion"},{"floor":29,"key":"BlessingOfTheForge"},{"floor":33,"key":"Adrenaline Potion"},{"floor":37,"key":"GamblersBrew"},{"floor":39,"key":"PowerPotion"},{"floor":44,"key":"SkillPotion"}],"is_trial":false,"path_per_floor":["M","M","?","?","?","R","E","R","T","E","$","?","?","M","R","B",null,"M","$","?","M","T","R","M","?","T","E","R","M","?","?","R","B",null,"M","?","M","M","M","R","$","M","T","M","T","M","R","?","R","B",null],"character_chosen":"IRONCLAD","items_purchased":["Strange Spoon","ReplayTheSpireMod:ShopPack","Ghostly Armor"],"campfire_rested":4,"item_purchase_floors":[11,19,19],"current_hp_per_floor":[78,80,48,32,32,32,38,62,62,38,38,38,27,21,21,17,64,57,57,57,63,63,63,59,59,59,53,77,77,40,40,40,37,39,31,31,31,32,25,37,37,31,31,25,25,25,37,37,37,11],"gold":52,"neow_bonus":"THREE_ENEMY_KILL","is_daily":false,"chose_seed":false,"campfire_upgraded":3,"win_rate":0.0,"timestamp":1608914170,"path_taken":["M","M","?","?","?","R","E","R","T","E","?","?","?","M","R","BOSS","M","$","?","M","?","R","M","?","T","E","R","?","?","?","R","BOSS","M","?","M","M","M","R","$","M","T","?","?","?","R","?","R","BOSS"],"items_purchased_type":["Relic","Relic","Card"],"build_version":"2020-12-22","purchased_purges":1,"victory":true,"max_hp_per_floor":[80,80,80,80,80,80,80,80,80,80,80,80,80,80,80,80,80,80,80,80,80,80,80,80,80,80,80,80,80,40,40,40,40,40,40,40,40,40,40,40,40,40,40,40,40,40,40,40,40,40],"card_choices":[{"not_picked":["Iron Wave","Clothesline"],"picked":"Replay:Undeath\u0027s Touch","floor":1},{"not_picked":["Flex","Havoc"],"picked":"Warcry","floor":2},{"not_picked":["Armaments","Sever Soul"],"picked":"Cleave","floor":3},{"not_picked":["Spot Weakness","Fiend Fire"],"picked":"Pummel","floor":7},{"not_picked":["Entrench","Perfected Strike"],"picked":"Flex","floor":10},{"not_picked":["Defy Death","Flex","Perfected Strike"],"picked":"Burning Pact","floor":14},{"not_picked":["Exhume","Brutality","Eclipse"],"picked":"Offering","floor":16},{"not_picked":["Feel No Pain","Run Through"],"picked":"SKIP","floor":18},{"not_picked":["ReplayTheSpireMod:Brewmster"],"picked":"Bandage Up","floor":19},{"not_picked":["Midas Touch"],"picked":"ReplayTheSpireMod:Private Reserves","floor":19},{"not_picked":["Wild Strike","True Grit+1"],"picked":"SKIP","floor":21},{"not_picked":["Reckless Charge","Intimidate+1"],"picked":"SKIP","floor":24},{"not_picked":["Abandon"],"picked":"Whirlwind","floor":27},{"not_picked":["Carnage+1","Twin Strike"],"picked":"SKIP","floor":29},{"not_picked":["ReplayTheSpireMod:Strike From Hell","Run Through"],"picked":"SKIP","floor":35},{"not_picked":["Life Link","Heavy Blade"],"picked":"SKIP","floor":37},{"not_picked":["Heavy Blade","Burning Pact+1"],"picked":"SKIP","floor":38},{"not_picked":["Wild Strike","Clothesline+1"],"picked":"SKIP","floor":39},{"not_picked":["Sword Boomerang","Cleave"],"picked":"SKIP","floor":42},{"not_picked":["Run Through+1","Replay:Undeath\u0027s Touch+1"],"picked":"SKIP","floor":44},{"not_picked":["ReplayTheSpireMod:Strike From Hell+1","Flex+1"],"picked":"SKIP","floor":46}],"player_experience":180164,"relics_obtained":[{"floor":3,"key":"Replay:Mystery Machine"},{"floor":7,"key":"Bronze Scales"},{"floor":9,"key":"Blue Candle"},{"floor":10,"key":"Question Card"},{"floor":15,"key":"Replay:PocketPolymizer"},{"floor":22,"key":"Counterbalance"},{"floor":26,"key":"Lantern"},{"floor":27,"key":"Kunai"},{"floor":43,"key":"Meat on the Bone"},{"floor":45,"key":"Self Forming Clay"}],"event_choices":[{"damage_healed":0,"gold_gain":0,"player_choice":"Entered Light","damage_taken":16,"max_hp_gain":0,"max_hp_loss":0,"event_name":"Shining Light","floor":4,"gold_loss":0,"cards_upgraded":["Replay:Undeath\u0027s Touch","Strike_R"]},{"cards_removed":["Strike_R"],"damage_healed":0,"gold_gain":0,"player_choice":"Forget","damage_taken":0,"max_hp_gain":0,"max_hp_loss":0,"event_name":"Living Wall","floor":12,"gold_loss":0},{"damage_healed":0,"gold_gain":75,"player_choice":"Gather Gold","damage_taken":11,"max_hp_gain":0,"max_hp_loss":0,"event_name":"World of Goop","floor":13,"gold_loss":0},{"damage_healed":0,"gold_gain":0,"player_choice":"Inject Mutagens","damage_taken":0,"relics_obtained":["MutagenicStrength"],"max_hp_gain":0,"max_hp_loss":0,"event_name":"Drug Dealer","floor":20,"gold_loss":0},{"damage_healed":0,"gold_gain":0,"player_choice":"Read","damage_taken":0,"max_hp_gain":0,"max_hp_loss":0,"event_name":"The Library","floor":25,"gold_loss":0,"cards_obtained":["Exhume"]},{"damage_healed":0,"gold_gain":0,"player_choice":"Became a Ghost","damage_taken":0,"max_hp_gain":0,"max_hp_loss":40,"event_name":"Ghosts","floor":30,"gold_loss":0,"cards_obtained":["Ghostly","Ghostly","Ghostly","Ghostly","Ghostly"]},{"damage_healed":0,"gold_gain":0,"player_choice":"Ignored","damage_taken":0,"max_hp_gain":0,"max_hp_loss":0,"event_name":"SecretPortal","floor":36,"gold_loss":0},{"damage_healed":0,"gold_gain":0,"player_choice":"Ignored","damage_taken":0,"max_hp_gain":0,"max_hp_loss":0,"event_name":"Mysterious Sphere","floor":48,"gold_loss":0}],"is_beta":false,"boss_relics":[{"not_picked":["Replay:Ancient Bell","Honey Jar"],"picked":"Replay:Grab Bag"},{"not_picked":["Mark of Pain","Replay:Bronze Core"],"picked":"Busted Crown"},{"not_picked":["Coffee Dripper","Abe\u0027s Treasure"],"picked":"Ectoplasm"},{"not_picked":["Pandora\u0027s Box","Runic Cube"],"picked":"SacredBark"},{"not_picked":["Kintsugi","Ring of Chaos"],"picked":"Astrolabe"},{"not_picked":["Velvet Choker","Sozu"],"picked":"ReplayTheSpireMod:DimensionalGlitch"}],"items_purged_floors":[11],"is_endless":false,"potions_floor_spawned":[2,14,21,24,29,33,37,39,44,46],"ascension_level":7}}