{"host":"nz11ypxva4e39b7q","time":1608935699,"event":{"mods":["BaseMod","Colored Map","Downfall","Minty Spire (QoL Compilation)","StSLib"],"gold_per_floor":[114,114,63,63,10,38,38,64,87,119,130,147,147,183,183,263,263,284,284,293,313,333,374,374,324,324,218,230,230,23,123,123,123],"floor_reached":32,"playtime":1333,"items_purged":["Strike_B","Strike_B","Dualcast"],"score":668,"play_id":"88c3872e-8a74-4acc-bd41-8975c1ee19e0","local_time":"20201225233459","is_ascension_mode":true,"campfire_choices":[{"data":"Hologram","floor":7.0,"key":"SMITH"},{"floor":13.0,"key":"REST"},{"data":"Scrape","floor":15.0,"key":"SMITH"},{"data":"FTL","floor":24.0,"key":"SMITH"},{"data":"Go for the Eyes","floor":29.0,"key":"SMITH"}],"circlet_count":0,"master_deck":["AscendersBane","Strike_B+1","Defend_B","Defend_B","Defend_B","Defend_B","Reprogram+1","Hologram+1","Steam","Sweeping Beam","Undo","FTL+1","Scrape+1","Fission","Go for the Eyes+1","Cold Snap","Conserve Battery","Beam Cell","FTL"],"relics":["Cracked Core","NeowsBlessing","Cables","Smiling Mask","Bronze Scales","Matryoshka","CeramicFish","Coffee Dripper","Anchor","Mercury Hourglass","Regal Pillow","Lee\u0027s Waffle","Gambling Chip","Eternal Feather"],"acts_visited":[],"potions_floor_usage":[],"damage_taken":[{"damage":0.0,"enemies":"Jaw Worm","floor":1.0,"turns":1.0},{"damage":0.0,"enemies":"Gremlin Nob","floor":6.0,"turns":1.0},{"damage":0.0,"enemies":"Lagavulin","floor":8.0,"turns":1.0},{"damage":30.0,"enemies":"Gremlin Nob","floor":10.0,"turns":4.0},{"damage":0.0,"enemies":"Small Slimes","floor":11.0,"turns":3.0},{"damage":0.0,"enemies":"Cultist","floor":12.0,"turns":3.0},{"damage":10.0,"enemies":"3 Sentries","floor":14.0,"turns":6.0},{"damage":15.0,"enemies":"The Guardian","floor":16.0,"turns":12.0},{"damage":0.0,"enemies":"Spheric Guardian","floor":18.0,"turns":4.0},{"damage":0.0,"enemies":"3 Byrds","floor":21.0,"turns":3.0},{"damage":8.0,"enemies":"Snake Plant","floor":22.0,"turns":4.0},{"damage":46.0,"enemies":"Slavers","floor":23.0,"turns":5.0},{"damage":0.0,"enemies":"Shelled Parasite and Fungi","floor":28.0,"turns":3.0},{"damage":0.0,"enemies":"Colosseum Slavers","floor":31.0,"turns":3.0},{"damage":18.0,"enemies":"Colosseum Nobs","floor":31.0,"turns":5.0}],"seed_played":"-2568699359535164632","potions_obtained":[{"floor":1.0,"key":"FairyPotion"},{"floor":8.0,"key":"LiquidBronze"},{"floor":11.0,"key":"Explosive Potion"},{"floor":16.0,"key":"DistilledChaos"},{"floor":18.0,"key":"PotionOfCapacity"},{"floor":28.0,"key":"PotionOfCapacity"},{"floor":31.0,"key":"SpeedPotion"}],"is_trial":false,"path_per_floor":["M","?","$","?","$","E","R","E","T","E","M","M","R","E","R","B",null,"M","?","?","M","M","E","R","$","T","$","M","R","$","?","R"],"character_chosen":"DEFECT","items_purchased":["Hologram","Steam","AttackPotion","Lee\u0027s Waffle"],"campfire_rested":1,"item_purchase_floors":[3,5,27,30],"current_hp_per_floor":[64,43,43,43,43,43,43,43,43,13,13,13,34,24,24,9,56,56,56,56,56,48,2,2,2,2,2,2,2,78,60,69,69],"gold":123,"neow_bonus":"THREE_ENEMY_KILL","is_daily":false,"chose_seed":false,"campfire_upgraded":4,"win_rate":0.0,"timestamp":1608935699,"path_taken":["M","?","$","?","$","E","R","E","T","E","M","?","R","E","R","BOSS","M","?","?","M","M","E","R","$","T","$","?","R","?","?","R"],"items_purchased_type":["Card","Card","Potion","Relic"],"build_version":"2020-12-22","purchased_purges":3,"victory":false,"max_hp_per_floor":[71,71,71,71,71,71,71,71,71,71,71,71,71,71,71,71,71,71,71,71,71,71,71,71,71,71,71,71,71,78,78,78,78],"card_choices":[{"not_picked":["Consume","Hologram"],"picked":"Reprogram","floor":1.0},{"not_picked":["Loop","Thunder Strike","Cold Snap"],"picked":"SKIP","floor":6.0},{"not_picked":["Stack","Self Repair"],"picked":"Sweeping Beam","floor":8.0},{"not_picked":["Redo","Streamline","Static Discharge"],"picked":"SKIP","floor":10.0},{"not_picked":["Go for the Eyes","Sweeping Beam"],"picked":"Undo","floor":11.0},{"not_picked":["Beam Cell","Rebound"],"picked":"FTL","floor":12.0},{"not_picked":["Aggregate","Reprogram"],"picked":"Scrape","floor":14.0},{"not_picked":["Thunder Strike","Electrodynamics"],"picked":"Fission","floor":16.0},{"not_picked":["Consume","Blizzard"],"picked":"Go for the Eyes","floor":18.0},{"not_picked":["Compile Driver","Streamline"],"picked":"Conserve Battery","floor":21.0},{"not_picked":["Coolheaded","Doom and Gloom"],"picked":"Beam Cell","floor":22.0},{"not_picked":["Multi-Cast","White Noise"],"picked":"FTL","floor":23.0},{"not_picked":["Barrage","Compile Driver","Rebound"],"picked":"SKIP","floor":28.0}],"player_experience":1138362,"relics_obtained":[{"floor":6.0,"key":"Cables"},{"floor":8.0,"key":"Smiling Mask"},{"floor":9.0,"key":"Bronze Scales"},{"floor":10.0,"key":"Matryoshka"},{"floor":14.0,"key":"CeramicFish"},{"floor":23.0,"key":"Anchor"},{"floor":26.0,"key":"Mercury Hourglass"},{"floor":26.0,"key":"Regal Pillow"},{"floor":31.0,"key":"Gambling Chip"},{"floor":31.0,"key":"Eternal Feather"}],"event_choices":[{"damage_healed":0.0,"max_hp_gain":0.0,"max_hp_loss":0.0,"gold_gain":0.0,"event_name":"Shining Light","player_choice":"Entered Light","floor":2.0,"gold_loss":0.0,"damage_taken":21.0,"cards_upgraded":["Reprogram","Strike_B"]},{"cards_removed":["Zap"],"damage_healed":0.0,"max_hp_gain":0.0,"max_hp_loss":0.0,"gold_gain":0.0,"event_name":"Bonfire Elementals","player_choice":"Offered Basic","floor":4.0,"gold_loss":0.0,"damage_taken":0.0},{"damage_healed":0.0,"max_hp_gain":0.0,"max_hp_loss":0.0,"gold_gain":0.0,"event_name":"Cursed Tome","player_choice":"Ignored","floor":19.0,"gold_loss":0.0,"damage_taken":0.0},{"damage_healed":0.0,"max_hp_gain":0.0,"max_hp_loss":0.0,"gold_gain":0.0,"cards_transformed":["Strike_B"],"event_name":"Transmorgrifier","player_choice":"Transformed","floor":20.0,"gold_loss":0.0,"damage_taken":0.0,"cards_obtained":["Cold Snap"]},{"damage_healed":0.0,"max_hp_gain":0.0,"max_hp_loss":0.0,"gold_gain":0.0,"event_name":"Colosseum","player_choice":"Fight","floor":31.0,"gold_loss":0.0,"damage_taken":0.0},{"damage_healed":0.0,"max_hp_gain":0.0,"max_hp_loss":0.0,"gold_gain":0.0,"event_name":"Colosseum","player_choice":"Fought Nobs","floor":31.0,"gold_loss":0.0,"damage_taken":0.0}],"is_beta":false,"boss_relics":[{"not_picked":["Fusion Hammer","Sozu"],"picked":"Coffee Dripper"}],"items_purged_floors":[25,27,30],"is_endless":false,"potions_floor_spawned":[1,8,11,16,18,28,31,31],"ascension_level":20}}