{"host":"12","time":1608879940,"event":{"mods":["ATMod(°¢èªMod)","Act Like it!","BaseMod","Colored Powertips","Minty Spire (QoL Compilation)","StSLib","¡¾¹¦ÄÜMod¡¿»ìãçÖ®»·ÐÞ¸´²¹¶¡"],"gold_per_floor":[116,116,131,149,149,149,176,176,176,220,235,235,245,170,170,253,253,271,24,24,54,83,112,112,112],"floor_reached":24,"playtime":969,"items_purged":["Strike_G","Defend_G"],"score":448,"play_id":"1ad05fca-9d7f-4db5-9b29-2f9148004a2d","local_time":"20201225150540","is_ascension_mode":true,"campfire_choices":[{"data":"AT_WindFlip","floor":6.0,"key":"SMITH"},{"floor":12.0,"key":"REST"},{"data":"Neutralize","floor":15.0,"key":"SMITH"}],"circlet_count":0,"master_deck":["AscendersBane","Strike_G","Defend_G","Defend_G","Defend_G","Survivor","Neutralize+1","AT_WindFlip+1","Acrobatics","Well Laid Plans","Blade Dance","Blade Dance","Adrenaline","AT_TinkerSharpsword","AT_KingSlayer","AT_Desolate"],"relics":["Ring of the Snake","AT_ATBox","Ornamental Fan","Lantern","CeramicFish","Black Star","Orrery","Red Mask","Gremlin Horn","CaptainsWheel"],"acts_visited":["Exordium","TheCity"],"potions_floor_usage":[],"damage_taken":[{"damage":9.0,"enemies":"Jaw Worm","floor":1.0,"turns":7.0},{"damage":3.0,"enemies":"Cultist","floor":3.0,"turns":5.0},{"damage":0.0,"enemies":"2 Louse","floor":4.0,"turns":3.0},{"damage":14.0,"enemies":"3 Sentries","floor":7.0,"turns":7.0},{"damage":10.0,"enemies":"Lagavulin","floor":10.0,"turns":10.0},{"damage":0.0,"enemies":"Looter","floor":11.0,"turns":2.0},{"damage":0.0,"enemies":"Large Slime","floor":13.0,"turns":4.0},{"damage":8.0,"enemies":"The Guardian","floor":16.0,"turns":16.0},{"damage":0.0,"enemies":"3 Byrds","floor":18.0,"turns":3.0},{"damage":0.0,"enemies":"Masked Bandits","floor":21.0,"turns":2.0},{"damage":6.0,"enemies":"Shell Parasite","floor":22.0,"turns":4.0},{"damage":42.0,"enemies":"Book of Stabbing","floor":23.0,"turns":4.0},{"damage":8,"enemies":"Snake Plant","floor":24,"turns":2}],"seed_played":"4384059746986780085","potions_obtained":[{"floor":7.0,"key":"Dexterity Potion"},{"floor":10.0,"key":"Poison Potion"},{"floor":11.0,"key":"Dexterity Potion"},{"floor":18.0,"key":"LiquidBronze"}],"is_trial":false,"path_per_floor":["M","?","M","M","?","R","E","?","T","E","M","R","M","$","R","B",null,"M","$","?","?","M","E","M"],"character_chosen":"THE_SILENT","items_purchased":["Orrery"],"campfire_rested":1,"item_purchase_floors":[19],"current_hp_per_floor":[35,35,32,32,32,32,18,11,11,1,1,20,20,20,20,12,53,53,53,53,53,47,5,0,0],"gold":112,"neow_bonus":"REMOVE_TWO","is_daily":false,"chose_seed":false,"campfire_upgraded":2,"win_rate":0.0,"timestamp":1608879940,"path_taken":["M","?","M","?","?","R","E","?","T","E","M","R","M","$","R","BOSS","M","$","?","?","M","E","M"],"items_purchased_type":["Relic"],"build_version":"2020-12-18","purchased_purges":2,"victory":false,"max_hp_per_floor":[66,66,66,66,66,66,66,66,66,66,66,66,66,66,66,66,66,66,66,66,66,66,66,66,66],"card_choices":[{"not_picked":["Quick Slash","Deadly Poison","Choke"],"picked":"SKIP","floor":1.0},{"not_picked":["Underhanded Strike","Deflect"],"picked":"Acrobatics","floor":3.0},{"not_picked":["Masterful Stab","After Image"],"picked":"Well Laid Plans","floor":4.0},{"not_picked":["Calculated Gamble","Prepared"],"picked":"Blade Dance","floor":7.0},{"not_picked":["Dodge and Roll","Quick Slash"],"picked":"Blade Dance","floor":10.0},{"not_picked":["Flechettes","Dagger Spray","Eviscerate"],"picked":"SKIP","floor":11.0},{"not_picked":["Deadly Poison","Prepared","Flying Knee"],"picked":"SKIP","floor":13.0},{"not_picked":["Glass Knife","Die Die Die"],"picked":"Adrenaline","floor":16.0},{"not_picked":["Quick Slash","Flying Knee","Caltrops"],"picked":"SKIP","floor":18.0},{"not_picked":["Dagger Throw","Tools of the Trade"],"picked":"AT_TinkerSharpsword","floor":19.0},{"not_picked":["Dodge and Roll","PiercingWail"],"picked":"AT_KingSlayer","floor":19.0},{"not_picked":["Leg Sweep","Flying Knee"],"picked":"AT_Desolate","floor":22.0},{"not_picked":["Bouncing Flask","Poisoned Stab","Slice"],"picked":"SKIP","floor":23.0}],"player_experience":568771,"relics_obtained":[{"floor":7.0,"key":"Ornamental Fan"},{"floor":9.0,"key":"Lantern"},{"floor":10.0,"key":"CeramicFish"},{"floor":21.0,"key":"Red Mask"},{"floor":23.0,"key":"Gremlin Horn"},{"floor":23.0,"key":"CaptainsWheel"}],"event_choices":[{"cards_removed":["Defend_G"],"damage_healed":0.0,"max_hp_gain":0.0,"max_hp_loss":0.0,"gold_gain":0.0,"event_name":"Bonfire Elementals","player_choice":"Offered Basic","floor":2.0,"gold_loss":0.0,"damage_taken":0.0},{"damage_healed":0.0,"max_hp_gain":0.0,"max_hp_loss":0.0,"gold_gain":0.0,"event_name":"Liars Game","player_choice":"Ignored","floor":5.0,"gold_loss":0.0,"damage_taken":0.0},{"cards_removed":["Strike_G"],"damage_healed":0.0,"max_hp_gain":0.0,"max_hp_loss":0.0,"gold_gain":0.0,"event_name":"Golden Wing","player_choice":"Card Removal","floor":8.0,"gold_loss":0.0,"damage_taken":7.0},{"damage_healed":0.0,"max_hp_gain":0.0,"max_hp_loss":0.0,"gold_gain":0.0,"event_name":"Vampires","player_choice":"Ignored","floor":20.0,"gold_loss":0.0,"damage_taken":0.0},{"damage_healed":0.0,"max_hp_gain":0.0,"max_hp_loss":0.0,"gold_gain":0.0,"event_name":"Masked Bandits","player_choice":"Fought Bandits","floor":21.0,"gold_loss":0.0,"damage_taken":0.0}],"is_beta":true,"boss_relics":[{"not_picked":["Coffee Dripper","Philosopher\u0027s Stone"],"picked":"Black Star"}],"items_purged_floors":[14,19],"is_endless":false,"potions_floor_spawned":[7,10,11,18],"killed_by":"Snake Plant","ascension_level":20}}