{"host":"6xsbn6ynqlzwllfm","time":1608922183,"event":{"mods":["2.2 Compatiblity","BaseMod","Bestiary","Colored Map","Colored Powertips","Curses Come First","Downfall","Highlight Path","Keyboard Shortcuts","Minty Spire (QoL Compilation)","Quick Restart","Relic Stats","Slay the Relics Exporter","StSLib","SuperFastMode"],"gold_per_floor":[115,132,148,160,160,178,178,178],"floor_reached":7,"playtime":258,"items_purged":[],"score":90,"play_id":"2f754fa1-0d7c-4e6b-8c1d-afb60d08d6df","local_time":"20201225134943","is_ascension_mode":true,"campfire_choices":[],"circlet_count":0,"master_deck":["AscendersBane","Strike_R","Strike_R","Strike_R","Strike_R","Strike_R","Defend_R","Defend_R","Defend_R","Defend_R","Bash","Battle Trance","Iron Wave","Ghostly Armor","Spot Weakness","Cleave"],"relics":["Black Star"],"acts_visited":["Exordium"],"potions_floor_usage":[7,7],"damage_taken":[{"damage":8,"enemies":"Cultist","floor":1,"turns":5},{"damage":3,"enemies":"2 Louse","floor":2,"turns":3},{"damage":5,"enemies":"Small Slimes","floor":3,"turns":6},{"damage":6,"enemies":"Blue Slaver","floor":4,"turns":6},{"damage":25,"enemies":"Large Slime","floor":6,"turns":8},{"damage":44,"enemies":"Gremlin Nob","floor":7,"turns":4}],"seed_played":"5133237514067106239","potions_obtained":[{"floor":1,"key":"hexamod:EctoCoolerPotion"},{"floor":4,"key":"Regen Potion"}],"is_trial":false,"path_per_floor":["M","M","M","M","M","M","E"],"character_chosen":"IRONCLAD","items_purchased":[],"campfire_rested":0,"item_purchase_floors":[],"current_hp_per_floor":[60,57,52,46,46,21,0,0],"gold":178,"neow_bonus":"BOSS_RELIC","is_daily":false,"chose_seed":false,"campfire_upgraded":0,"win_rate":0.0,"timestamp":1608922183,"path_taken":["M","M","M","M","M","M","E"],"items_purchased_type":[],"build_version":"2020-12-22","purchased_purges":0,"victory":false,"max_hp_per_floor":[75,75,75,75,75,75,75,75],"relic_stats":{"counters":[6,32],"Black Star":0,"obtain_stats":[{"Black Star":0,"Burning Blood":0},{"Black Star":0,"Burning Blood":0},{"Black Star":0,"Burning Blood":0}]},"card_choices":[{"not_picked":["Feel No Pain","Shrug It Off"],"picked":"Battle Trance","floor":1},{"not_picked":["Twin Strike","Clothesline"],"picked":"Iron Wave","floor":2},{"not_picked":["Searing Blow","Blood for Blood"],"picked":"Ghostly Armor","floor":3},{"not_picked":["Fire Breathing","Armaments"],"picked":"Spot Weakness","floor":4},{"not_picked":["Heavy Blade","Sever Soul"],"picked":"Cleave","floor":6}],"player_experience":1260522,"relics_obtained":[],"event_choices":[],"is_beta":false,"boss_relics":[],"items_purged_floors":[],"is_endless":false,"potions_floor_spawned":[1,4],"killed_by":"Gremlin Nob","ascension_level":20}}