{"host":"yp47u74hk6n79vj1","time":1608916772,"event":{"mods":["BaseMod","Minty Spire (QoL Compilation)"],"gold_per_floor":[112,112,112,127,145,145,186,186,237,251,251,272,272,272,272,398,398,414,414,513,513,513,544,237,261,261,261,280,300,31,54,54,183,183,197,197,197],"floor_reached":36,"playtime":2499,"items_purged":["Defend_B","Defend_B"],"score":382,"play_id":"180fd9bc-ad20-4031-8c4a-2cf96dd52545","local_time":"20201225121932","is_ascension_mode":false,"campfire_choices":[{"data":"Zap","floor":6,"key":"SMITH"},{"data":"Dualcast","floor":8,"key":"SMITH"},{"data":"Consume","floor":13,"key":"SMITH"},{"data":"Capacitor","floor":15,"key":"SMITH"},{"floor":27,"key":"REST"},{"data":"Leap","floor":32,"key":"SMITH"}],"circlet_count":0,"master_deck":["Defend_B","Defend_B","Zap+1","Dualcast+1","Turbo","Zap","Cold Snap","Capacitor+1","Conserve Battery","Consume+1","Leap","Fusion","Consume","Capacitor+1","Chill","Capacitor","Panacea","Conserve Battery","Turbo","Steam","Leap+1","Loop","Creative AI"],"relics":["Cracked Core","Golden Idol","Omamori","Nuclear Battery","Vajra","Question Card","Lee\u0027s Waffle","Inserter"],"acts_visited":["Exordium","TheCity","TheBeyond"],"potions_floor_usage":[12,12,25,33,33,36],"damage_taken":[{"damage":0,"enemies":"Cultist","floor":1,"turns":4},{"damage":6,"enemies":"Jaw Worm","floor":4,"turns":4},{"damage":0,"enemies":"2 Louse","floor":5,"turns":2},{"damage":21,"enemies":"Lagavulin","floor":7,"turns":5},{"damage":5,"enemies":"Looter","floor":10,"turns":3},{"damage":0,"enemies":"Exordium Thugs","floor":12,"turns":6},{"damage":20,"enemies":"Hexaghost","floor":16,"turns":8},{"damage":21,"enemies":"3 Byrds","floor":18,"turns":4},{"damage":44,"enemies":"Gremlin Leader","floor":23,"turns":8},{"damage":12,"enemies":"Spheric Guardian","floor":25,"turns":5},{"damage":17,"enemies":"Snake Plant","floor":28,"turns":6},{"damage":12,"enemies":"Shelled Parasite and Fungi","floor":29,"turns":9},{"damage":8,"enemies":"Snecko","floor":31,"turns":8},{"damage":44,"enemies":"Collector","floor":33,"turns":14},{"damage":44,"enemies":"3 Darklings","floor":35,"turns":9},{"damage":59,"enemies":"3 Shapes","floor":36,"turns":3}],"seed_played":"3127389121800322661","potions_obtained":[{"floor":7,"key":"DistilledChaos"},{"floor":10,"key":"SteroidPotion"},{"floor":16,"key":"Energy Potion"},{"floor":18,"key":"PotionOfCapacity"},{"floor":29,"key":"AttackPotion"},{"floor":33,"key":"Ancient Potion"},{"floor":35,"key":"Regen Potion"}],"is_trial":false,"path_per_floor":["M","?","?","M","M","R","E","R","T","M","?","M","R","?","R","B",null,"M","?","?","?","?","E","$","M","T","R","M","M","$","M","R","B",null,"M","M"],"character_chosen":"DEFECT","items_purchased":["Capacitor","Panacea","Regen Potion","Lee\u0027s Waffle","Leap"],"campfire_rested":1,"item_purchase_floors":[24,24,24,30,30],"current_hp_per_floor":[75,57,57,51,51,51,30,30,30,25,50,50,50,50,50,30,75,54,54,54,54,54,10,10,12,12,34,17,5,82,74,74,30,82,38,0,0],"gold":197,"neow_bonus":"REMOVE_CARD","is_daily":false,"chose_seed":false,"campfire_upgraded":5,"win_rate":0.0,"timestamp":1608916772,"path_taken":["M","?","?","?","M","R","E","R","T","M","?","M","R","?","R","BOSS","M","?","?","?","?","E","$","M","T","R","M","?","$","M","R","BOSS","M","M"],"items_purchased_type":["Card","Card","Potion","Relic","Card"],"build_version":"2020-12-22","purchased_purges":2,"victory":false,"max_hp_per_floor":[75,75,75,75,75,75,75,75,75,75,75,75,75,75,75,75,75,75,75,75,75,75,75,75,75,75,75,75,75,82,82,82,82,82,82,82,82],"card_choices":[{"not_picked":["Steam","Compile Driver"],"picked":"Turbo","floor":1},{"not_picked":["Compile Driver","Sweeping Beam"],"picked":"Cold Snap","floor":4},{"not_picked":["Steam Power","Sweeping Beam","Redo"],"picked":"SKIP","floor":5},{"not_picked":["Gash","Stack"],"picked":"Capacitor","floor":7},{"not_picked":["Stack","Recycle"],"picked":"Conserve Battery","floor":10},{"not_picked":["Go for the Eyes","Sweeping Beam"],"picked":"Consume","floor":12},{"not_picked":["Redo+1","Auto Shields"],"picked":"Leap","floor":18},{"not_picked":["Reboot","Heatsinks+1"],"picked":"Chill","floor":23},{"not_picked":["Ball Lightning+1","Rip and Tear"],"picked":"Conserve Battery","floor":25},{"not_picked":["Gash","Cold Snap+1","Aggregate"],"picked":"Turbo","floor":28},{"not_picked":["All For One","Beam Cell","Storm"],"picked":"Steam","floor":29},{"not_picked":["Hologram","Gash","Leap"],"picked":"Loop","floor":31},{"not_picked":["Biased Cognition","Reboot","Seek"],"picked":"Creative AI","floor":33},{"not_picked":["Chaos+1","Conserve Battery","Barrage","Tempest+1"],"picked":"SKIP","floor":35}],"player_experience":520031,"relics_obtained":[{"floor":7,"key":"Omamori"},{"floor":23,"key":"Vajra"},{"floor":26,"key":"Question Card"}],"event_choices":[{"damage_healed":0,"gold_gain":0,"player_choice":"Take Damage","damage_taken":18,"relics_obtained":["Golden Idol"],"max_hp_gain":0,"max_hp_loss":0,"event_name":"Golden Idol","floor":2,"gold_loss":0},{"damage_healed":0,"gold_gain":0,"player_choice":"1 cards matched","damage_taken":0,"max_hp_gain":0,"max_hp_loss":0,"event_name":"Match and Keep!","floor":3,"gold_loss":0,"cards_obtained":["Zap"]},{"damage_healed":25,"gold_gain":0,"player_choice":"Banana","damage_taken":0,"max_hp_gain":0,"max_hp_loss":0,"event_name":"Big Fish","floor":11,"gold_loss":0},{"cards_removed":["Strike_B"],"damage_healed":0,"gold_gain":0,"player_choice":"Offered Basic","damage_taken":0,"max_hp_gain":0,"max_hp_loss":0,"event_name":"Bonfire Elementals","floor":14,"gold_loss":0},{"damage_healed":0,"gold_gain":0,"player_choice":"Ignored","damage_taken":0,"max_hp_gain":0,"max_hp_loss":0,"event_name":"Cursed Tome","floor":19,"gold_loss":0},{"damage_healed":0,"gold_gain":99,"player_choice":"Stole From Cult","damage_taken":0,"max_hp_gain":0,"max_hp_loss":0,"event_name":"Nest","floor":20,"gold_loss":0},{"damage_healed":0,"gold_gain":0,"cards_transformed":["Strike_B","Strike_B"],"player_choice":"Became Test Subject","damage_taken":0,"max_hp_gain":0,"max_hp_loss":0,"event_name":"Drug Dealer","floor":21,"gold_loss":0,"cards_obtained":["Fusion","Consume"]},{"damage_healed":0,"gold_gain":0,"player_choice":"Copied","damage_taken":0,"max_hp_gain":0,"max_hp_loss":0,"event_name":"Duplicator","floor":22,"gold_loss":0,"cards_obtained":["Capacitor"]}],"is_beta":false,"boss_relics":[{"not_picked":["Snecko Eye","FrozenCore"],"picked":"Nuclear Battery"},{"not_picked":["SlaversCollar","Runic Dome"],"picked":"Inserter"}],"items_purged_floors":[24,30],"is_endless":false,"potions_floor_spawned":[7,10,16,18,29,33,35],"killed_by":"3 Shapes","ascension_level":0}}