{"host":"8fjsnt81u6xsmhji","time":1608873197,"event":{"mods":["BaseMod","Colored Powertips","Downfall","Glutton Mod","Hermit","Minty Spire (QoL Compilation)","Quick Restart","Somnambulant","StSLib","The Blackbeard","The Bladedancer","The Bug Knight","The Construct","The Forsaken","The Hierophant","The Mystic","The Servant 0.9.4"],"gold_per_floor":[118,133,146,219,229,229,229],"floor_reached":6,"playtime":324,"items_purged":[],"score":40,"play_id":"6973b07b-8b71-4f1f-a86d-acb2c959f453","local_time":"20201224231317","is_ascension_mode":true,"campfire_choices":[],"circlet_count":0,"master_deck":["blademaster:Strike","blademaster:Strike","blademaster:Strike","blademaster:Strike","blademaster:Defend","blademaster:Defend","blademaster:Defend","blademaster:Defend","blademaster:RagingBlow","blademaster:HighVoltage","blademaster:Gust","blademaster:ColdBlood","blademaster:DragonStrike","blademaster:WrongfulFootwork","blademaster:AwakeningDefend"],"relics":["Cursed Key","Pantograph"],"acts_visited":["Exordium"],"potions_floor_usage":[],"damage_taken":[{"damage":0,"enemies":"Cultist","floor":1,"turns":4},{"damage":0,"enemies":"Small Slimes","floor":2,"turns":3},{"damage":0,"enemies":"2 Louse","floor":3,"turns":4},{"damage":5,"enemies":"Blue Slaver","floor":5,"turns":4},{"damage":77,"enemies":"Lagavulin","floor":6,"turns":14}],"seed_played":"4606112367529710342","potions_obtained":[],"is_trial":false,"path_per_floor":["M","M","M","T","M","E"],"character_chosen":"THE_BLADEMASTER","items_purchased":[],"campfire_rested":0,"item_purchase_floors":[],"current_hp_per_floor":[75,75,75,75,70,0,0],"gold":229,"neow_bonus":"BOSS_RELIC","is_daily":false,"chose_seed":false,"campfire_upgraded":0,"win_rate":0.0,"timestamp":1608873197,"path_taken":["M","M","M","?","M","E"],"items_purchased_type":[],"build_version":"2020-12-22","purchased_purges":0,"victory":false,"max_hp_per_floor":[75,75,75,75,75,75,75],"card_choices":[{"not_picked":["blademaster:ThunderSlash","blademaster:SlyStabs"],"picked":"blademaster:Gust","floor":1},{"not_picked":["blademaster:ChargingUp","blademaster:CullingStrike"],"picked":"blademaster:ColdBlood","floor":2},{"not_picked":["blademaster:Sharpen","blademaster:BloodyBlow"],"picked":"blademaster:DragonStrike","floor":3},{"not_picked":["blademaster:Cut","blademaster:CloudOfSteel"],"picked":"blademaster:AwakeningDefend","floor":5}],"player_experience":727664,"relics_obtained":[{"floor":4,"key":"Pantograph"}],"event_choices":[],"is_beta":false,"boss_relics":[],"items_purged_floors":[],"is_endless":false,"potions_floor_spawned":[],"killed_by":"Lagavulin","ascension_level":1}}