{"host":"ljnkpwbnfujn5lym","time":1608922779,"event":{"mods":["Bard","BaseMod","Better Note","Colored Map","Colored Powertips","Exacting","Googly Eyes","Highlight Path","Infinite Spire","Minty Spire (QoL Compilation)","Permanent Neow","Quick Restart","Relic Sorter","Relic Stats","Replay The Spire","StSLib","The IronCluck","slay the spire mod where everything is the same but ironclad has a cowboy hat"],"gold_per_floor":[111,111,111,111,136,181,181,181,181],"floor_reached":8,"playtime":205,"items_purged":[],"score":99,"play_id":"aef967de-511a-4c2e-b2cc-a74c38b95b1a","local_time":"20201225125939","is_ascension_mode":true,"campfire_choices":[{"floor":7,"key":"REST"}],"circlet_count":0,"master_deck":["AscendersBane","Strike_B","Strike_B","Strike_B","Strike_B","Defend_B+1","Defend_B","Defend_B","Defend_B","Zap","Dualcast+1","Gash","Loop"],"relics":["Busted Crown","Cables","Dead Branch","Anchor","Iron Hammer"],"acts_visited":["Exordium"],"potions_floor_usage":[8],"damage_taken":[{"damage":4,"enemies":"Jaw Worm","floor":1,"turns":4},{"damage":28,"enemies":"Lagavulin","floor":6,"turns":7},{"damage":41,"enemies":"Gremlin Nob","floor":8,"turns":4}],"seed_played":"7773526869339816851","potions_obtained":[{"floor":6,"key":"Block Potion"}],"is_trial":false,"path_per_floor":["M","?","?","?","T","E","R","E"],"character_chosen":"DEFECT","items_purchased":[],"campfire_rested":1,"item_purchase_floors":[],"current_hp_per_floor":[60,39,39,34,34,6,27,0,0],"gold":181,"neow_bonus":"BOSS_RELIC","is_daily":false,"chose_seed":false,"campfire_upgraded":0,"win_rate":0.0,"timestamp":1608922779,"path_taken":["M","?","?","?","?","E","R","E"],"items_purchased_type":[],"build_version":"2020-12-22","purchased_purges":0,"victory":false,"max_hp_per_floor":[71,71,71,71,71,71,71,71,71],"relic_stats":{"Busted Crown":8,"counters":[3,15],"Dead Branch":[2],"obtain_stats":[{"Anchor":5,"Busted Crown":0,"Dead Branch":4,"Iron Hammer":6,"Cracked Core":0,"Cables":3},{"Anchor":1,"Busted Crown":0,"Dead Branch":1,"Iron Hammer":2,"Cracked Core":0,"Cables":1},{"Anchor":4,"Busted Crown":0,"Dead Branch":4,"Iron Hammer":11,"Cracked Core":0,"Cables":4}],"Cables":[8,8,0,0,0]},"card_choices":[{"not_picked":[],"picked":"Gash","floor":1},{"not_picked":[],"picked":"Loop","floor":6}],"player_experience":632563,"relics_obtained":[{"floor":3,"key":"Cables"},{"floor":5,"key":"Anchor"},{"floor":6,"key":"Iron Hammer"}],"event_choices":[{"damage_healed":0,"gold_gain":0,"player_choice":"Entered Light","damage_taken":21,"max_hp_gain":0,"max_hp_loss":0,"event_name":"Shining Light","floor":2,"gold_loss":0,"cards_upgraded":["Dualcast","Defend_B"]},{"damage_healed":0,"gold_gain":0,"player_choice":"Success","damage_taken":5,"relics_obtained":["Dead Branch"],"max_hp_gain":0,"max_hp_loss":0,"event_name":"Scrap Ooze","floor":4,"gold_loss":0}],"is_beta":false,"boss_relics":[],"items_purged_floors":[],"is_endless":false,"potions_floor_spawned":[6],"killed_by":"Gremlin Nob","ascension_level":18}}