{"host":"ecuvtzmejf7hhjpv","time":1608900846,"event":{"mods":["AchievementEnabler","Act Like it!","Aspiration","BaseMod","Better Altar","Better Match","Better Note","Better Sensory Stone","Better Skull","Better Third Choice","BetterRewards","Conspire","Custom Start","Gensokyo","GifTheSpireLib","Hallownest","Hermit","Hubris","Kratos Character Expansion","Marisa????????","Minty Spire (QoL Compilation)","Prisma Mod","Replay The Spire","Spicy Shops","StSLib","The Animator","The Blackbeard","The Bug Knight","The Forsaken","The Hierophant","The Jungle","The Necromancer","The Poker Player","The Wild Card"],"gold_per_floor":[112,130,143,161,172,172,172],"floor_reached":6,"playtime":360,"items_purged":[],"score":42,"play_id":"e9b3ad35-9440-4449-9ba5-8b2dcada3374","local_time":"20201225065406","is_ascension_mode":true,"campfire_choices":[],"circlet_count":0,"master_deck":["animator:Strike_OnePunchMan","animator:Defend_OnePunchMan","animator:Strike","animator:Strike","animator:Strike","animator:Defend","animator:Defend","animator:Defend","animator:Genos","animator:MumenRider","animator:Arpeggio","animator:Kuribayashi","animator:Evileye","animator:Arpeggio","animator:RoryMercury","animator:Demiurge"],"relics":["animator:LivingPicture","animator:TheMissingPiece","Chemical X"],"acts_visited":["Exordium"],"potions_floor_usage":[4,6],"damage_taken":[{"damage":9,"enemies":"Small Slimes","floor":1,"turns":3},{"damage":2,"enemies":"conspire:RoseBush","floor":2,"turns":2},{"damage":9,"enemies":"2 Louse","floor":3,"turns":4},{"damage":9,"enemies":"Lots of Slimes","floor":4,"turns":6},{"damage":21,"enemies":"Exordium Wildlife","floor":5,"turns":4},{"damage":4,"enemies":"HollowMod:MossKnight","floor":6,"turns":8}],"seed_played":"6004375467385840295","potions_obtained":[{"floor":2,"key":"GamblersBrew"},{"floor":4,"key":"ColorlessPotion"}],"is_trial":false,"path_per_floor":["M","M","M","M","M","E"],"character_chosen":"THE_ANIMATOR","items_purchased":["Chemical X","animator:Arpeggio","ColorlessPotion"],"campfire_rested":0,"item_purchase_floors":[0,0,0],"current_hp_per_floor":[46,44,35,26,5,1,1],"gold":172,"neow_bonus":"","is_daily":false,"chose_seed":false,"campfire_upgraded":0,"win_rate":0.0,"timestamp":1608900846,"path_taken":["M","M","M","M","M","E"],"items_purchased_type":["Relic","Card","Potion"],"build_version":"2020-12-22","purchased_purges":0,"victory":false,"max_hp_per_floor":[66,66,66,66,66,66,66],"card_choices":[{"not_picked":["animator:TukaLunaMarceau","animator:Sonic"],"picked":"animator:Kuribayashi","floor":1},{"not_picked":["animator:ChlammyZell","animator:Entoma"],"picked":"animator:Evileye","floor":2},{"not_picked":["animator:Add","animator:Aisha"],"picked":"animator:Arpeggio","floor":3},{"not_picked":["animator:TukaLunaMarceau","animator:Bozes"],"picked":"animator:RoryMercury","floor":4},{"not_picked":["animator:Arpeggio","animator:CowGirl"],"picked":"animator:Demiurge","floor":5}],"player_experience":907742,"relics_obtained":[],"event_choices":[],"is_beta":false,"boss_relics":[],"items_purged_floors":[],"is_endless":false,"potions_floor_spawned":[2,4],"killed_by":"HollowMod:MossKnight","ascension_level":1}}