{"host":"pjgcdp3h1plnbocs","time":1608925677,"event":{"mods":["AchievementEnabler","BaseMod","Colored Map","Highlight Path","Minty Spire (QoL Compilation)"],"gold_per_floor":[20,35,35,35,35,35,63,79,79,79,106,381,12,31,31,132,132,143,160,178,189,189,189],"floor_reached":22,"playtime":2931,"items_purged":["Regret"],"score":299,"play_id":"89e20dd0-27e6-4bdd-bc5f-b7fae772aa57","local_time":"20201225204757","is_ascension_mode":true,"campfire_choices":[{"data":"Zap","floor":6.0,"key":"SMITH"},{"data":"Dualcast","floor":10.0,"key":"SMITH"},{"data":"Redo","floor":15,"key":"SMITH"}],"circlet_count":0,"master_deck":["Strike_B","Strike_B","Strike_B","Strike_B","Defend_B","Defend_B","Defend_B","Defend_B","Zap+1","Dualcast+1","Reinforced Body","Coolheaded","Coolheaded","Redo+1","Redo"],"relics":["Cracked Core","Calipers","Meat on the Bone","Pear","Boot","InkBottle","Singing Bowl","Thread and Needle","Inserter"],"acts_visited":["Exordium","TheCity"],"potions_floor_usage":[16,20,20],"damage_taken":[{"damage":14.0,"enemies":"2 Louse","floor":1.0,"turns":2.0},{"damage":0.0,"enemies":"Jaw Worm","floor":2.0,"turns":4.0},{"damage":25.0,"enemies":"3 Sentries","floor":7.0,"turns":9.0},{"damage":0.0,"enemies":"Small Slimes","floor":8.0,"turns":3.0},{"damage":15.0,"enemies":"Lagavulin","floor":11.0,"turns":9.0},{"damage":23,"enemies":"Gremlin Gang","floor":14,"turns":4},{"damage":16,"enemies":"Slime Boss","floor":16,"turns":15},{"damage":0,"enemies":"Shell Parasite","floor":18,"turns":11},{"damage":20,"enemies":"Chosen","floor":19,"turns":7},{"damage":51,"enemies":"Centurion and Healer","floor":20,"turns":20},{"damage":18,"enemies":"Snake Plant","floor":21,"turns":6},{"damage":20,"enemies":"Chosen and Byrds","floor":22,"turns":4}],"seed_played":"-7164876180523381691","potions_obtained":[{"floor":1.0,"key":"PowerPotion"},{"floor":7.0,"key":"DuplicationPotion"},{"floor":14,"key":"AttackPotion"},{"floor":20,"key":"Strength Potion"},{"floor":21,"key":"EssenceOfDarkness"}],"is_trial":false,"path_per_floor":["M","M","?","?","T","R","E","M","T","R","E","?","$","M","R","B",null,"M","M","M","M","M"],"character_chosen":"DEFECT","items_purchased":["Thread and Needle"],"campfire_rested":0,"item_purchase_floors":[13],"current_hp_per_floor":[54,54,54,42,52,52,39,51,51,51,50,50,50,39,39,37,76,78,60,23,19,0,0],"gold":189,"neow_bonus":"ONE_RARE_RELIC","is_daily":false,"chose_seed":false,"campfire_upgraded":3,"win_rate":0.0,"timestamp":1608925677,"path_taken":["M","M","?","?","?","R","E","M","T","R","E","?","$","M","R","BOSS","M","M","?","M","?"],"items_purchased_type":["Relic"],"build_version":"2020-12-22","purchased_purges":1,"victory":false,"max_hp_per_floor":[75,75,75,75,85,85,85,85,85,85,87,87,87,87,87,89,89,91,93,95,97,97,97],"card_choices":[{"not_picked":["Doom and Gloom","Steam Power"],"picked":"Reinforced Body","floor":1.0},{"not_picked":["FTL","Undo"],"picked":"Coolheaded","floor":2.0},{"not_picked":["Static Discharge","Undo"],"picked":"Coolheaded","floor":7.0},{"not_picked":["Streamline","Coolheaded"],"picked":"Redo","floor":8.0},{"not_picked":["Recycle","Hologram","Steam"],"picked":"Singing Bowl","floor":11.0},{"not_picked":["FTL","Barrage"],"picked":"Redo","floor":14},{"not_picked":["Amplify","Thunder Strike","Rainbow"],"picked":"Singing Bowl","floor":16},{"not_picked":["Streamline+1","Double Energy","Coolheaded"],"picked":"Singing Bowl","floor":18},{"not_picked":["Redo","Recycle","Ball Lightning"],"picked":"Singing Bowl","floor":19},{"not_picked":["Ball Lightning","FTL","Force Field+1"],"picked":"Singing Bowl","floor":20},{"not_picked":["Streamline","Double Energy","Rebound+1"],"picked":"Singing Bowl","floor":21}],"player_experience":157551,"relics_obtained":[{"floor":5.0,"key":"Pear"},{"floor":7.0,"key":"Boot"},{"floor":9.0,"key":"InkBottle"},{"floor":11.0,"key":"Singing Bowl"}],"event_choices":[{"damage_healed":0.0,"max_hp_gain":0.0,"max_hp_loss":0.0,"gold_gain":0.0,"event_name":"Liars Game","player_choice":"Ignored","floor":3.0,"gold_loss":0.0,"damage_taken":0.0},{"damage_healed":0.0,"max_hp_gain":0.0,"max_hp_loss":0.0,"gold_gain":0.0,"event_name":"Scrap Ooze","player_choice":"Success","floor":4.0,"gold_loss":0.0,"damage_taken":12.0,"relics_obtained":["Meat on the Bone"]},{"damage_healed":0,"gold_gain":275,"player_choice":"Desecrate","damage_taken":0,"max_hp_gain":0,"max_hp_loss":0,"event_name":"Golden Shrine","floor":12,"gold_loss":0,"cards_obtained":["Regret"]}],"is_beta":false,"boss_relics":[{"not_picked":["SlaversCollar","Fusion Hammer"],"picked":"Inserter"}],"items_purged_floors":[13],"is_endless":false,"potions_floor_spawned":[1,7,14,20,21],"killed_by":"Chosen and Byrds","ascension_level":8}}