{"host":"e40jm352kjzixotw","time":1608924100,"event":{"mods":["Arknights The Spire","BaseMod","Better Altar","BetterRewards","Colored Map","Colored Powertips","DeckTracker","Dota2Spire","Minty Spire (QoL Compilation)","Rare Cards Sparkle","Relic Stats","Shade Mod","StSLib","The Animator","TheSwordswoman"],"gold_per_floor":[116,116,128,145,47,47,61,61,61,61,101,171,205,218,218,341,341,366,641,326,342,366,366,406,406,406],"floor_reached":25,"playtime":1591,"items_purged":["Regret"],"score":231,"play_id":"df345fed-7a4e-490d-9892-c03c9df88005","local_time":"20201225202140","is_ascension_mode":false,"campfire_choices":[{"data":"ats:Closed Bolt Burst Fire","floor":6.0,"key":"SMITH"},{"data":"ats:Poison Spread","floor":10.0,"key":"SMITH"},{"floor":15.0,"key":"REST"},{"floor":23,"key":"REST"}],"circlet_count":0,"master_deck":["ats:Strike C","ats:Strike G","ats:Strike S","ats:Strike V","ats:Armor Crushing Shot","ats:Defend","ats:Defend","ats:Defend","ats:Defend","ats:Emotion Absorption","ats:Hammer On+1","ats:Rapid Magazine","ats:Closed Bolt Burst Fire+1","ats:Consecutive Shot Auto","ats:Flexible Camouflage","ats:Poison Spread+1","ats:Sword Rain","ats:Assault Order","ats:Fractured Body","ats:Neurotoxin+1","ats:Poison Spread"],"relics":["ats:Sanity","NeowsBlessing","Golden Idol","CaptainsWheel","ats:Originium","Dota2Spire:Satanic","Dream Catcher","ats:Originium","ats:Berate","Sozu","Bottled Tornado","ats:Originium","Dota2Spire:MonkeyKingBar"],"acts_visited":["Exordium","TheCity"],"potions_floor_usage":[25,25],"damage_taken":[{"damage":0.0,"enemies":"Small Slimes","floor":1.0,"turns":1.0},{"damage":0.0,"enemies":"Cultist","floor":3.0,"turns":1.0},{"damage":0.0,"enemies":"Jaw Worm","floor":4.0,"turns":1.0},{"damage":0.0,"enemies":"3 Louse","floor":7.0,"turns":2.0},{"damage":18.0,"enemies":"Lagavulin","floor":11.0,"turns":5.0},{"damage":8.0,"enemies":"Gremlin Nob","floor":12.0,"turns":3.0},{"damage":13.0,"enemies":"Gremlin Nob","floor":13.0,"turns":4.0},{"damage":7.0,"enemies":"Blue Slaver","floor":14.0,"turns":2.0},{"damage":41.0,"enemies":"Slime Boss","floor":16.0,"turns":10.0},{"damage":10,"enemies":"3 Byrds","floor":18,"turns":5},{"damage":25,"enemies":"2 Thieves","floor":21,"turns":4},{"damage":7,"enemies":"3 Cultists","floor":22,"turns":4},{"damage":39,"enemies":"Book of Stabbing","floor":24,"turns":5},{"damage":6,"enemies":"Snake Plant","floor":25,"turns":2}],"seed_played":"3820877709370398554","potions_obtained":[{"floor":12.0,"key":"SmokeBomb"},{"floor":14.0,"key":"Fire Potion"},{"floor":16,"key":"ColorlessPotion"}],"is_trial":false,"path_per_floor":["M","?","M","M","$","R","M","?","T","R","E","?","E","M","R","B",null,"M","?","$","M","M","R","E","M"],"character_chosen":"DOCTOR_CLASS","items_purchased":["ats:Consecutive Shot Auto","ats:Flexible Camouflage","Bottled Tornado"],"campfire_rested":2,"item_purchase_floors":[5,5,20],"current_hp_per_floor":[72,72,72,72,72,72,72,67,67,67,49,41,28,21,41,4,67,57,57,57,32,25,45,6,0,0],"gold":406,"neow_bonus":"THREE_ENEMY_KILL","is_daily":false,"chose_seed":false,"campfire_upgraded":2,"win_rate":0.0,"timestamp":1608924100,"path_taken":["M","?","M","?","$","R","M","?","T","R","E","?","E","M","R","BOSS","BOSS","M","?","$","?","M","R","E","M"],"items_purchased_type":["Card","Card","Relic"],"build_version":"2020-12-22","purchased_purges":1,"victory":false,"max_hp_per_floor":[72,72,72,72,72,72,72,67,67,67,67,67,67,67,67,67,67,67,67,67,67,67,67,67,67,67],"relic_stats":{"Sozu":2,"Dream Catcher":2,"counters":[14,49],"Golden Idol":110,"obtain_stats":[{"Sozu":17,"Dota2Spire:Satanic":11,"CaptainsWheel":9,"Dream Catcher":12,"NeowsBlessing":0,"ats:Originium":11,"Golden Idol":8,"ats:Berate":13,"ats:Sanity":0,"Bottled Tornado":20,"Dota2Spire:MonkeyKingBar":24},{"Sozu":9,"Dota2Spire:Satanic":5,"CaptainsWheel":4,"Dream Catcher":5,"NeowsBlessing":0,"ats:Originium":5,"Golden Idol":4,"ats:Berate":7,"ats:Sanity":0,"Bottled Tornado":10,"Dota2Spire:MonkeyKingBar":13},{"Sozu":29,"Dota2Spire:Satanic":10,"CaptainsWheel":5,"Dream Catcher":10,"NeowsBlessing":0,"ats:Originium":10,"Golden Idol":5,"ats:Berate":17,"ats:Sanity":0,"Bottled Tornado":34,"Dota2Spire:MonkeyKingBar":47}]},"card_choices":[{"not_picked":["ats:Poison Spread","ats:Ignite"],"picked":"ats:Hammer On","floor":1.0},{"not_picked":["ats:Powerful Strike","ats:Childhood Dance"],"picked":"ats:Rapid Magazine","floor":3.0},{"not_picked":["ats:Flexible Camouflage","ats:Revitalization"],"picked":"ats:Closed Bolt Burst Fire","floor":4.0},{"not_picked":["ats:Hammer On","ats:Overload"],"picked":"ats:Poison Spread","floor":7.0},{"not_picked":["ats:Guardian Obelisk","ats:Shell Defense","ats:Powerful Strike"],"picked":"SKIP","floor":11.0},{"not_picked":["ats:Cat Scratch","ats:Soul Absorption"],"picked":"ats:Sword Rain","floor":13.0},{"not_picked":["ats:Apocalypse","ats:Steam Pump"],"picked":"ats:Assault Order","floor":14.0},{"not_picked":["ats:Echo Reverb","ats:Rat Pack"],"picked":"ats:Fractured Body","floor":16},{"not_picked":["ats:Revitalization","ats:Burning Ground"],"picked":"ats:Neurotoxin+1","floor":18},{"not_picked":["ats:Childhood Dance+1","ats:Leaping Hammer","ats:Encircling Forest"],"picked":"SKIP","floor":21},{"not_picked":["ats:Consecutive Shot Auto","ats:Closed Bolt Burst Fire","ats:Encircling Forest+1"],"picked":"SKIP","floor":22},{"not_picked":["ats:Ignite+1","ats:Echo Reverb"],"picked":"ats:Poison Spread","floor":24}],"player_experience":1160650,"relics_obtained":[{"floor":9.0,"key":"CaptainsWheel"},{"floor":11.0,"key":"ats:Originium"},{"floor":11.0,"key":"Dota2Spire:Satanic"},{"floor":13.0,"key":"ats:Originium"},{"floor":13.0,"key":"ats:Berate"},{"floor":24,"key":"ats:Originium"},{"floor":24,"key":"Dota2Spire:MonkeyKingBar"}],"event_choices":[{"damage_healed":0.0,"max_hp_gain":0.0,"max_hp_loss":0.0,"gold_gain":0.0,"event_name":"Accursed Blacksmith","player_choice":"Forge","floor":2.0,"gold_loss":0.0,"damage_taken":0.0,"cards_upgraded":["ats:Hammer On"]},{"damage_healed":0.0,"max_hp_gain":0.0,"max_hp_loss":5.0,"gold_gain":0.0,"event_name":"Golden Idol","player_choice":"Lose Max HP","floor":8.0,"gold_loss":0.0,"damage_taken":0.0,"relics_obtained":["Golden Idol"]},{"damage_healed":0.0,"max_hp_gain":0.0,"max_hp_loss":0.0,"gold_gain":0.0,"event_name":"Dead Adventurer","player_choice":"Searched \u00272\u0027 times","floor":12.0,"gold_loss":0.0,"damage_taken":0.0,"relics_obtained":["Dream Catcher"]},{"damage_healed":0,"gold_gain":275,"player_choice":"Desecrate","damage_taken":0,"max_hp_gain":0,"max_hp_loss":0,"event_name":"Golden Shrine","floor":19,"gold_loss":0,"cards_obtained":["Regret"]}],"is_beta":false,"boss_relics":[{"not_picked":["SlaversCollar","Philosopher\u0027s Stone"],"picked":"Sozu"}],"items_purged_floors":[20],"is_endless":false,"potions_floor_spawned":[12,14,16,22,24],"killed_by":"Snake Plant","ascension_level":0}}