{"host":"6ncdf681trjj7gs6","time":1608866288,"event":{"mods":["BaseMod","Colored Map","Downfall","Highlight Path","Minty Spire (QoL Compilation)","StSLib"],"gold_per_floor":[399,415,426,766,766,766,766,691,703,737,747,765,765,795,808,906,906,831,844,844,612,624,653,653,682,339,339,358,388,422,422,437,537,537,537,551,551,166,183,183,483,509,527,527,527,552,571,585,605,605],"floor_reached":51,"playtime":2880,"items_purged":["hexamod:Strike","hexamod:Strike","hexamod:Strike+1","hexamod:RainOfEmbers+1"],"score":1227,"play_id":"5b4a97f7-2765-4196-97a6-7101a31d0958","local_time":"20201224221808","is_ascension_mode":true,"campfire_choices":[{"floor":1,"key":"RECALL"},{"data":"Panache","floor":8,"key":"SMITH"},{"data":"hexamod:Float","floor":13,"key":"SMITH"},{"floor":18,"key":"REST"},{"floor":35,"key":"REST"},{"floor":44,"key":"REST"}],"circlet_count":0,"master_deck":["hexamod:Defend","hexamod:Defend","hexamod:Sear+1","hexamod:Float+1","hexamod:TimeOfNeed","Panache+1","hexamod:Incineration+1","hexamod:RainOfEmbers+1","hexamod:EtherealExpedition","hexamod:GhostflameBarrier","hexamod:Haunt+1","hexamod:EmpoweredFlame","hexamod:GhostLash+1","hexamod:EmpoweringStance","Apotheosis+1","hexamod:NightmareStrike+1","hexamod:RecurringNightmare+1","hexamod:EmpoweredFlame+1","Secret Technique+1","hexamod:AdvancingGuard+1","hexamod:NecessarySacrifice+1","hexamod:RecurringNightmare+1","hexamod:EmpoweringStance+1","hexamod:UnlimitedPower+1","Necronomicurse","hexamod:SpectersWail+1","hexamod:Hexaguard+1","hexamod:EtherealExpedition+1","hexamod:RecurringNightmare+1","hexamod:TimeWarp+1","hexamod:GhostOfSpireFuture+1","hexamod:CatchUp+1","expansioncontent:GuardianWhirl+1","Secret Technique+1","hexamod:CatchUp+1","hexamod:WildfireWeapon+1","hexamod:StepThrough+1","hexamod:RecurringNightmare+1","hexamod:ParanormalForm+1"],"relics":["hexamod:SpiritBrand","Dead Branch","Old Coin","Bag of Marbles","Bag of Preparation","Sozu","Empty Cage","Membership Card","Molten Egg 2","Bird Faced Urn","Letter Opener","Turnip","downfall:HeartBlessingRed","Gambling Chip","Blue Candle","Fusion Hammer","downfall:HeartBlessingGreen","Toxic Egg 2","Frozen Egg 2","War Paint","Whetstone","HornCleat","hexamod:JarOfFuel","Kunai","Bottled Tornado","Bottled Lightning","Mummified Hand","Question Card","Bottled Lightning","Juzu Bracelet","hexamod:RecyclingMachine","Mercury Hourglass","Necronomicon","Red Mask","Whetstone","hexamod:IceCube","hexamod:InflammatoryLetter","Old Coin","Ancient Tea Set","Gremlin Horn"],"acts_visited":["Exordium","TheCity","TheBeyond"],"potions_floor_usage":[],"damage_taken":[{"damage":0,"enemies":"Cultist","floor":2,"turns":3},{"damage":0,"enemies":"Small Slimes","floor":3,"turns":3},{"damage":0,"enemies":"downfall:FleeingMerchant","floor":4,"turns":4},{"damage":0,"enemies":"2 Louse","floor":9,"turns":1},{"damage":3,"enemies":"3 Sentries","floor":10,"turns":3},{"damage":0,"enemies":"Exordium Wildlife","floor":11,"turns":1},{"damage":0,"enemies":"Large Slime","floor":12,"turns":3},{"damage":0,"enemies":"Gremlin Nob","floor":14,"turns":3},{"damage":0,"enemies":"2 Fungi Beasts","floor":15,"turns":2},{"damage":14,"enemies":"downfall:Ironclad","floor":16,"turns":4},{"damage":4,"enemies":"Shell Parasite","floor":19,"turns":3},{"damage":0,"enemies":"downfall:FleeingMerchant","floor":21,"turns":4},{"damage":0,"enemies":"3 Cultists","floor":22,"turns":3},{"damage":0,"enemies":"Gremlin Leader","floor":23,"turns":1},{"damage":0,"enemies":"Book of Stabbing","floor":25,"turns":2},{"damage":0,"enemies":"Centurion and Healer","floor":28,"turns":1},{"damage":0,"enemies":"Masked Bandits","floor":29,"turns":1},{"damage":0,"enemies":"Gremlin Leader","floor":30,"turns":1},{"damage":0,"enemies":"Sentry and Sphere","floor":32,"turns":1},{"damage":0,"enemies":"downfall:Watcher","floor":33,"turns":2},{"damage":0,"enemies":"3 Darklings","floor":36,"turns":1},{"damage":0,"enemies":"Orb Walker","floor":39,"turns":1},{"damage":0,"enemies":"Giant Head","floor":42,"turns":2},{"damage":0,"enemies":"4 Shapes","floor":43,"turns":1},{"damage":0,"enemies":"Reptomancer","floor":46,"turns":1},{"damage":0,"enemies":"Sphere and 2 Shapes","floor":47,"turns":1},{"damage":0,"enemies":"Writhing Mass","floor":48,"turns":1},{"damage":0,"enemies":"3 Darklings","floor":49,"turns":1},{"damage":25,"enemies":"downfall:Silent","floor":50,"turns":2}],"seed_played":"-1371644578658939902","potions_obtained":[],"is_trial":false,"path_per_floor":["R","M","M","$","T","?","T","R","M","E","M","M","R","E","M","B",null,"R","M","?","$","M","E","T","E","$","?","M","?","E","?","M","B",null,"R","M","?","$","M","?","T","E","M","R","?","E","M","M","M","B",null],"character_chosen":"THE_SPIRIT","items_purchased":["Membership Card","Molten Egg 2","Bird Faced Urn","Panache","hexamod:Incineration+1","hexamod:RainOfEmbers+1","hexamod:EtherealExpedition","HornCleat","hexamod:JarOfFuel","Kunai","hexamod:RecurringNightmare+1","hexamod:EmpoweredFlame+1","Secret Technique+1","hexamod:AdvancingGuard+1","hexamod:RecyclingMachine","Mercury Hourglass","hexamod:UnlimitedPower+1","hexamod:InflammatoryLetter","hexamod:CatchUp+1","expansioncontent:GuardianWhirl+1","Secret Technique+1"],"campfire_rested":3,"item_purchase_floors":[4,4,4,4,4,4,4,21,21,21,21,21,21,21,26,26,26,38,38,38,38],"current_hp_per_floor":[70,70,70,70,70,70,70,70,70,67,70,70,70,70,70,58,70,70,70,57,65,71,75,75,75,75,59,63,73,75,75,75,75,75,75,75,75,75,75,75,75,75,75,75,75,75,75,75,75,57],"gold":605,"neow_bonus":"ONE_RARE_RELIC","is_daily":false,"chose_seed":false,"campfire_upgraded":2,"win_rate":0.0,"timestamp":1608866288,"path_taken":["R","M","M","$","?","?","T","R","M","E","M","M","R","E","M","BOSS","R","M","?","$","M","E","T","E","$","?","M","?","E","?","M","BOSS","R","M","?","$","M","?","T","E","M","R","?","E","M","M","M","BOSS"],"items_purchased_type":["Relic","Relic","Relic","Card","Card","Card","Card","Relic","Relic","Relic","Card","Card","Card","Card","Relic","Relic","Card","Relic","Card","Card","Card"],"build_version":"2020-12-22","purchased_purges":4,"victory":true,"max_hp_per_floor":[70,70,70,70,70,70,70,70,70,70,70,70,70,70,70,70,70,70,70,75,75,75,75,75,75,75,75,75,75,75,75,75,75,75,75,75,75,75,75,75,75,75,75,75,75,75,75,75,75,75],"card_choices":[{"not_picked":["hexamod:InspiringFlames","hexamod:HauntingEcho"],"picked":"hexamod:RainOfEmbers","floor":2},{"not_picked":["hexamod:FirstSeal","hexamod:HauntingEcho","hexamod:FourthSeal"],"picked":"SKIP","floor":3},{"not_picked":["hexamod:SkipABeat","hexamod:InspiringFlames"],"picked":"hexamod:TimeOfNeed","floor":4},{"not_picked":["hexamod:BacktrackSmack+1","hexamod:RecurringNightmare"],"picked":"hexamod:GhostflameBarrier","floor":9},{"not_picked":["hexamod:RecurringNightmare","hexamod:ThirdSeal"],"picked":"hexamod:BurningTouch","floor":10},{"not_picked":["hexamod:ShieldOfDarkness","hexamod:CatchUp","hexamod:FastForward"],"picked":"SKIP","floor":11},{"not_picked":["hexamod:AdvancingGuard","hexamod:RainOfEmbers+1"],"picked":"hexamod:Haunt","floor":12},{"not_picked":["hexamod:SpectersWail+1","hexamod:Toasty+1"],"picked":"hexamod:EmpoweredFlame","floor":14},{"not_picked":["hexamod:InspiringFlames","hexamod:SpectersWail+1"],"picked":"hexamod:GhostLash+1","floor":15},{"not_picked":["hexamod:TurnItUp","hexamod:UnlimitedPower"],"picked":"hexamod:EmpoweringStance","floor":16},{"not_picked":["hexamod:SpectralAdrenaline+1","hexamod:PowerFromBeyond+1"],"picked":"hexamod:NightmareStrike+1","floor":19},{"not_picked":["hexamod:GhostOfSpirePast+1","hexamod:PhantomCloak+1","hexamod:SecondSeal"],"picked":"SKIP","floor":21},{"not_picked":["hexamod:SpectersWail+1","hexamod:SkipABeat+1"],"picked":"hexamod:NecessarySacrifice+1","floor":22},{"not_picked":["hexamod:SpectersWail+1","hexamod:NightmareGuise+1"],"picked":"hexamod:RecurringNightmare+1","floor":23},{"not_picked":["hexamod:Rewind+1","hexamod:GhostLash+1","hexamod:Firestarter+1"],"picked":"hexamod:EmpoweringStance+1","floor":25},{"not_picked":["hexamod:ThermalTransfer+1","hexamod:GhostOfSpireFuture+1","hexamod:RainOfEmbers+1"],"picked":"hexamod:SpectersWail+1","floor":28},{"not_picked":["hexamod:Firestarter+1","hexamod:GhostOfSpirePast+1","hexamod:NightmareGuise+1"],"picked":"hexamod:Hexaguard+1","floor":29},{"not_picked":["hexamod:HauntingEcho+1","hexamod:BacktrackSmack+1","hexamod:GhostOfSpirePast+1"],"picked":"hexamod:EtherealExpedition+1","floor":30},{"not_picked":["hexamod:FourthSeal","hexamod:PhantomCloak+1","hexamod:FastForward+1"],"picked":"hexamod:RecurringNightmare+1","floor":32},{"not_picked":["hexamod:TurnItUp+1","hexamod:ApocalypticArmor+1","hexamod:HexaLevel+1"],"picked":"hexamod:TimeWarp+1","floor":33},{"not_picked":["hexamod:AdvancingGuard+1","hexamod:GhostLash+1","hexamod:FlamesFromBeyond+1"],"picked":"hexamod:GhostOfSpireFuture+1","floor":36},{"not_picked":["hexamod:GhostLash+1","hexamod:BurningTouch+1","hexamod:HauntingEcho+1","hexamod:HeatMetal+1"],"picked":"SKIP","floor":39},{"not_picked":["hexamod:ThermalTransfer+1","hexamod:GhostflameBarrier+1","hexamod:InspiringFlames+1"],"picked":"hexamod:CatchUp+1","floor":42},{"not_picked":["hexamod:HauntingEcho+1","hexamod:NightmareStrike+1","hexamod:SwordOfDarkness+1"],"picked":"hexamod:WildfireWeapon+1","floor":43},{"not_picked":["hexamod:FlamesFromBeyond+1","hexamod:ShieldOfDarkness+1","hexamod:NightmareStrike+1","hexamod:InspiringFlames+1"],"picked":"SKIP","floor":46},{"not_picked":["hexamod:SwordOfDarkness+1","hexamod:Hexaguard+1","hexamod:StepThrough+1","hexamod:RetreatToShadows+1"],"picked":"SKIP","floor":47},{"not_picked":["hexamod:HauntingEcho+1","hexamod:BacktrackSmack+1","hexamod:GhostLash+1"],"picked":"hexamod:RecurringNightmare+1","floor":48},{"not_picked":["hexamod:RadiantFlame+1","hexamod:PhantomCloak+1","hexamod:NightmareGuise+1"],"picked":"hexamod:ParanormalForm+1","floor":49}],"player_experience":960088,"relics_obtained":[{"floor":5,"key":"Letter Opener"},{"floor":7,"key":"Turnip"},{"floor":10,"key":"Gambling Chip"},{"floor":14,"key":"Blue Candle"},{"floor":23,"key":"Question Card"},{"floor":24,"key":"Bottled Lightning"},{"floor":25,"key":"Juzu Bracelet"},{"floor":27,"key":"Necronomicon"},{"floor":29,"key":"Red Mask"},{"floor":30,"key":"Whetstone"},{"floor":41,"key":"Old Coin"},{"floor":42,"key":"Ancient Tea Set"},{"floor":46,"key":"Gremlin Horn"}],"event_choices":[{"damage_healed":0,"gold_gain":0,"player_choice":"Fought Bandits","damage_taken":0,"max_hp_gain":0,"max_hp_loss":0,"event_name":"Masked Bandits","floor":29,"gold_loss":0},{"damage_healed":0,"gold_gain":0,"player_choice":"Ignored","damage_taken":0,"max_hp_gain":0,"max_hp_loss":0,"event_name":"Vampires","floor":31,"gold_loss":0},{"cards_removed":["hexamod:BurningTouch"],"damage_healed":0,"gold_gain":0,"player_choice":"Purged","damage_taken":0,"max_hp_gain":0,"max_hp_loss":0,"event_name":"Purifier","floor":37,"gold_loss":0},{"damage_healed":0,"gold_gain":0,"player_choice":"Got Potions","damage_taken":0,"max_hp_gain":0,"max_hp_loss":0,"event_name":"Lab","floor":40,"gold_loss":0},{"damage_healed":0,"gold_gain":0,"cards_transformed":["hexamod:Defend"],"player_choice":"Transformed","damage_taken":0,"max_hp_gain":0,"max_hp_loss":0,"event_name":"Transmorgrifier","floor":45,"gold_loss":0,"cards_obtained":["hexamod:StepThrough"]}],"is_beta":false,"boss_relics":[{"not_picked":["Coffee Dripper","Runic Dome"],"picked":"Fusion Hammer"},{"not_picked":["Cursed Key","Black Star"],"picked":"hexamod:IceCube"}],"items_purged_floors":[4,21,26,38],"is_endless":false,"potions_floor_spawned":[2,12,15,23,25,29,32,33,39,42,46,47],"ascension_level":1}}