{"host":"v9ordiuf4xzdpttp","time":1608920956,"event":{"mods":["AchievementEnabler","Act Like it!","AlwaysNeverKeys","Aspiration","BaseMod","Better Third Choice","Better Vampires","BetterRewards","Colored Map","Conspire","Dio Mod","Downfall","Energized Spire","Gold Saver","GungeonMod","Hubris","Infinite Spire","Marked Mod","Melee Mod","Minty Spire (QoL Compilation)","Pale of the Ancients","Remove Card Discount Mod","Replay The Spire","SOS???????","Shop Mod","Small Relic Pack","Spicy Shops","StSLib","The Bladedancer","The Bug Knight","The Construct","The Hayseed","The Runesmith","The Servant 0.9.4","The Wild Card","???Mod??????Boss","??????REMEMod"],"gold_per_floor":[161,61,76,76,76,92,150,150,150,168,188,225,244,11,11,155,155,193,376,376,376,376,406,406,406],"floor_reached":24,"playtime":3093,"items_purged":["CoyoteA","Shoot","Shoot","Ghostly","Injury","REME_AllRoundStrike","Attack_b","Honeycombofire","Honeycombofire","REME_AllRoundStrike+1","Swordcombo","Gilgamesh","Weaponchange"],"score":266,"play_id":"cda05ac3-f1ec-47ab-b1d0-25370b322c27","local_time":"20201225132916","is_ascension_mode":false,"campfire_choices":[{"floor":8,"key":"REST"},{"floor":15,"key":"REST"}],"circlet_count":0,"master_deck":["Attack_a","Attack_a","Provocation","Defend_Dante","Defend_Dante","Defend_Dante","Defend_Dante","Redorb","Swordcombo","Gunstinger","Pain","Lucifer","Unrisingdragon+1","LucifercomboB+1","LucifercomboB+1","LucifercomboA+1","Poisoned Strike+1","Dash2","REME_AllRoundStrike+1","Pot Of Greed","Pot Of Greed","infinitespire:FutureSight","Dash2"],"relics":["SSS","Combocheck","REME_ComplimentaryCards","Replay:WaspNest","Molten Egg 2","WarpedTongs","Blue Doll","Fusion Hammer","conspire:TreasureMap","hubris:NiceRug","relicPack:DarknessArmor","DemoMod:WeirdEgg","infinitespire:Golems Mask","Grinning Jar","Cauldron","hubris:Icosahedron","hubris:Towel","DemoMod:GlassGuonStoneRelic","Runesmith:Locket"],"acts_visited":["Exordium","TheCity"],"potions_floor_usage":[11,11,11,11,18,18,19,19,23,23,23],"damage_taken":[{"damage":0,"enemies":"Jaw Worm","floor":1,"turns":1},{"damage":0,"enemies":"2 Louse","floor":3,"turns":1},{"damage":2,"enemies":"Small Slimes","floor":6,"turns":2},{"damage":9,"enemies":"Exordium Thugs","floor":7,"turns":4},{"damage":20,"enemies":"Gremlin Gang","floor":10,"turns":4},{"damage":9,"enemies":"Exordium Wildlife","floor":11,"turns":2},{"damage":26,"enemies":"Gremlin Nob","floor":12,"turns":4},{"damage":0,"enemies":"Large Slime","floor":13,"turns":2},{"damage":38,"enemies":"Fading Forest","floor":16,"turns":11},{"damage":3,"enemies":"Spheric Guardian","floor":18,"turns":2},{"damage":95,"enemies":"hubris:Merchant","floor":19,"turns":6},{"damage":4,"enemies":"HollowMod:Nosk","floor":23,"turns":3},{"damage":2,"enemies":"Shell Parasite","floor":24,"turns":1}],"seed_played":"935153633690683349","potions_obtained":[{"floor":3,"key":"sneckomod:MuddlingPotion"},{"floor":6,"key":"EntropicBrew"},{"floor":13,"key":"Strength Potion"},{"floor":16,"key":"Fire Potion"},{"floor":18,"key":"AttackPotion"},{"floor":19,"key":"SmokeBomb"},{"floor":19,"key":"LifebloodPotion"},{"floor":19,"key":"EssenceOfSteel"},{"floor":19,"key":"Adrenaline Potion"},{"floor":19,"key":"CultistPotion"},{"floor":23,"key":"Dexterity Potion"}],"is_trial":false,"path_per_floor":["M","?","M","?","?","M","M","R","T","M","M","E","M","$","R","B",null,"M","$","?","?","?","E","M"],"character_chosen":"DANTE","items_purchased":["Replay:WaspNest","Swordcombo","CoyoteA","LucifercomboB+1","LucifercomboA+1","Poisoned Strike+1","conspire:TreasureMap","Dash2"],"campfire_rested":2,"item_purchase_floors":[0,0,0,14,14,14,19,19],"current_hp_per_floor":[72,72,72,72,72,70,61,80,80,60,51,25,25,25,49,39,80,77,26,26,6,6,2,0,0],"gold":406,"neow_bonus":"","is_daily":false,"chose_seed":false,"campfire_upgraded":0,"win_rate":0.0,"timestamp":1608920956,"path_taken":["M","?","M","?","?","?","M","R","T","?","M","E","M","$","R","BOSS","M","$","?","?","?","E","M"],"items_purchased_type":["Relic","Card","Card","Card","Card","Card","Relic","Card"],"build_version":"2020-12-22","purchased_purges":13,"victory":false,"max_hp_per_floor":[80,80,80,80,80,80,80,80,80,80,80,80,80,80,80,80,80,80,80,80,80,80,80,80,80],"card_choices":[{"not_picked":["GilgameshcomboA","DevilstarS"],"picked":"Gunstinger","floor":1},{"not_picked":["VitalstarS","Holywater"],"picked":"Honeycombofire","floor":3},{"not_picked":["Kick13+1","Rebellion"],"picked":"Lucifer","floor":6},{"not_picked":["LucifercomboD+1","Swordmaster","VitalstarS"],"picked":"SKIP","floor":7},{"not_picked":["BeastUppercut+1","Hightime"],"picked":"Gilgamesh","floor":10},{"not_picked":["LucifercomboD+1","DevilstarS"],"picked":"Honeycombofire","floor":11},{"not_picked":["GilgameshcomboA+1","Enemystep"],"picked":"Weaponchange","floor":12},{"not_picked":["Millionkick+1","Rebellion"],"picked":"Unrisingdragon+1","floor":13},{"not_picked":["Millionkick+1","Kick13+1","Hightime"],"picked":"SKIP","floor":18},{"not_picked":["LucifercomboD+1"],"picked":"SKIP","floor":19},{"not_picked":["BeastUppercut+1"],"picked":"SKIP","floor":19},{"not_picked":["Greenorb+1"],"picked":"SKIP","floor":19},{"not_picked":["EbonyIvory"],"picked":"SKIP","floor":19},{"not_picked":["expansioncontent:YouAreMine"],"picked":"SKIP","floor":19},{"not_picked":["Poisoned Strike+1"],"picked":"SKIP","floor":19},{"not_picked":["infinitespire:Punishment","infinitespire:TheBestDefense"],"picked":"infinitespire:FutureSight","floor":21},{"not_picked":["Millionkick+1","LucifercomboA+1"],"picked":"Dash2","floor":23}],"player_experience":222688,"relics_obtained":[{"floor":12,"key":"Blue Doll"},{"floor":19,"key":"relicPack:DarknessArmor"},{"floor":19,"key":"DemoMod:WeirdEgg"},{"floor":19,"key":"infinitespire:Golems Mask"},{"floor":19,"key":"Grinning Jar"},{"floor":19,"key":"Cauldron"},{"floor":23,"key":"Runesmith:Locket"}],"event_choices":[{"damage_healed":0,"gold_gain":0,"player_choice":"Argue","damage_taken":0,"max_hp_gain":0,"max_hp_loss":0,"event_name":"conspire:LoneGhost","floor":2,"gold_loss":0},{"damage_healed":0,"gold_gain":0,"player_choice":"Rummage","damage_taken":0,"relics_obtained":["WarpedTongs"],"max_hp_gain":0,"max_hp_loss":0,"event_name":"Accursed Blacksmith","floor":5,"gold_loss":0,"cards_obtained":["Pain"]}],"is_beta":false,"boss_relics":[{"not_picked":["Replay:Grab Bag","hubris:GrandSneckoEye"],"picked":"Fusion Hammer"}],"items_purged_floors":[14,14,14,14,14,14,14,19,19,19,19,19,19],"is_endless":false,"potions_floor_spawned":[3,6,13,16,18,23],"killed_by":"Shell Parasite","ascension_level":0}}