{"host":"03a85bwj0a5skoit","time":1608905679,"event":{"mods":["BaseMod","Block Reminder","Minty Spire (QoL Compilation)","Relic Stats","StSLib"],"gold_per_floor":[115,125,145,145,156,156,167,167,194,209,244,244,278,289,289,365,365,385,52,63,63,83,83,117,117,117,117,117],"floor_reached":27,"playtime":1107,"items_purged":["Strike_P"],"score":640,"play_id":"983b7098-594b-4f8b-9865-c11cbbc19804","local_time":"20201226004439","is_ascension_mode":true,"campfire_choices":[{"data":"Vigilance","floor":6,"key":"SMITH"},{"data":"TalkToTheHand","floor":8,"key":"SMITH"},{"floor":15,"key":"REST"},{"data":"Enlightenment","floor":23,"key":"SMITH"},{"data":"Alpha","floor":25,"key":"SMITH"}],"circlet_count":0,"master_deck":["AscendersBane","Strike_P+1","Strike_P+1","Strike_P+1","Defend_P+1","Defend_P+1","Defend_P+1","Defend_P+1","Eruption","Vigilance+1","TalkToTheHand+1","Wireheading","Swivel","Meditate","CarveReality","Wallop","DeusExMachina","WheelKick","Alpha+1","WaveOfTheHand","Enlightenment+1","ReachHeaven","Establishment","Normality"],"relics":["Snecko Eye","Nunchaku","Orichalcum","Ancient Tea Set","Cursed Key","Happy Flower","Dream Catcher","Sundial"],"acts_visited":["Exordium","TheCity"],"potions_floor_usage":[5,5,5,11,20],"damage_taken":[{"damage":17,"enemies":"Small Slimes","floor":1,"turns":3},{"damage":3,"enemies":"2 Louse","floor":2,"turns":3},{"damage":2,"enemies":"Jaw Worm","floor":3,"turns":4},{"damage":4,"enemies":"Lots of Slimes","floor":5,"turns":3},{"damage":0,"enemies":"2 Fungi Beasts","floor":7,"turns":4},{"damage":0,"enemies":"Exordium Thugs","floor":10,"turns":4},{"damage":15,"enemies":"3 Sentries","floor":11,"turns":3},{"damage":8,"enemies":"Lagavulin","floor":13,"turns":5},{"damage":2,"enemies":"3 Louse","floor":14,"turns":3},{"damage":0,"enemies":"Slime Boss","floor":16,"turns":3},{"damage":1,"enemies":"Chosen","floor":18,"turns":4},{"damage":10,"enemies":"2 Thieves","floor":20,"turns":3},{"damage":7,"enemies":"Snake Plant","floor":22,"turns":3},{"damage":0,"enemies":"Gremlin Leader","floor":24,"turns":5},{"damage":51,"enemies":"Slavers","floor":27,"turns":3}],"seed_played":"5381119022914123478","potions_obtained":[{"floor":1,"key":"EntropicBrew"},{"floor":2,"key":"Energy Potion"},{"floor":3,"key":"AttackPotion"},{"floor":10,"key":"ColorlessPotion"},{"floor":18,"key":"LiquidMemories"},{"floor":20,"key":"Strength Potion"}],"is_trial":false,"path_per_floor":["M","M","M","$","M","R","M","R","T","M","E","?","E","M","R","B",null,"M","$","M","?","M","R","E","R","T","E"],"character_chosen":"WATCHER","items_purchased":["Enlightenment","Happy Flower"],"campfire_rested":1,"item_purchase_floors":[19,19],"current_hp_per_floor":[44,41,39,39,35,35,35,35,35,35,20,20,12,10,30,30,59,58,58,48,48,41,41,41,41,41,0,0],"gold":117,"neow_bonus":"BOSS_RELIC","is_daily":false,"chose_seed":false,"campfire_upgraded":4,"win_rate":0.0,"timestamp":1608905679,"path_taken":["M","M","M","$","M","R","M","R","T","M","E","?","E","M","R","BOSS","M","$","M","?","M","R","E","R","T","E"],"items_purchased_type":["Card","Relic"],"build_version":"2020-12-22","purchased_purges":1,"victory":false,"max_hp_per_floor":[68,68,68,68,68,68,68,68,68,68,68,68,68,68,68,68,68,68,68,68,68,68,68,68,68,68,68,68],"relic_stats":{"Nunchaku":[7],"Dream Catcher":0,"Happy Flower":[4],"counters":[15,53],"Sundial":[0],"Snecko Eye":[89,108,81,76],"Orichalcum":[48],"Cursed Key":1,"obtain_stats":[{"Nunchaku":9,"Dream Catcher":24,"Happy Flower":19,"Sundial":26,"Snecko Eye":0,"PureWater":0,"Orichalcum":11,"Ancient Tea Set":13,"Cursed Key":17},{"Nunchaku":5,"Dream Catcher":14,"Happy Flower":11,"Sundial":14,"Snecko Eye":0,"PureWater":0,"Orichalcum":7,"Ancient Tea Set":8,"Cursed Key":10},{"Nunchaku":17,"Dream Catcher":50,"Happy Flower":39,"Sundial":50,"Snecko Eye":0,"PureWater":0,"Orichalcum":24,"Ancient Tea Set":29,"Cursed Key":35}]},"card_choices":[{"not_picked":["Perseverance","MentalFortress"],"picked":"TalkToTheHand","floor":1},{"not_picked":["ThirdEye","Study"],"picked":"Wireheading","floor":2},{"not_picked":["ThirdEye","EmptyMind"],"picked":"Swivel","floor":3},{"not_picked":["EmptyFist","EmptyBody"],"picked":"Meditate","floor":5},{"not_picked":["CrushJoints","Study","SashWhip"],"picked":"SKIP","floor":7},{"not_picked":["ForeignInfluence","CutThroughFate"],"picked":"CarveReality","floor":10},{"not_picked":["WreathOfFlame","Pray"],"picked":"Wallop","floor":11},{"not_picked":["ThirdEye","Wireheading"],"picked":"DeusExMachina","floor":13},{"not_picked":["FlyingSleeves","Nirvana"],"picked":"WheelKick","floor":14},{"not_picked":["Vault","LessonLearned"],"picked":"Alpha","floor":16},{"not_picked":["Crescendo","ClearTheMind"],"picked":"WaveOfTheHand","floor":18},{"not_picked":["SashWhip","FlyingSleeves","BowlingBash"],"picked":"SKIP","floor":20},{"not_picked":["FlurryOfBlows+1","Evaluate"],"picked":"ReachHeaven","floor":22},{"not_picked":["JustLucky","Prostrate"],"picked":"Establishment","floor":24}],"player_experience":2307871,"relics_obtained":[{"floor":9,"key":"Nunchaku"},{"floor":11,"key":"Orichalcum"},{"floor":13,"key":"Ancient Tea Set"},{"floor":24,"key":"Dream Catcher"},{"floor":26,"key":"Sundial"}],"event_choices":[{"damage_healed":0,"gold_gain":0,"player_choice":"Ignored","damage_taken":0,"max_hp_gain":0,"max_hp_loss":0,"event_name":"Shining Light","floor":12,"gold_loss":0},{"damage_healed":0,"gold_gain":0,"player_choice":"Simplicity","damage_taken":0,"max_hp_gain":0,"max_hp_loss":0,"event_name":"Back to Basics","floor":21,"gold_loss":0,"cards_upgraded":["Strike_P","Strike_P","Strike_P","Defend_P","Defend_P","Defend_P","Defend_P"]}],"is_beta":false,"boss_relics":[{"not_picked":["Astrolabe","VioletLotus"],"picked":"Cursed Key"}],"items_purged_floors":[19],"is_endless":false,"potions_floor_spawned":[1,2,3,10,18,20],"killed_by":"Slavers","ascension_level":20}}