{"host":"baymyijz6sxaqj5s","time":1608890828,"event":{"mods":["AchievementEnabler","BaseMod","Colored Map","Colored Powertips","DeckTracker","KOR Keyword Fix","Keyboard Shortcuts","Minty Spire (QoL Compilation)","Quick Restart","StSLib","SuperFastMode"],"gold_per_floor":[112,129,129,139,139,139,214,214,286,286,286,286,296,92,92,189,239,252,252,238,33,51,51,63,63,63],"floor_reached":25,"playtime":662,"items_purged":[],"score":246,"play_id":"9dfdc894-c292-4925-b741-e8ba5bb08307","local_time":"20201225190708","is_ascension_mode":true,"campfire_choices":[{"data":"Flame Barrier","floor":6,"key":"SMITH"},{"data":"Spot Weakness","floor":8,"key":"SMITH"},{"data":"Limit Break","floor":15,"key":"SMITH"},{"data":"Body Slam","floor":23,"key":"SMITH"}],"circlet_count":0,"master_deck":["Strike_R","Strike_R","Strike_R+1","Strike_R","Strike_R","Defend_R","Defend_R","Defend_R","Defend_R","Bash","Spot Weakness+1","Flame Barrier+1","Armaments","Shrug It Off","Limit Break+1","Impervious","Sword Boomerang","Body Slam+1","Thunderclap","Barricade","Heavy Blade","Body Slam"],"relics":["Burning Blood","Eternal Feather","Kunai","Tiny House","MutagenicStrength"],"acts_visited":["Exordium","TheCity"],"potions_floor_usage":[10,16,20,22],"damage_taken":[{"damage":1,"enemies":"Cultist","floor":1,"turns":3},{"damage":7,"enemies":"Small Slimes","floor":2,"turns":3},{"damage":9,"enemies":"2 Louse","floor":4,"turns":5},{"damage":0,"enemies":"Lagavulin","floor":10,"turns":1},{"damage":1,"enemies":"Looter","floor":13,"turns":4},{"damage":46,"enemies":"Hexaghost","floor":16,"turns":9},{"damage":9,"enemies":"3 Byrds","floor":18,"turns":6},{"damage":23,"enemies":"2 Thieves","floor":20,"turns":4},{"damage":31,"enemies":"Chosen and Byrds","floor":22,"turns":8},{"damage":14,"enemies":"Snecko","floor":24,"turns":8},{"damage":79,"enemies":"Book of Stabbing","floor":25,"turns":7}],"seed_played":"-3913148403702943354","potions_obtained":[{"floor":1,"key":"SmokeBomb"},{"floor":13,"key":"Energy Potion"},{"floor":17,"key":"BloodPotion"},{"floor":18,"key":"SpeedPotion"},{"floor":24,"key":"ElixirPotion"}],"is_trial":false,"path_per_floor":["M","M","?","M","$","R","?","R","T","E","?","T","M","$","R","B",null,"M","?","M","$","M","R","M","E"],"character_chosen":"IRONCLAD","items_purchased":["Shrug It Off","Limit Break","Barricade","Heavy Blade"],"campfire_rested":0,"item_purchase_floors":[14,14,21,21],"current_hp_per_floor":[88,87,87,84,84,84,73,73,73,79,84,84,89,89,93,53,98,95,95,78,78,72,84,76,0,0],"gold":63,"neow_bonus":"TEN_PERCENT_HP_BONUS","is_daily":false,"chose_seed":false,"campfire_upgraded":4,"win_rate":0.0,"timestamp":1608890828,"path_taken":["M","M","?","M","$","R","?","R","T","E","?","?","M","?","R","BOSS","M","?","M","$","M","R","M","E"],"items_purchased_type":["Card","Card","Card","Card"],"build_version":"2020-12-22","purchased_purges":0,"victory":false,"max_hp_per_floor":[88,88,88,88,88,88,88,88,88,88,93,93,93,93,93,93,98,98,98,98,98,98,98,98,98,98],"card_choices":[{"not_picked":["Battle Trance","Armaments"],"picked":"Spot Weakness","floor":1},{"not_picked":["Evolve","Spot Weakness","Clothesline"],"picked":"SKIP","floor":2},{"not_picked":["Power Through","Rupture"],"picked":"Flame Barrier","floor":4},{"not_picked":["Headbutt","Dropkick"],"picked":"Armaments","floor":13},{"not_picked":["Feed","Bludgeon"],"picked":"Impervious","floor":16},{"not_picked":["Pommel Strike","Battle Trance"],"picked":"Sword Boomerang","floor":17},{"not_picked":["Twin Strike","Uppercut"],"picked":"Body Slam","floor":18},{"not_picked":["Evolve","Iron Wave"],"picked":"Thunderclap","floor":20},{"not_picked":["True Grit+1","Dropkick","Headbutt+1"],"picked":"SKIP","floor":22},{"not_picked":["Headbutt","Sword Boomerang"],"picked":"Body Slam","floor":24}],"player_experience":241685,"relics_obtained":[{"floor":9,"key":"Eternal Feather"},{"floor":12,"key":"Kunai"}],"event_choices":[{"damage_healed":0,"gold_gain":0,"player_choice":"Ignored","damage_taken":0,"max_hp_gain":0,"max_hp_loss":0,"event_name":"Liars Game","floor":3,"gold_loss":0},{"damage_healed":0,"gold_gain":75,"player_choice":"Gather Gold","damage_taken":11,"max_hp_gain":0,"max_hp_loss":0,"event_name":"World of Goop","floor":7,"gold_loss":0},{"damage_healed":0,"gold_gain":0,"player_choice":"Donut","damage_taken":0,"max_hp_gain":5,"max_hp_loss":0,"event_name":"Big Fish","floor":11,"gold_loss":0},{"damage_healed":0,"gold_gain":0,"player_choice":"Inject Mutagens","damage_taken":0,"relics_obtained":["MutagenicStrength"],"max_hp_gain":0,"max_hp_loss":0,"event_name":"Drug Dealer","floor":19,"gold_loss":0}],"is_beta":false,"boss_relics":[{"not_picked":["Snecko Eye","Runic Dome"],"picked":"Tiny House"}],"items_purged_floors":[],"is_endless":false,"potions_floor_spawned":[1,10,13,18,24],"killed_by":"Book of Stabbing","ascension_level":2}}