{"host":"e40jm352kjzixotw","time":1608924415,"event":{"mods":["Arknights The Spire","BaseMod","Better Altar","BetterRewards","Colored Map","Colored Powertips","DeckTracker","Dota2Spire","Minty Spire (QoL Compilation)","Rare Cards Sparkle","Relic Stats","Shade Mod","StSLib","The Animator","TheSwordswoman"],"gold_per_floor":[116,136,136,153,78,78,78],"floor_reached":6,"playtime":301,"items_purged":["ats:Strike S"],"score":36,"play_id":"f2bfd7da-230b-4bed-9fa7-d3c62b38d979","local_time":"20201225202655","is_ascension_mode":false,"campfire_choices":[],"circlet_count":0,"master_deck":["ats:Strike C","ats:Strike G","ats:Strike V+1","ats:Armor Crushing Shot","ats:Defend+1","ats:Defend","ats:Defend","ats:Defend","ats:Emotion Absorption","ats:Soul Absorption","ats:Revitalization","ats:Very Hot Blade"],"relics":["ats:Sanity"],"acts_visited":["Exordium"],"potions_floor_usage":[4],"damage_taken":[{"damage":11,"enemies":"Cultist","floor":1,"turns":5},{"damage":11,"enemies":"2 Louse","floor":2,"turns":4},{"damage":0,"enemies":"Small Slimes","floor":4,"turns":2},{"damage":56,"enemies":"3 Sentries","floor":6,"turns":8}],"seed_played":"1993981638781217617","potions_obtained":[{"floor":2,"key":"Explosive Potion"}],"is_trial":false,"path_per_floor":["M","M","?","M","$","E"],"character_chosen":"DOCTOR_CLASS","items_purchased":[],"campfire_rested":0,"item_purchase_floors":[],"current_hp_per_floor":[61,53,39,41,41,0,0],"gold":78,"neow_bonus":"THREE_CARDS","is_daily":false,"chose_seed":false,"campfire_upgraded":0,"win_rate":0.0,"timestamp":1608924415,"path_taken":["M","M","?","M","$","E"],"items_purchased_type":[],"build_version":"2020-12-22","purchased_purges":1,"victory":false,"max_hp_per_floor":[72,72,72,72,72,72,72],"relic_stats":{"counters":[4,19],"obtain_stats":[{"ats:Sanity":0},{"ats:Sanity":0},{"ats:Sanity":0}]},"card_choices":[{"not_picked":["ats:Shell Defense","ats:Poison Spread"],"picked":"ats:Soul Absorption","floor":0},{"not_picked":["ats:Cat Scratch","ats:Shell Defense"],"picked":"ats:Revitalization","floor":1},{"not_picked":["ats:Revitalization","ats:Counter Healing Mode"],"picked":"ats:Very Hot Blade","floor":2},{"not_picked":["ats:Leaping Hammer","ats:Flexible Camouflage","ats:Beaten Up"],"picked":"SKIP","floor":4}],"player_experience":1162241,"relics_obtained":[],"event_choices":[{"damage_healed":0,"gold_gain":0,"player_choice":"Entered Light","damage_taken":14,"max_hp_gain":0,"max_hp_loss":0,"event_name":"Shining Light","floor":3,"gold_loss":0,"cards_upgraded":["ats:Defend","ats:Strike V"]}],"is_beta":false,"boss_relics":[],"items_purged_floors":[5],"is_endless":false,"potions_floor_spawned":[2],"killed_by":"3 Sentries","ascension_level":0}}