{"host":"ocy7z4248lncoz2b","time":1608858976,"event":{"mods":["BaseMod","Beaked The Cultist","Bestiary","Better Match","Better Sensory Stone","Better Third Choice","BetterRewards","Clockwork Mod","Colored Map","Colored Powertips","Conspire","Curses Come First","Downfall","Friendly Minions","Gremlin Mod","Highlight Path","Hubris","Infinite Spire","Jorbs\u0027s Wanderer Trilogy","Marisa????????","Mimic Mod","Minty Spire (QoL Compilation)","READ ME - Guardian Mod","Rare Cards Sparkle","Replay The Spire","Shop Mod","Spicy Shops","Spikes Relics","StSLib","SuperFastMode","The Administrix","The Blue Laboratory","The Construct","The Jungle","The Servant 0.9.4","The Wild Card","WarShipGirlsR/????R mod"],"gold_per_floor":[99,116,116,116,134,30,30,30,30,46,72,84,84,96,114,114,114],"floor_reached":16,"playtime":865,"items_purged":[],"score":102,"play_id":"c40abdfe-a3b6-4c29-a19c-0cfa5e229c39","local_time":"20201225101616","is_ascension_mode":false,"campfire_choices":[{"data":"construct:CreateCores+1","floor":13,"key":"SMITH"}],"circlet_count":0,"master_deck":["construct:Strike_Gold","construct:Strike_Gold","construct:Strike_Gold","construct:Strike_Gold","construct:Strike_Gold","construct:Defend_Gold","construct:Defend_Gold","construct:Defend_Gold","construct:Defend_Gold","construct:Defend_Gold","construct:DefenseMode","construct:CreateCores+2","construct:Versatility","construct:Afterburners","construct:Autoturret","construct:SaveState","construct:FlameCore+1","construct:ScrapCannon","construct:SpinDrive","construct:Tumble","construct:Hazardproof","construct:Rollout"],"relics":["construct:ClockworkPhoenix","downfall:BrokenWingStatue","BlackRope","Ring of Fangs","Ring of Peace","hubris:BottledRain"],"acts_visited":["Exordium"],"potions_floor_usage":[16],"damage_taken":[{"damage":1,"enemies":"Jaw Worm","floor":2,"turns":3},{"damage":5,"enemies":"Small Slimes","floor":5,"turns":3},{"damage":10,"enemies":"downfall:FleeingMerchant","floor":6,"turns":4},{"damage":2,"enemies":"2 Louse","floor":10,"turns":3},{"damage":18,"enemies":"Lagavulin","floor":11,"turns":9},{"damage":4,"enemies":"2 Fungi Beasts","floor":12,"turns":5},{"damage":12,"enemies":"Exordium Wildlife","floor":14,"turns":5},{"damage":3,"enemies":"Large Slime","floor":15,"turns":6},{"damage":35,"enemies":"downfall:Defect","floor":16,"turns":5}],"seed_played":"265852946384053528","potions_obtained":[{"floor":10,"key":"Milkshake"},{"floor":12,"key":"Slimebound:ThreeZeroPotion"},{"floor":15,"key":"blueLaboratory:BottledHope"}],"is_trial":false,"path_per_floor":["R_BF","M","?","?","M","$","T","?","?","M","E","M","R","M","M","B"],"character_chosen":"THE_CONSTRUCT_MOD","items_purchased":["construct:Autoturret","construct:SaveState"],"campfire_rested":0,"item_purchase_floors":[6,6],"current_hp_per_floor":[85,84,84,84,79,69,69,69,69,67,49,45,45,33,30,0,0],"gold":114,"neow_bonus":"THREE_CARDS","is_daily":false,"chose_seed":false,"campfire_upgraded":1,"win_rate":0.0,"timestamp":1608858976,"path_taken":["R_BF","M","?","?","M","$","T","?","?","M","E","M","R","M","M","BOSS"],"items_purchased_type":["Card","Card"],"build_version":"2020-12-22","purchased_purges":0,"victory":false,"max_hp_per_floor":[85,85,85,85,85,85,85,85,85,85,85,85,85,85,85,85,85],"card_choices":[{"not_picked":["construct:Autoturret","construct:ShiftStrike"],"picked":"construct:CreateCores","floor":0},{"not_picked":["construct:ClusterMines","construct:SuppressiveFire"],"picked":"construct:Versatility","floor":2},{"not_picked":["construct:MoltenSmash","construct:PhosphorStorm","construct:Anticipate"],"picked":"SKIP","floor":5},{"not_picked":["construct:SyphonStrike","construct:ForceCore"],"picked":"construct:Afterburners","floor":6},{"not_picked":["construct:Boost","construct:FocusedBeam"],"picked":"construct:ScrapCannon","floor":10},{"not_picked":["construct:Tumble","construct:SaveState"],"picked":"construct:SpinDrive","floor":11},{"not_picked":["construct:Analyze","construct:FierceBash"],"picked":"construct:Tumble","floor":12},{"not_picked":["construct:ShiftGuard","construct:SaveState"],"picked":"construct:Hazardproof","floor":14},{"not_picked":["construct:Accumulate","construct:Anticipate"],"picked":"construct:Rollout","floor":15}],"player_experience":305024,"relics_obtained":[{"floor":7,"key":"BlackRope"},{"floor":8,"key":"Ring of Fangs"},{"floor":8,"key":"Ring of Peace"},{"floor":11,"key":"hubris:BottledRain"}],"event_choices":[],"is_beta":false,"boss_relics":[],"items_purged_floors":[],"is_endless":false,"potions_floor_spawned":[10,12,15],"killed_by":"downfall:Defect","ascension_level":0}}