{"host":"bg8va46pgqgvtzim","time":1608910908,"event":{"mods":["BaseMod","Minty Spire (QoL Compilation)","Quick Restart","StSLib","SuperFastMode"],"gold_per_floor":[11,56,56,76,89,89,123,140,165,196,196,227,245,258,258,357,357,377,389,407,418,190,219,236,268,293,293,321,221,236,282,282,383,383,394,414,426,443,454,485,500,527,527,545,545,563,131,143,143,143,143,143,44,70,70,70],"floor_reached":55,"playtime":1450,"items_purged":["Strike_P+1","Strike_P+1","Defend_P+1"],"score":1015,"play_id":"6eb88cd6-b616-4d2d-be3a-5ea45f9a8e02","local_time":"20201225234148","is_ascension_mode":true,"campfire_choices":[{"data":"Eruption","floor":6.0,"key":"SMITH"},{"data":"FlurryOfBlows","floor":11.0,"key":"SMITH"},{"data":"Vengeance","floor":15.0,"key":"SMITH"},{"floor":32.0,"key":"REST"},{"floor":45.0,"key":"RECALL"},{"floor":49.0,"key":"REST"},{"floor":52.0,"key":"REST"}],"circlet_count":0,"master_deck":["Strike_P+1","Defend_P+1","Defend_P+1","Eruption+1","Vigilance+1","BattleHymn+1","BowlingBash+1","FearNoEvil+1","FlurryOfBlows+1","LessonLearned+1","Vengeance+1","MasterReality+1","Adaptation+1","Adaptation+1","Collect+1","Prostrate+1","Vault+1","Crescendo+1","SpiritShield+1","MentalFortress+1","Prostrate+1"],"relics":["PureWater","MealTicket","Centennial Puzzle","Happy Flower","Pen Nib","Molten Egg 2","SlaversCollar","Lantern","Ancient Tea Set","Anchor","Orichalcum","MutagenicStrength","FossilizedHelix","VioletLotus","Ginger","Blood Vial","Regal Pillow","Calipers","Turnip"],"acts_visited":["Exordium","TheCity","TheBeyond","TheEnding"],"potions_floor_usage":[55,55,55,55,55],"damage_taken":[{"damage":0.0,"enemies":"Cultist","floor":1.0,"turns":4.0},{"damage":0.0,"enemies":"Small Slimes","floor":4.0,"turns":2.0},{"damage":6.0,"enemies":"Jaw Worm","floor":5.0,"turns":3.0},{"damage":0.0,"enemies":"Lagavulin","floor":7.0,"turns":4.0},{"damage":1.0,"enemies":"Exordium Wildlife","floor":8.0,"turns":2.0},{"damage":6.0,"enemies":"Gremlin Nob","floor":10.0,"turns":4.0},{"damage":0.0,"enemies":"Lagavulin","floor":12.0,"turns":3.0},{"damage":3.0,"enemies":"Lots of Slimes","floor":13.0,"turns":3.0},{"damage":0.0,"enemies":"Gremlin Gang","floor":14.0,"turns":2.0},{"damage":0.0,"enemies":"Slime Boss","floor":16.0,"turns":5.0},{"damage":6.0,"enemies":"Chosen","floor":18.0,"turns":4.0},{"damage":2.0,"enemies":"3 Byrds","floor":19.0,"turns":3.0},{"damage":0.0,"enemies":"Centurion and Healer","floor":20.0,"turns":3.0},{"damage":3.0,"enemies":"Chosen and Byrds","floor":21.0,"turns":4.0},{"damage":16.0,"enemies":"Slavers","floor":23.0,"turns":3.0},{"damage":5.0,"enemies":"Snake Plant","floor":24.0,"turns":4.0},{"damage":10.0,"enemies":"Gremlin Leader","floor":25.0,"turns":3.0},{"damage":22.0,"enemies":"Slavers","floor":28.0,"turns":3.0},{"damage":0.0,"enemies":"Cultist and Chosen","floor":30.0,"turns":2.0},{"damage":0.0,"enemies":"Automaton","floor":33.0,"turns":4.0},{"damage":0.0,"enemies":"Orb Walker","floor":35.0,"turns":3.0},{"damage":0.0,"enemies":"3 Darklings","floor":36.0,"turns":4.0},{"damage":3.0,"enemies":"Writhing Mass","floor":37.0,"turns":6.0},{"damage":0.0,"enemies":"4 Shapes","floor":38.0,"turns":4.0},{"damage":0.0,"enemies":"Jaw Worm Horde","floor":39.0,"turns":3.0},{"damage":0.0,"enemies":"Reptomancer","floor":40.0,"turns":3.0},{"damage":0.0,"enemies":"3 Darklings","floor":41.0,"turns":3.0},{"damage":0.0,"enemies":"Giant Head","floor":42.0,"turns":7.0},{"damage":0.0,"enemies":"Spire Growth","floor":44.0,"turns":3.0},{"damage":13.0,"enemies":"Jaw Worm Horde","floor":46.0,"turns":4.0},{"damage":0.0,"enemies":"Maw","floor":48.0,"turns":5.0},{"damage":42.0,"enemies":"Awakened One","floor":50.0,"turns":9.0},{"damage":38.0,"enemies":"Shield and Spear","floor":54.0,"turns":6.0},{"damage":36,"enemies":"The Heart","floor":55,"turns":2}],"seed_played":"-4147222504235456057","potions_obtained":[{"floor":5.0,"key":"LiquidMemories"},{"floor":8.0,"key":"BottledMiracle"},{"floor":13.0,"key":"Dexterity Potion"},{"floor":14.0,"key":"SkillPotion"},{"floor":16.0,"key":"EssenceOfSteel"},{"floor":19.0,"key":"AttackPotion"},{"floor":23.0,"key":"EssenceOfSteel"},{"floor":24.0,"key":"AttackPotion"},{"floor":28.0,"key":"PowerPotion"},{"floor":36.0,"key":"DuplicationPotion"},{"floor":37.0,"key":"Block Potion"},{"floor":39.0,"key":"Swift Potion"},{"floor":46.0,"key":"LiquidBronze"}],"is_trial":false,"path_per_floor":["M","T","?","M","M","R","E","M","T","E","R","E","M","M","R","B",null,"M","M","M","M","$","E","M","E","T","?","E","$","M","T","R","B",null,"M","M","M","M","M","E","M","E","T","M","R","M","$","M","R","B",null,"R","$","E","B"],"character_chosen":"WATCHER","items_purchased":["Lantern","Calipers","EntropicBrew"],"campfire_rested":3,"item_purchase_floors":[22,47,53],"current_hp_per_floor":[72,72,72,72,66,66,66,65,65,59,59,59,56,56,56,56,72,66,64,64,61,72,56,51,41,41,41,19,34,34,34,55,55,72,72,72,69,69,69,69,69,69,69,71,71,59,72,72,72,30,72,72,72,34,0,0],"gold":70,"neow_bonus":"REMOVE_TWO","is_daily":false,"chose_seed":false,"campfire_upgraded":3,"win_rate":0.0,"timestamp":1608910908,"path_taken":["M","?","?","M","M","R","E","M","T","E","R","E","?","M","R","BOSS","M","M","M","M","$","E","?","E","T","?","E","$","M","?","R","BOSS","M","M","?","?","M","E","M","E","T","M","R","M","$","M","R","BOSS","R","$","E","BOSS"],"items_purchased_type":["Relic","Relic","Potion"],"build_version":"2020-12-22","purchased_purges":3,"victory":false,"max_hp_per_floor":[72,72,72,72,72,72,72,72,72,72,72,72,72,72,72,72,72,72,72,72,72,72,72,72,72,72,72,72,72,72,72,72,72,72,72,72,72,72,72,72,72,72,72,72,72,72,72,72,72,72,72,72,72,72,72,72],"card_choices":[{"not_picked":["SashWhip","WaveOfTheHand"],"picked":"BattleHymn","floor":1.0},{"not_picked":["WreathOfFlame","ClearTheMind"],"picked":"BowlingBash","floor":4.0},{"not_picked":["Halt","Evaluate","Weave"],"picked":"SKIP","floor":5.0},{"not_picked":["SashWhip","EmptyBody","WaveOfTheHand"],"picked":"SKIP","floor":7.0},{"not_picked":["SashWhip","EmptyBody"],"picked":"FearNoEvil","floor":8.0},{"not_picked":["BowlingBash","EmptyFist"],"picked":"FlurryOfBlows","floor":10.0},{"not_picked":["LikeWater","ReachHeaven+1"],"picked":"LessonLearned+1","floor":12.0},{"not_picked":["BowlingBash+1","EmptyBody"],"picked":"Vengeance","floor":13.0},{"not_picked":["Evaluate","JustLucky+1","WindmillStrike+1"],"picked":"SKIP","floor":14.0},{"not_picked":["DevaForm","DeusExMachina"],"picked":"MasterReality","floor":16.0},{"not_picked":["Evaluate","EmptyBody+1","SashWhip+1"],"picked":"SKIP","floor":18.0},{"not_picked":["FollowUp+1","EmptyFist+1"],"picked":"Adaptation+1","floor":19.0},{"not_picked":["EmptyBody","EmptyFist+1"],"picked":"Adaptation","floor":20.0},{"not_picked":["Weave+1","Halt","JustLucky+1"],"picked":"SKIP","floor":21.0},{"not_picked":["CutThroughFate+1","Weave+1","EmptyFist+1"],"picked":"SKIP","floor":23.0},{"not_picked":["Protect","Crescendo","FlurryOfBlows+1"],"picked":"SKIP","floor":24.0},{"not_picked":["Conclude+1","Worship","Alpha"],"picked":"SKIP","floor":25.0},{"not_picked":["SashWhip+1","WaveOfTheHand"],"picked":"Collect","floor":28.0},{"not_picked":["SashWhip+1","CrushJoints+1"],"picked":"Prostrate+1","floor":30.0},{"not_picked":["Devotion","LessonLearned+1"],"picked":"Vault","floor":33.0},{"not_picked":["DeceiveReality","JustLucky+1","FlurryOfBlows+1"],"picked":"SKIP","floor":35.0},{"not_picked":["BattleHymn+1","FlyingSleeves+1","EmptyBody+1"],"picked":"SKIP","floor":36.0},{"not_picked":["EmptyFist+1","EmptyBody","Protect+1"],"picked":"SKIP","floor":37.0},{"not_picked":["Meditate+1","ThirdEye+1"],"picked":"Crescendo","floor":38.0},{"not_picked":["ForeignInfluence+1","JustLucky+1"],"picked":"SpiritShield","floor":39.0},{"not_picked":["EmptyMind","Prostrate"],"picked":"MentalFortress+1","floor":40.0},{"not_picked":["WheelKick+1","SandsOfTime+1","JustLucky+1"],"picked":"SKIP","floor":41.0},{"not_picked":["JustLucky+1","Ragnarok+1"],"picked":"Prostrate","floor":42.0},{"not_picked":["FlurryOfBlows+1","ThirdEye","Crescendo"],"picked":"SKIP","floor":44.0},{"not_picked":["Vengeance","PathToVictory+1","Prostrate"],"picked":"SKIP","floor":46.0},{"not_picked":["Nirvana","BattleHymn+1","FearNoEvil+1"],"picked":"SKIP","floor":48.0},{"not_picked":["LikeWater+1","EmptyBody","ForeignInfluence"],"picked":"SKIP","floor":54.0}],"player_experience":2157242,"relics_obtained":[{"floor":2.0,"key":"MealTicket"},{"floor":7.0,"key":"Centennial Puzzle"},{"floor":9.0,"key":"Happy Flower"},{"floor":10.0,"key":"Pen Nib"},{"floor":12.0,"key":"Molten Egg 2"},{"floor":23.0,"key":"Ancient Tea Set"},{"floor":25.0,"key":"Anchor"},{"floor":26.0,"key":"Orichalcum"},{"floor":28.0,"key":"FossilizedHelix"},{"floor":40.0,"key":"Ginger"},{"floor":42.0,"key":"Blood Vial"},{"floor":43.0,"key":"Regal Pillow"},{"floor":54.0,"key":"Turnip"}],"event_choices":[{"damage_healed":0.0,"max_hp_gain":0.0,"max_hp_loss":0.0,"gold_gain":0.0,"event_name":"The Woman in Blue","player_choice":"Bought 0 Potions","floor":3.0,"gold_loss":0.0,"damage_taken":0.0},{"damage_healed":0.0,"max_hp_gain":0.0,"max_hp_loss":0.0,"gold_gain":0.0,"event_name":"Drug Dealer","player_choice":"Inject Mutagens","floor":27.0,"gold_loss":0.0,"damage_taken":0.0,"relics_obtained":["MutagenicStrength"]}],"is_beta":false,"boss_relics":[{"not_picked":["Sozu","Calling Bell"],"picked":"SlaversCollar"},{"not_picked":["Cursed Key","Philosopher\u0027s Stone"],"picked":"VioletLotus"}],"items_purged_floors":[22,29,47],"is_endless":false,"potions_floor_spawned":[5,8,13,14,16,19,23,24,28,36,37,39,42,46],"killed_by":"The Heart","ascension_level":1}}