{"host":"j06fkfseroga8i8e","time":1608911807,"event":{"mods":["BaseMod","Bestiary","Colored Map","Colored Powertips","Minty Spire (QoL Compilation)","Relic Stats","StSLib","everything is the same but u backflip on backflip"],"gold_per_floor":[116,291,291,304,304,304,336,348,413,440,452,480,502,477,489,501,501],"floor_reached":16,"playtime":221,"items_purged":[],"score":200,"play_id":"fb5cb5c0-588b-4646-9220-046519e45817","local_time":"20201225105647","is_ascension_mode":true,"campfire_choices":[{"data":"Genetic Algorithm","floor":6,"key":"SMITH"},{"data":"White Noise","floor":8,"key":"SMITH"},{"data":"Zap","floor":11,"key":"SMITH"},{"floor":15,"key":"REST"}],"circlet_count":0,"master_deck":["AscendersBane","Strike_B","Strike_B","Strike_B","Strike_B","Defend_B","Defend_B","Defend_B","Defend_B","Zap+1","Dualcast","Genetic Algorithm+1","Doubt","White Noise+1","Self Repair+1","Melter","Beam Cell","Static Discharge+1"],"relics":["Cracked Core","NeowsBlessing","Frozen Egg 2","MawBank","Smiling Mask"],"acts_visited":["Exordium"],"potions_floor_usage":[],"damage_taken":[{"damage":0,"enemies":"Small Slimes","floor":1,"turns":1},{"damage":0,"enemies":"2 Louse","floor":4,"turns":1},{"damage":0,"enemies":"3 Sentries","floor":7,"turns":1},{"damage":22,"enemies":"Jaw Worm","floor":10,"turns":5},{"damage":27,"enemies":"Large Slime","floor":12,"turns":5},{"damage":15,"enemies":"Gremlin Gang","floor":13,"turns":4},{"damage":52,"enemies":"The Guardian","floor":16,"turns":5}],"seed_played":"-7176794814636455579","potions_obtained":[{"floor":1,"key":"LiquidMemories"},{"floor":5,"key":"SteroidPotion"},{"floor":7,"key":"EntropicBrew"}],"is_trial":false,"path_per_floor":["M","?","?","M","?","R","E","R","T","M","R","M","M","?","R","B"],"character_chosen":"DEFECT","items_purchased":[],"campfire_rested":1,"item_purchase_floors":[],"current_hp_per_floor":[68,68,61,61,61,61,61,61,61,49,49,32,27,27,49,0,0],"gold":501,"neow_bonus":"THREE_ENEMY_KILL","is_daily":false,"chose_seed":false,"campfire_upgraded":3,"win_rate":0.0,"timestamp":1608911807,"path_taken":["M","?","?","?","?","R","E","R","T","?","R","M","M","?","R","BOSS"],"items_purchased_type":[],"build_version":"2020-12-22","purchased_purges":0,"victory":false,"max_hp_per_floor":[75,75,75,75,75,75,75,75,75,75,75,75,75,75,75,75,75],"relic_stats":{"counters":[7,22],"MawBank":108,"Smiling Mask":0,"obtain_stats":[{"NeowsBlessing":0,"Frozen Egg 2":3,"Cracked Core":0,"MawBank":7,"Smiling Mask":9},{"NeowsBlessing":0,"Frozen Egg 2":1,"Cracked Core":0,"MawBank":3,"Smiling Mask":3},{"NeowsBlessing":0,"Frozen Egg 2":1,"Cracked Core":0,"MawBank":3,"Smiling Mask":3}]},"card_choices":[{"not_picked":["Reprogram","Beam Cell"],"picked":"Genetic Algorithm","floor":1},{"not_picked":["Recycle","Rebound"],"picked":"White Noise","floor":4},{"not_picked":["Redo","Go for the Eyes"],"picked":"Self Repair+1","floor":7},{"not_picked":["Scrape","BootSequence"],"picked":"Melter","floor":10},{"not_picked":["Leap","Conserve Battery"],"picked":"Beam Cell","floor":12},{"not_picked":["Consume","Sweeping Beam"],"picked":"Static Discharge+1","floor":13}],"player_experience":563820,"relics_obtained":[{"floor":7,"key":"MawBank"},{"floor":9,"key":"Smiling Mask"}],"event_choices":[{"damage_healed":0,"gold_gain":175,"player_choice":"AGREE","damage_taken":0,"max_hp_gain":0,"max_hp_loss":0,"event_name":"Liars Game","floor":2,"gold_loss":0,"cards_obtained":["Doubt"]},{"damage_healed":0,"gold_gain":0,"player_choice":"Success","damage_taken":7,"relics_obtained":["Frozen Egg 2"],"max_hp_gain":0,"max_hp_loss":0,"event_name":"Scrap Ooze","floor":3,"gold_loss":0},{"damage_healed":0,"gold_gain":0,"player_choice":"Got Potions","damage_taken":0,"max_hp_gain":0,"max_hp_loss":0,"event_name":"Lab","floor":5,"gold_loss":0},{"damage_healed":0,"gold_gain":0,"player_choice":"Left Gold","damage_taken":0,"max_hp_gain":0,"max_hp_loss":0,"event_name":"World of Goop","floor":14,"gold_loss":37}],"is_beta":false,"boss_relics":[],"items_purged_floors":[],"is_endless":false,"potions_floor_spawned":[1,7,13],"killed_by":"The Guardian","ascension_level":12}}