{"host":"ttx8tv95o5vka1nm","time":1608864865,"event":{"mods":["BaseMod","Downfall","Minty Spire (QoL Compilation)","Replay The Spire","StSLib"],"gold_per_floor":[112,112,112,112,112,62,62,62,96,111,111,126,150,175,175,199,199,323,323,341,341,341],"floor_reached":21,"playtime":2839,"items_purged":[],"score":206,"play_id":"11497642-1f74-4592-9875-f89a51b2f500","local_time":"20201225125425","is_ascension_mode":true,"campfire_choices":[{"floor":8,"key":"REST"},{"floor":15,"key":"REST"},{"floor":17,"key":"REST"}],"circlet_count":0,"master_deck":["Strike_P","Strike_P","Defend_P","Defend_P","Defend_P","Eruption","Vigilance","FollowUp","Consecrate","Replay:ManipulateFuture","ClearTheMind","Crescendo","Halt","Vault","Swivel","Wish","Voices","Decay","CommonCold","EmptyFist"],"relics":["PureWater","Golden Idol","Akabeko","The Courier","Replay:Ancient Bell","Pet Ghost","Sundial","Thread and Needle"],"acts_visited":["Exordium","TheCity"],"potions_floor_usage":[20,21],"damage_taken":[{"damage":6,"enemies":"Small Slimes","floor":1,"turns":3},{"damage":44,"enemies":"Lagavulin","floor":9,"turns":6},{"damage":7,"enemies":"Jaw Worm","floor":10,"turns":2},{"damage":0,"enemies":"2 Louse","floor":12,"turns":1},{"damage":6,"enemies":"Looter","floor":13,"turns":3},{"damage":0,"enemies":"Lots of Slimes","floor":14,"turns":1},{"damage":0,"enemies":"Large Slime","floor":16,"turns":4},{"damage":15,"enemies":"Slime Boss","floor":18,"turns":14},{"damage":54,"enemies":"Chosen","floor":20,"turns":9},{"damage":23,"enemies":"Spheric Guardian","floor":21,"turns":6}],"seed_played":"-5752449908671595347","potions_obtained":[{"floor":13,"key":"Dexterity Potion"},{"floor":14,"key":"PowerPotion"},{"floor":16,"key":"Energy Potion"},{"floor":18,"key":"Adrenaline Potion"}],"is_trial":false,"path_per_floor":["M","?","PTL","PTL","?","?","?","R","E","M","T","M","M","M","R","M","R","B",null,"M","M"],"character_chosen":"WATCHER","items_purchased":[],"campfire_rested":3,"item_purchase_floors":[],"current_hp_per_floor":[66,66,66,66,59,59,41,62,18,11,11,11,5,5,26,26,47,32,72,18,0,0],"gold":341,"neow_bonus":"THREE_CARDS","is_daily":false,"chose_seed":false,"campfire_upgraded":0,"win_rate":0.0,"timestamp":1608864865,"path_taken":["M","?","PTL","PTL","?","?","?","R","E","M","T","M","M","M","R","M","R","BOSS","M","M"],"items_purchased_type":[],"build_version":"2020-12-22","purchased_purges":0,"victory":false,"max_hp_per_floor":[72,72,72,72,72,72,72,72,72,72,72,72,72,72,72,72,72,72,72,72,72,72],"card_choices":[{"not_picked":["WaveOfTheHand","Replay:Cycle"],"picked":"FollowUp","floor":0},{"not_picked":["SashWhip","FollowUp"],"picked":"Consecrate","floor":1},{"not_picked":["Replay:Cycle","SashWhip"],"picked":"Replay:ManipulateFuture","floor":9},{"not_picked":["CrushJoints","CutThroughFate"],"picked":"ClearTheMind","floor":10},{"not_picked":["PathToVictory","Replay:Battleflow"],"picked":"Crescendo","floor":12},{"not_picked":["FollowUp","Replay:ManipulateFuture"],"picked":"Halt","floor":13},{"not_picked":["FollowUp","Wireheading"],"picked":"Vault","floor":14},{"not_picked":["Replay:Battleflow","Replay:BluntJabs"],"picked":"Swivel","floor":16},{"not_picked":["Devotion","Replay:LoomingThreat"],"picked":"Wish","floor":18},{"not_picked":["Amnesia","ReplayTheSpireMod:IOU"],"picked":"Voices","floor":19},{"not_picked":["Amnesia","CurseOfTheBell"],"picked":"Decay","floor":19},{"not_picked":["Spreading Infection","Injury"],"picked":"CommonCold","floor":19},{"not_picked":["Crescendo","Replay:ManipulateFuture"],"picked":"EmptyFist","floor":20}],"player_experience":397281,"relics_obtained":[{"floor":9,"key":"Akabeko"},{"floor":11,"key":"The Courier"}],"event_choices":[{"cards_removed":["Strike_P"],"damage_healed":0,"gold_gain":0,"player_choice":"Card Removal","damage_taken":7,"max_hp_gain":0,"max_hp_loss":0,"event_name":"Golden Wing","floor":5,"gold_loss":0},{"cards_removed":["Strike_P"],"damage_healed":0,"gold_gain":0,"player_choice":"Card Removal","damage_taken":0,"max_hp_gain":0,"max_hp_loss":0,"event_name":"The Cleric","floor":6,"gold_loss":50},{"damage_healed":0,"gold_gain":0,"player_choice":"Take Damage","damage_taken":18,"relics_obtained":["Golden Idol"],"max_hp_gain":0,"max_hp_loss":0,"event_name":"Golden Idol","floor":7,"gold_loss":0}],"is_beta":false,"boss_relics":[{"not_picked":["ReplayTheSpireMod:DimensionalGlitch","Astrolabe"],"picked":"Replay:Ancient Bell"},{"not_picked":["Dream Catcher","Boot"],"picked":"Pet Ghost"},{"not_picked":["Replay:Ringing Soul","Mercury Hourglass"],"picked":"Sundial"},{"not_picked":["Torii","Replay:Purple Gloves"],"picked":"Thread and Needle"}],"items_purged_floors":[],"is_endless":false,"potions_floor_spawned":[13,14,16,18],"killed_by":"Spheric Guardian","ascension_level":3}}