{"host":"o7j6aatxjwpw1421","time":1608854418,"event":{"mods":["2.2 Compatiblity","AchievementEnabler","BaseMod","Colored Map","DeckTracker","Highlight Path","Keyboard Shortcuts","Minty Spire (QoL Compilation)","Permanent Neow","Quick Restart","StSLib","SuperFastMode","everything is the same but u backflip on backflip"],"gold_per_floor":[365,378,553,569,579,579,590,609,609,270,270,296,306,336,336,336,336],"floor_reached":16,"playtime":555,"items_purged":["Doubt"],"score":166,"play_id":"f58832ac-a4e0-4808-8862-bb8370de9207","local_time":"20201225090018","is_ascension_mode":true,"campfire_choices":[{"data":"Searing Blow","floor":6.0,"key":"SMITH"},{"data":"Searing Blow+1","floor":11.0,"key":"SMITH"},{"data":"Searing Blow+2","floor":15.0,"key":"SMITH"}],"circlet_count":0,"master_deck":["AscendersBane","Strike_R","Strike_R","Strike_R","Strike_R","Strike_R","Defend_R","Defend_R","Defend_R","Defend_R","Bash","Flex","Searing Blow+3","Armaments","Shrug It Off","Thunderclap","Shockwave"],"relics":["Burning Blood","Membership Card","Vajra","Happy Flower","Lantern","Nunchaku"],"acts_visited":["Exordium"],"potions_floor_usage":[16],"damage_taken":[{"damage":1.0,"enemies":"Cultist","floor":1.0,"turns":4.0},{"damage":7.0,"enemies":"Jaw Worm","floor":2.0,"turns":4.0},{"damage":1.0,"enemies":"2 Louse","floor":4.0,"turns":4.0},{"damage":16.0,"enemies":"2 Fungi Beasts","floor":5.0,"turns":4.0},{"damage":8.0,"enemies":"3 Louse","floor":7.0,"turns":4.0},{"damage":7.0,"enemies":"Looter","floor":8.0,"turns":4.0},{"damage":10.0,"enemies":"Lots of Slimes","floor":13.0,"turns":3.0},{"damage":21.0,"enemies":"Gremlin Nob","floor":14.0,"turns":4.0},{"damage":27,"enemies":"Hexaghost","floor":16,"turns":9}],"seed_played":"689614188700928203","potions_obtained":[{"floor":5.0,"key":"ColorlessPotion"},{"floor":7.0,"key":"Explosive Potion"},{"floor":8.0,"key":"Fire Potion"}],"is_trial":false,"path_per_floor":["M","M","?","M","M","R","M","M","T","$","R","T","M","E","R","B"],"character_chosen":"IRONCLAD","items_purchased":["Membership Card","Vajra","Happy Flower"],"campfire_rested":0,"item_purchase_floors":[10,10,10],"current_hp_per_floor":[72,71,71,72,62,62,60,59,59,59,59,59,55,40,40,13,13],"gold":336,"neow_bonus":"TWO_FIFTY_GOLD","is_daily":false,"chose_seed":false,"campfire_upgraded":3,"win_rate":0.0,"timestamp":1608854418,"path_taken":["M","M","?","M","M","R","M","M","T","$","R","?","M","E","R","BOSS"],"items_purchased_type":["Relic","Relic","Relic"],"build_version":"2020-12-22","purchased_purges":1,"victory":false,"max_hp_per_floor":[72,72,72,72,72,72,72,72,72,72,72,72,72,72,72,72,72],"card_choices":[{"not_picked":["Headbutt","True Grit"],"picked":"Flex","floor":1.0},{"not_picked":["Dark Embrace","Shrug It Off"],"picked":"Searing Blow","floor":2.0},{"not_picked":["Perfected Strike","Flex"],"picked":"Armaments","floor":4.0},{"not_picked":["Headbutt","Pommel Strike"],"picked":"Shrug It Off","floor":5.0},{"not_picked":["Iron Wave","Spot Weakness"],"picked":"Thunderclap","floor":7.0},{"not_picked":["Clash","Fire Breathing","Pommel Strike"],"picked":"SKIP","floor":8.0},{"not_picked":["Shrug It Off","Flex","Iron Wave"],"picked":"SKIP","floor":13.0},{"not_picked":["Rampage","Anger"],"picked":"Shockwave","floor":14.0}],"player_experience":358369,"relics_obtained":[{"floor":12.0,"key":"Lantern"},{"floor":14.0,"key":"Nunchaku"}],"event_choices":[{"damage_healed":0.0,"max_hp_gain":0.0,"max_hp_loss":0.0,"gold_gain":175.0,"event_name":"Liars Game","player_choice":"AGREE","floor":3.0,"gold_loss":0.0,"damage_taken":0.0,"cards_obtained":["Doubt"]}],"is_beta":false,"boss_relics":[],"items_purged_floors":[10],"is_endless":false,"potions_floor_spawned":[5,7,8],"killed_by":"Hexaghost","ascension_level":12}}