{"host":"6z6y4ky8uzsz1dpj","time":1608906577,"event":{"mods":["AchievementEnabler","BaseMod","BetterRewards","Challenge The Spire","Colored Map","Downfall","Hubris","Minty Spire (QoL Compilation)","Quick Restart","StSLib"],"gold_per_floor":[99,117,117,131,150,11,11,11,36,47,60,88,103,120,133,133,133,133],"floor_reached":16,"playtime":786,"items_purged":["Slimebound:Strike_Slimebound"],"score":122,"play_id":"8ed95ed4-cc86-427d-a8ca-85a85cd98b93","local_time":"20201225092937","is_ascension_mode":true,"campfire_choices":[{"data":"Slimebound:Split","floor":1,"key":"SMITH"},{"data":"Slimebound:RallyTheTroops","floor":8,"key":"SMITH"}],"circlet_count":0,"master_deck":["Slimebound:Strike_Slimebound","Slimebound:Tackle+1","Slimebound:Defend_Slimebound","Slimebound:Defend_Slimebound","Slimebound:Defend_Slimebound","Slimebound:Defend_Slimebound","Slimebound:Split+1","Slimebound:CorrosiveSpit","Slimebound:LeechingTouch","Slimebound:SamplingLick","Slimebound:SlimeBarrage+1","Slimebound:FirmFortitude","Slimebound:RallyTheTroops+1","Slimebound:SplitLeeching","Slimebound:Nibble","Slimebound:SplitLeeching","Slimebound:SplitBruiser","Slimebound:SlimeBarrage","Slimebound:SplitLeeching","Slimebound:SplitSpecialist","Slimebound:PressTheAttack"],"relics":["Slimebound:AbsorbEndCombat","hubris:FunFungus","Ice Cream","Whetstone","Bag of Preparation"],"acts_visited":["Exordium"],"potions_floor_usage":[],"damage_taken":[{"damage":8,"enemies":"Small Slimes","floor":2,"turns":4},{"damage":8,"enemies":"Cultist","floor":4,"turns":3},{"damage":9,"enemies":"Jaw Worm","floor":5,"turns":3},{"damage":8,"enemies":"downfall:FleeingMerchant","floor":6,"turns":4},{"damage":24,"enemies":"3 Sentries","floor":9,"turns":8},{"damage":14,"enemies":"Large Slime","floor":10,"turns":5},{"damage":12,"enemies":"2 Fungi Beasts","floor":11,"turns":2},{"damage":25,"enemies":"Gremlin Nob","floor":12,"turns":3},{"damage":8,"enemies":"3 Louse","floor":13,"turns":3},{"damage":12,"enemies":"Lots of Slimes","floor":14,"turns":2},{"damage":16,"enemies":"Gremlin Gang","floor":15,"turns":3},{"damage":77,"enemies":"downfall:Defect","floor":16,"turns":6}],"seed_played":"-7888003185524430112","potions_obtained":[{"floor":9,"key":"FearPotion"},{"floor":10,"key":"Guardian:BlockOnCardUsePotion"},{"floor":11,"key":"Energy Potion"},{"floor":12,"key":"DistilledChaos"}],"is_trial":false,"path_per_floor":["R","M","?","M","M","$","T","R","E","M","M","E","M","M","M","B"],"character_chosen":"SLIMEBOUND","items_purchased":["Slimebound:SplitLeeching"],"campfire_rested":0,"item_purchase_floors":[6],"current_hp_per_floor":[42,46,46,50,55,60,60,60,60,60,60,51,59,59,58,0,0,0],"gold":133,"neow_bonus":"ONE_RARE_RELIC","is_daily":false,"chose_seed":false,"campfire_upgraded":2,"win_rate":0.0,"timestamp":1608906577,"path_taken":["R","M","?","?","M","$","T","R","E","M","M","E","M","M","M","BOSS"],"items_purchased_type":["Card"],"build_version":"2020-12-22","purchased_purges":1,"victory":false,"max_hp_per_floor":[60,60,60,60,60,60,60,60,60,60,60,60,60,60,60,60,60,60],"card_choices":[{"not_picked":["Slimebound:DivideAndConquer","Slimebound:SlimeSpikes"],"picked":"Slimebound:LeechingTouch","floor":2},{"not_picked":["Slimebound:LeechingTouch","Slimebound:SlimeSpikes"],"picked":"Slimebound:SlimeBarrage","floor":4},{"not_picked":["Slimebound:ServeAndProtect","Slimebound:ViciousTackle"],"picked":"Slimebound:FirmFortitude","floor":5},{"not_picked":["Slimebound:SlimeBarrage","Slimebound:FlameTackle"],"picked":"Slimebound:RallyTheTroops","floor":6},{"not_picked":["Slimebound:AcidTongue","Slimebound:GoopSpray"],"picked":"Slimebound:Nibble","floor":9},{"not_picked":["Slimebound:FlameTackle","Slimebound:GrowthPunch"],"picked":"Slimebound:SplitLeeching","floor":10},{"not_picked":["Slimebound:PressTheAttack","Slimebound:SplitLeeching"],"picked":"Slimebound:SplitBruiser","floor":11},{"not_picked":["Slimebound:DivideAndConquer","Slimebound:SlimeSpikes"],"picked":"Slimebound:SlimeBarrage","floor":12},{"not_picked":["Slimebound:CheckThePlaybook","Slimebound:ServeAndProtect"],"picked":"Slimebound:SplitLeeching","floor":13},{"not_picked":["Slimebound:LeechingTouch","Slimebound:SlimeSpikes"],"picked":"Slimebound:SplitSpecialist","floor":14},{"not_picked":["Slimebound:SpikyOuterGoop","Slimebound:Schlurp"],"picked":"Slimebound:PressTheAttack","floor":15}],"player_experience":201630,"relics_obtained":[{"floor":7,"key":"Ice Cream"},{"floor":9,"key":"Whetstone"},{"floor":12,"key":"Bag of Preparation"}],"event_choices":[{"damage_healed":0,"gold_gain":0,"cards_transformed":["Slimebound:Strike_Slimebound"],"player_choice":"Transformed","damage_taken":0,"max_hp_gain":0,"max_hp_loss":0,"event_name":"Transmorgrifier","floor":3,"gold_loss":0,"cards_obtained":["Slimebound:SamplingLick"]}],"is_beta":false,"boss_relics":[],"items_purged_floors":[6],"is_endless":false,"potions_floor_spawned":[9,10,11,12,14],"killed_by":"downfall:Defect","ascension_level":1}}