{"host":"mniz8q056kux99zk","time":1608907497,"event":{"mods":["BaseMod","CapriCore","Highlight Path","Infinite Spire","Minty Spire (QoL Compilation)","Replay The Spire","StSLib"],"gold_per_floor":[112,112,123,123,137,162,162,188,188,188,188],"floor_reached":10,"playtime":437,"items_purged":[],"score":80,"play_id":"6dac4a0b-1ccf-404c-ba5b-d62a5477fab5","local_time":"20201225094457","is_ascension_mode":true,"campfire_choices":[{"floor":7,"key":"REST"}],"circlet_count":0,"master_deck":["Strike_R","Strike_R","Strike_R","Strike_R","Strike_R","Defend_R","Defend_R","Defend_R","Defend_R","Bash","Inflame","Flex","Life Link","Seeing Red"],"relics":["SacredBark","InkBottle","infinitespire:CursedDice","Gremlin Food"],"acts_visited":["Exordium"],"potions_floor_usage":[10],"damage_taken":[{"damage":11,"enemies":"Jaw Worm","floor":1,"turns":4},{"damage":7,"enemies":"2 Louse","floor":3,"turns":2},{"damage":9,"enemies":"Cultist","floor":5,"turns":4},{"damage":14,"enemies":"Replay:BlueRogue","floor":6,"turns":6},{"damage":31,"enemies":"Lagavulin","floor":8,"turns":6},{"damage":25,"enemies":"3 Sentries","floor":10,"turns":10}],"seed_played":"6148483710948138447","potions_obtained":[{"floor":6,"key":"Strength Potion"},{"floor":8,"key":"ColorlessPotion"}],"is_trial":false,"path_per_floor":["M","?","M","?","M","E","R","E","T","E"],"character_chosen":"IRONCLAD","items_purchased":[],"campfire_rested":1,"item_purchase_floors":[],"current_hp_per_floor":[69,62,55,47,38,24,48,17,17,0,0],"gold":188,"neow_bonus":"BOSS_RELIC","is_daily":false,"chose_seed":false,"campfire_upgraded":0,"win_rate":0.0,"timestamp":1608907497,"path_taken":["M","?","M","?","?","E","R","E","T","E"],"items_purchased_type":[],"build_version":"2020-12-22","purchased_purges":0,"victory":false,"max_hp_per_floor":[80,80,80,80,80,80,80,80,80,80,80],"card_choices":[{"not_picked":["Fire Breathing","Power Through"],"picked":"Inflame","floor":1},{"not_picked":["True Grit","Havoc"],"picked":"Flex","floor":3},{"not_picked":["ReplayTheSpireMod:Limb From Limb","ReplayTheSpireMod:Strike From Hell"],"picked":"Life Link","floor":5},{"not_picked":["Run Through","ReplayTheSpireMod:Stacked"],"picked":"Seeing Red","floor":6},{"not_picked":["True Grit","Bloodletting","Impervious"],"picked":"SKIP","floor":8}],"player_experience":91231,"relics_obtained":[{"floor":6,"key":"infinitespire:CursedDice"},{"floor":8,"key":"Gremlin Food"}],"event_choices":[{"damage_healed":0,"gold_gain":0,"player_choice":"Success","damage_taken":7,"relics_obtained":["InkBottle"],"max_hp_gain":0,"max_hp_loss":0,"event_name":"Scrap Ooze","floor":2,"gold_loss":0},{"damage_healed":0,"gold_gain":0,"player_choice":"Damaged","damage_taken":8,"max_hp_gain":0,"max_hp_loss":0,"event_name":"Wheel of Change","floor":4,"gold_loss":0}],"is_beta":false,"boss_relics":[],"items_purged_floors":[],"is_endless":false,"potions_floor_spawned":[6,8],"killed_by":"3 Sentries","ascension_level":1}}