{"host":"od099uxc49ip1k8b","time":1608901140,"event":{"mods":["Act Like it!","BaseMod","Downfall","Gensokyo","Hermit","Highlight Path","Koishi","Marisa????????","Minty Spire (QoL Compilation)","Rare Cards Sparkle","Remilia??????","StSLib","Td1madao Mod","The Administrix","The Animator","The Cursed","The Gatherer","The Servant 0.9.4","The Wild Card","Waifu the Spire","WarShipGirlsR/????R mod","Yuyuko"],"gold_per_floor":[17,17,42,62,162,162,185,200,223,223,249,284,274,289,289,415,415,436,455,475,500,331,331,372,372,372,0,35,35,35,48,48,48,48],"floor_reached":33,"playtime":2493,"items_purged":["rmod:aluminumsupply"],"score":337,"play_id":"ff03c4f5-159b-4c0d-9503-29e76ec76b19","local_time":"20201225075900","is_ascension_mode":false,"campfire_choices":[{"data":"rmod:diamondstrike","floor":6,"key":"SMITH"},{"floor":10,"key":"REST"},{"floor":15,"key":"REST"},{"floor":23,"key":"REST"},{"floor":25,"key":"REST"},{"floor":30,"key":"REST"},{"floor":32,"key":"REST"}],"circlet_count":0,"master_deck":["rmod:strick+1","rmod:strick","rmod:strick","rmod:strick+1","rmod:defend","rmod:defend","rmod:defend","rmod:defend","rmod:basicallowance","rmod:maingunfire","rmod:luckystar","rmod:aggressivemary","rmod:diamondstrike+1","rmod:ridicule","rmod:openingtorpedo","rmod:luckystar","rmod:windflower","rmod:aviationdawn","rmod:diaomin","rmod:intelligenceanalysis","rmod:wolves+1","rmod:overbreakdown","rmod:tearstotiara","rmod:generalist+1","rmod:robin"],"relics":["rmod:firstchargereward","Incense Burner","Golden Idol","Strawberry","Happy Flower","Toy Ornithopter","Boot","Whetstone","Anchor"],"acts_visited":["Exordium","TheCity"],"potions_floor_usage":[20,29,29,29],"damage_taken":[{"damage":0,"enemies":"2 Louse","floor":1,"turns":2},{"damage":0,"enemies":"Jaw Worm","floor":3,"turns":2},{"damage":0,"enemies":"Cultist","floor":4,"turns":3},{"damage":9,"enemies":"Exordium Thugs","floor":7,"turns":4},{"damage":0,"enemies":"Large Slime","floor":8,"turns":4},{"damage":20,"enemies":"Lagavulin","floor":12,"turns":4},{"damage":9,"enemies":"Looter","floor":14,"turns":2},{"damage":0,"enemies":"Slime Boss","floor":16,"turns":7},{"damage":0,"enemies":"Shell Parasite","floor":18,"turns":1},{"damage":9,"enemies":"3 Byrds","floor":19,"turns":6},{"damage":3,"enemies":"Snake Plant","floor":20,"turns":3},{"damage":30,"enemies":"Shelled Parasite and Fungi","floor":21,"turns":6},{"damage":36,"enemies":"Slavers","floor":24,"turns":5},{"damage":52,"enemies":"Gremlin Leader","floor":28,"turns":5},{"damage":0,"enemies":"Colosseum Slavers","floor":29,"turns":1},{"damage":0,"enemies":"Snecko","floor":31,"turns":1},{"damage":90,"enemies":"Champ","floor":33,"turns":12}],"seed_played":"7689819598060449091","potions_obtained":[{"floor":4,"key":"BlessingOfTheForge"},{"floor":7,"key":"Explosive Potion"},{"floor":14,"key":"SpeedPotion"},{"floor":16,"key":"Weak Potion"},{"floor":24,"key":"champ:CounterPotion"}],"is_trial":false,"path_per_floor":["M","?","M","M","?","R","M","M","T","R","T","E","?","M","R","B",null,"M","M","M","M","$","R","E","R","T","?","E","?","R","M","R","B"],"character_chosen":"PRAEFECT","items_purchased":["rmod:overbreakdown","rmod:tearstotiara"],"campfire_rested":6,"item_purchase_floors":[22,22],"current_hp_per_floor":[75,57,57,57,57,57,48,48,55,79,79,59,59,50,74,74,82,82,73,75,45,45,69,33,57,57,57,5,20,44,44,68,0,0],"gold":48,"neow_bonus":"ONE_RARE_RELIC","is_daily":false,"chose_seed":false,"campfire_upgraded":1,"win_rate":0.0,"timestamp":1608901140,"path_taken":["M","?","M","M","?","R","M","?","T","R","?","E","?","M","R","BOSS","M","M","M","M","?","R","E","R","T","?","E","?","R","M","R","BOSS"],"items_purchased_type":["Card","Card"],"build_version":"2020-12-22","purchased_purges":1,"victory":false,"max_hp_per_floor":[75,75,75,75,75,75,75,75,82,82,82,82,82,82,82,82,82,82,82,82,82,82,82,82,82,82,82,82,82,82,82,82,82,82],"card_choices":[{"not_picked":["rmod:steelsupply","rmod:ammunitionsupply"],"picked":"rmod:luckystar","floor":1},{"not_picked":["rmod:ammunitionsupply","rmod:aluminumsupply"],"picked":"rmod:aggressivemary","floor":3},{"not_picked":["rmod:intelligenceanalysis","rmod:lonelyqueen"],"picked":"rmod:diamondstrike","floor":4},{"not_picked":["rmod:combined","rmod:aviationdawn"],"picked":"rmod:aluminumsupply","floor":7},{"not_picked":["rmod:rockthrower","rmod:combined"],"picked":"rmod:ridicule","floor":8},{"not_picked":["rmod:circuitoustactics","rmod:rockthrower"],"picked":"rmod:openingtorpedo","floor":12},{"not_picked":["rmod:aviationdawn","rmod:wolves"],"picked":"rmod:luckystar","floor":14},{"not_picked":["rmod:lastglory","rmod:desperatesituation"],"picked":"rmod:windflower","floor":16},{"not_picked":["rmod:aluminumsupply","rmod:circuitoustactics+1"],"picked":"rmod:aviationdawn","floor":18},{"not_picked":["rmod:robin","rmod:aviationdawn"],"picked":"rmod:diaomin","floor":19},{"not_picked":["rmod:fuelsupply","rmod:diamondstrike"],"picked":"rmod:intelligenceanalysis","floor":20},{"not_picked":["rmod:steelsupply","rmod:aviationdawn+1"],"picked":"rmod:wolves+1","floor":21},{"not_picked":["rmod:tearstotiara","rmod:rockthrower+1"],"picked":"rmod:generalist+1","floor":24},{"not_picked":["rmod:unsinkable","rmod:intelligenceanalysis"],"picked":"rmod:robin","floor":28},{"not_picked":["rmod:aviationdawn+1","rmod:u235","rmod:fletcherpendant"],"picked":"SKIP","floor":31}],"player_experience":75026,"relics_obtained":[{"floor":9,"key":"Strawberry"},{"floor":11,"key":"Happy Flower"},{"floor":12,"key":"Toy Ornithopter"},{"floor":24,"key":"Boot"},{"floor":26,"key":"Whetstone"},{"floor":28,"key":"Anchor"}],"event_choices":[{"damage_healed":0,"gold_gain":0,"player_choice":"Take Damage","damage_taken":18,"relics_obtained":["Golden Idol"],"max_hp_gain":0,"max_hp_loss":0,"event_name":"Golden Idol","floor":2,"gold_loss":0},{"damage_healed":0,"gold_gain":100,"player_choice":"Pray","damage_taken":0,"max_hp_gain":0,"max_hp_loss":0,"event_name":"Golden Shrine","floor":5,"gold_loss":0},{"damage_healed":0,"gold_gain":0,"player_choice":"Paid Fearfully","damage_taken":0,"max_hp_gain":0,"max_hp_loss":0,"event_name":"Masked Bandits","floor":27,"gold_loss":372},{"damage_healed":0,"gold_gain":0,"player_choice":"Fight","damage_taken":0,"max_hp_gain":0,"max_hp_loss":0,"event_name":"Colosseum","floor":29,"gold_loss":0},{"damage_healed":0,"gold_gain":0,"player_choice":"Fled From Nobs","damage_taken":0,"max_hp_gain":0,"max_hp_loss":0,"event_name":"Colosseum","floor":29,"gold_loss":0}],"is_beta":false,"boss_relics":[{"not_picked":["Fusion Hammer","Ectoplasm","Runic Pyramid"]}],"items_purged_floors":[22],"is_endless":false,"potions_floor_spawned":[4,7,14,16,19,24,28,29],"killed_by":"Champ","ascension_level":0}}