{"host":"zlprnsb5fznrfinh","time":1608861374,"event":{"mods":["Act Like it!","BaseMod","Block Reminder","Downfall","GifTheSpireLib","Minty Spire (QoL Compilation)","StSLib"],"gold_per_floor":[99,114,133,133,69,69,94,119,269,297,314,349,274,130,143,242,242,242,257,142,158,176,176,176,176,176,192,205,205,225,225,242,344,344,344,356,374,384,384,166,166,91,117,327,338,338,338,338,354,354],"floor_reached":51,"playtime":3663,"items_purged":["champ:Strike","Slimebound:Icky","champ:Strike","champ:Defend"],"score":1229,"play_id":"ebf7cc64-356d-4abd-a2d5-bd805f4ac632","local_time":"20201224175614","is_ascension_mode":true,"campfire_choices":[{"data":"champ:Taunt","floor":1.0,"key":"SMITH"},{"data":"champ:EnGarde","floor":13.0,"key":"SMITH"},{"data":"champ:DefensiveStyle","floor":18,"key":"SMITH"},{"data":"champ:Circumvent","floor":23,"key":"SMITH"},{"floor":35,"key":"RECALL"},{"data":"champ:DefensiveStyle","floor":42,"key":"SMITH"}],"circlet_count":0,"master_deck":["champ:Defend+1","champ:Defend","champ:Defend","champ:Execute","champ:Taunt+1","champ:IgnorePain","champ:DefensiveStyle+1","champ:Circumvent+1","champ:ShieldSigil","champ:ShieldSigil","champ:RageSigil","champ:EnGarde+1","champ:TornadoPunch+1","champ:Circumvent","champ:SkillfulDodge","champ:FalseCounter+1","champ:DefensiveStyle+1","champ:ShieldThrow","champ:HoldFirm","champ:Balance","champ:Circumvent+1","champ:RageSigil+1","champ:DefensiveStyle+1","champ:DefensiveStyle","Doubt"],"relics":["champ:ChampionCrown","Gremlin Horn","Question Card","Bottled Lightning","downfall:HeartBlessingBlue","Velvet Choker","Bottled Flame","Coffee Dripper","champ:DefensiveTrainingManual","downfall:HeartBlessingRed","Bronze Scales","Anchor"],"acts_visited":["Exordium","TheCity","TheBeyond"],"potions_floor_usage":[16,21,21,28,43,50,50],"damage_taken":[{"damage":5.0,"enemies":"Jaw Worm","floor":2.0,"turns":6.0},{"damage":10.0,"enemies":"Small Slimes","floor":3.0,"turns":4.0},{"damage":5.0,"enemies":"downfall:FleeingMerchant","floor":5.0,"turns":4.0},{"damage":42.0,"enemies":"Lagavulin","floor":8.0,"turns":9.0},{"damage":23.0,"enemies":"3 Sentries","floor":10.0,"turns":10.0},{"damage":5.0,"enemies":"2 Louse","floor":11.0,"turns":3.0},{"damage":13.0,"enemies":"Lagavulin","floor":12.0,"turns":7.0},{"damage":5.0,"enemies":"downfall:FleeingMerchant","floor":14.0,"turns":4.0},{"damage":13.0,"enemies":"Gremlin Gang","floor":15.0,"turns":4.0},{"damage":15,"enemies":"downfall:Silent","floor":16,"turns":8},{"damage":0,"enemies":"3 Byrds","floor":19,"turns":3},{"damage":0,"enemies":"downfall:FleeingMerchant","floor":20,"turns":4},{"damage":28,"enemies":"Cultist and Chosen","floor":21,"turns":6},{"damage":11,"enemies":"Sentry and Sphere","floor":22,"turns":5},{"damage":12,"enemies":"Centurion and Healer","floor":27,"turns":7},{"damage":18,"enemies":"Snecko","floor":28,"turns":3},{"damage":0,"enemies":"Shelled Parasite and Fungi","floor":30,"turns":4},{"damage":11,"enemies":"Snake Plant","floor":32,"turns":3},{"damage":5,"enemies":"downfall:Ironclad","floor":33,"turns":5},{"damage":13,"enemies":"3 Darklings","floor":36,"turns":3},{"damage":8,"enemies":"3 Shapes","floor":37,"turns":4},{"damage":4,"enemies":"Sphere and 2 Shapes","floor":38,"turns":3},{"damage":6,"enemies":"downfall:FleeingMerchant","floor":40,"turns":4},{"damage":13,"enemies":"Nemesis","floor":43,"turns":5},{"damage":0,"enemies":"downfall:FleeingMerchant","floor":44,"turns":4},{"damage":8,"enemies":"4 Shapes","floor":45,"turns":5},{"damage":0,"enemies":"Spire Growth","floor":49,"turns":3},{"damage":0,"enemies":"downfall:Watcher","floor":50,"turns":3}],"seed_played":"1486102567660744178","potions_obtained":[{"floor":3.0,"key":"BlessingOfTheForge"},{"floor":8.0,"key":"EntropicBrew"},{"floor":12.0,"key":"DuplicationPotion"},{"floor":19,"key":"AttackPotion"},{"floor":22,"key":"LiquidMemories"},{"floor":28,"key":"BlessingOfTheForge"},{"floor":30,"key":"PowerPotion"},{"floor":32,"key":"champ:OpenerPotion"},{"floor":36,"key":"Swift Potion"},{"floor":38,"key":"LiquidMemories"},{"floor":49,"key":"PowerPotion"}],"is_trial":false,"path_per_floor":["R","M","M","?","$","?","T","E","?","E","M","E","R","$","M","B",null,"R","M","$","M","M","R","T","?","?","M","M","?","M","?","M","B",null,"R","M","M","M","?","$","T","R","E","$","M","?","?","?","M","B",null],"character_chosen":"THE_CHAMP","items_purchased":["champ:Circumvent","champ:Circumvent","champ:DefensiveStyle"],"campfire_rested":0,"item_purchase_floors":[5,14,40],"current_hp_per_floor":[90,90,85,85,85,85,85,58,58,45,45,37,47,42,29,14,100,100,100,100,92,86,86,86,86,86,74,61,61,61,46,35,35,100,100,87,79,75,67,67,67,67,54,54,46,46,100,100,100,100],"gold":354,"neow_bonus":"ONE_RANDOM_RARE_CARD","is_daily":false,"chose_seed":false,"campfire_upgraded":5,"win_rate":0.0,"timestamp":1608861374,"path_taken":["R","M","M","?","$","?","T","E","?","E","M","E","R","$","M","BOSS","R","M","$","M","M","R","T","?","?","M","?","?","?","?","M","BOSS","R","M","M","M","?","$","T","R","E","$","?","?","?","?","M","BOSS"],"items_purchased_type":["Card","Card","Card"],"build_version":"2020-12-22","purchased_purges":4,"victory":true,"max_hp_per_floor":[90,90,90,90,90,90,90,90,90,90,90,90,100,100,100,100,100,100,100,100,100,100,100,100,100,100,100,100,100,100,100,100,100,100,100,100,100,100,100,100,100,100,100,100,100,100,100,100,100,100],"card_choices":[{"not_picked":["champ:GladiatorsShout","champ:TornadoPunch"],"picked":"champ:DefensiveStyle","floor":2.0},{"not_picked":["champ:RapidStrikes","champ:Haymaker","champ:BerserkersShout"],"picked":"SKIP","floor":3.0},{"not_picked":["champ:FlashCut","champ:PerfectedStrike","champ:Backstep"],"picked":"SKIP","floor":5.0},{"not_picked":["champ:FanOfKnives","champ:Haymaker"],"picked":"champ:ShieldSigil","floor":8.0},{"not_picked":["champ:CrookedStrike","champ:ShieldWall"],"picked":"champ:ShieldSigil","floor":10.0},{"not_picked":["champ:GladiatorStyle","champ:CrookedStrike","champ:HeartStrike"],"picked":"champ:RageSigil","floor":11.0},{"not_picked":["champ:StanceDance","champ:DefensiveShout","champ:EnchantCrown"],"picked":"champ:EnGarde","floor":12.0},{"not_picked":["champ:ShieldSigil","champ:FocusedBerserking","champ:Haymaker"],"picked":"champ:TornadoPunch","floor":14.0},{"not_picked":["champ:FanOfKnives","champ:ShieldSigil","champ:EnragedBash"],"picked":"champ:SkillfulDodge","floor":15.0},{"not_picked":["champ:GladiatorsShout","champ:AdrenalArmor","champ:BerserkersShout"],"picked":"champ:FalseCounter+1","floor":19},{"not_picked":["champ:FocusedGladiator","champ:BladeFlurry+1","champ:TornadoPunch","champ:RisingSlash+1"],"picked":"SKIP","floor":20},{"not_picked":["champ:GutPunch+1","champ:Circumvent","champ:BladeFlurry","champ:FlashCut"],"picked":"SKIP","floor":21},{"not_picked":["champ:StanceDance","champ:Riposte+1","champ:AdrenalArmor+1","champ:BerserkersShout"],"picked":"SKIP","floor":22},{"not_picked":["champ:EndlessRage+1","champ:ShieldSigil","champ:FanOfKnives","champ:GladiatorsShout"],"picked":"SKIP","floor":27},{"not_picked":["champ:IronFortress","champ:FlashCut","champ:Encircle+1","champ:FocusedGladiator"],"picked":"SKIP","floor":28},{"not_picked":["champ:BringItOn","champ:DefensiveShout","champ:AdrenalArmor"],"picked":"champ:ShieldThrow","floor":30},{"not_picked":["champ:DeathBlow","champ:BerserkerStyle","champ:AdrenalArmor","champ:Riposte"],"picked":"SKIP","floor":32},{"not_picked":["champ:Devastate","champ:VampiricStrike","champ:CrownThrow"],"picked":"champ:HoldFirm","floor":33},{"not_picked":["champ:Balance+1","champ:FlashCut+1","champ:BringItOn+1","champ:DeathBlow"],"picked":"SKIP","floor":36},{"not_picked":["champ:BerserkerStyle+1","champ:StanceDance+1","champ:ShieldWall"],"picked":"champ:Balance","floor":37},{"not_picked":["champ:Haymaker","champ:EnchantSword","champ:CalledShot+1"],"picked":"champ:Circumvent+1","floor":38},{"not_picked":["champ:Backstep","champ:Control","champ:DefensiveShout+1"],"picked":"champ:RageSigil+1","floor":40},{"not_picked":["champ:FlashCut","champ:Aggression","champ:FalseCounter","champ:RapidStrikes"],"picked":"SKIP","floor":43},{"not_picked":["champ:EnchantCrown","champ:DefensiveShout+1","champ:EndlessRage"],"picked":"champ:DefensiveStyle","floor":44},{"not_picked":["champ:BerserkersShout","champ:GutPunch","champ:Shatter+1","champ:FlashCut"],"picked":"SKIP","floor":45},{"not_picked":["champ:TornadoPunch+1","champ:Shatter","champ:MurderStrike","champ:DeathBlow"],"picked":"SKIP","floor":49}],"player_experience":724285,"relics_obtained":[{"floor":8.0,"key":"Gremlin Horn"},{"floor":10.0,"key":"Question Card"},{"floor":12.0,"key":"Bottled Lightning"},{"floor":24,"key":"Bottled Flame"},{"floor":41,"key":"champ:DefensiveTrainingManual"},{"floor":43,"key":"Bronze Scales"},{"floor":46,"key":"Anchor"}],"event_choices":[{"damage_healed":0,"gold_gain":0,"player_choice":"Ignored","damage_taken":0,"max_hp_gain":0,"max_hp_loss":0,"event_name":"Ghosts","floor":25,"gold_loss":0},{"damage_healed":0,"gold_gain":0,"player_choice":"Upgraded","damage_taken":0,"max_hp_gain":0,"max_hp_loss":0,"event_name":"Upgrade Shrine","floor":26,"gold_loss":0,"cards_upgraded":["champ:TornadoPunch"]},{"damage_healed":0,"gold_gain":0,"player_choice":"Copied","damage_taken":0,"max_hp_gain":0,"max_hp_loss":0,"event_name":"Duplicator","floor":29,"gold_loss":0,"cards_obtained":["champ:DefensiveStyle"]},{"damage_healed":0,"gold_gain":0,"player_choice":"Ignored","damage_taken":0,"max_hp_gain":0,"max_hp_loss":0,"event_name":"Mysterious Sphere","floor":48,"gold_loss":0}],"is_beta":false,"boss_relics":[{"not_picked":["Calling Bell","SlaversCollar"],"picked":"Velvet Choker"},{"not_picked":["Snecko Eye","Sozu"],"picked":"Coffee Dripper"}],"items_purged_floors":[14,20,40,44],"is_endless":false,"potions_floor_spawned":[3,8,12,19,22,28,30,32,33,36,38,49],"ascension_level":2}}