{"host":"30jsp143e4v19aze","time":1608933946,"event":{"mods":["BaseMod","Colored Map","Colored Powertips","Curses Come First","DeckTracker","Highlight Path","Minty Spire (QoL Compilation)","Quick Restart","Relic Stats","StSLib","everything is the same but u backflip on backflip","slay the spire mod where everything is the same but ironclad has a cowboy hat"],"gold_per_floor":[218,17,17,36,36,36,52,65,91,91,108,135,153,166,166,263,263,273,102,152,167,180,180,180],"floor_reached":23,"playtime":1419,"items_purged":["Regret"],"score":295,"play_id":"fc7caa30-d074-4944-988c-c077c5bd43ca","local_time":"20201225230546","is_ascension_mode":false,"campfire_choices":[{"data":"Conclude","floor":6,"key":"SMITH"},{"data":"WindmillStrike","floor":10,"key":"SMITH"},{"data":"ConjureBlade","floor":15,"key":"SMITH"}],"circlet_count":0,"master_deck":["Strike_P","Strike_P","Strike_P","Strike_P","Defend_P","Defend_P","Defend_P","Defend_P","Eruption","Vigilance","Evaluate","Conclude+1","WindmillStrike+1","Tantrum","Perseverance","ConjureBlade+1","Evaluate","DeusExMachina","Evaluate","EmptyFist","Halt+1","Collect","Evaluate","Vault"],"relics":["PureWater","MealTicket","Toy Ornithopter","The Courier","VioletLotus","Orrery","Nloth\u0027s Gift"],"acts_visited":["TheCity"],"potions_floor_usage":[12,16,22,22,23],"damage_taken":[{"damage":0,"enemies":"Small Slimes","floor":1,"turns":4},{"damage":4,"enemies":"Jaw Worm","floor":4,"turns":3},{"damage":3,"enemies":"Cultist","floor":7,"turns":4},{"damage":26,"enemies":"Exordium Thugs","floor":8,"turns":2},{"damage":0,"enemies":"Red Slaver","floor":11,"turns":2},{"damage":0,"enemies":"Gremlin Nob","floor":12,"turns":2},{"damage":4,"enemies":"Large Slime","floor":13,"turns":4},{"damage":2,"enemies":"Blue Slaver","floor":14,"turns":3},{"damage":4,"enemies":"Slime Boss","floor":16,"turns":4},{"damage":24,"enemies":"2 Thieves","floor":18,"turns":3},{"damage":33,"enemies":"Chosen","floor":21,"turns":8},{"damage":17,"enemies":"Shelled Parasite and Fungi","floor":22,"turns":5},{"damage":34,"enemies":"Slavers","floor":23,"turns":5}],"seed_played":"-2840443488665007498","potions_obtained":[{"floor":4,"key":"Explosive Potion"},{"floor":13,"key":"SpeedPotion"},{"floor":18,"key":"ColorlessPotion"}],"is_trial":false,"path_per_floor":["M","$","?","M","?","R","M","M","T","R","M","E","M","M","R","B",null,"M","$","?","M","M","E"],"character_chosen":"WATCHER","items_purchased":["Conclude","DistilledChaos","SteroidPotion","Orrery","Evaluate"],"campfire_rested":0,"item_purchase_floors":[2,2,2,19,19],"current_hp_per_floor":[72,72,72,68,68,68,65,39,39,39,39,44,40,38,38,39,72,48,63,63,30,23,0,0],"gold":180,"neow_bonus":"HUNDRED_GOLD","is_daily":false,"chose_seed":false,"campfire_upgraded":3,"win_rate":0.0,"timestamp":1608933946,"path_taken":["M","$","?","M","?","R","M","M","T","R","M","E","M","M","R","BOSS","M","?","?","?","M","E"],"items_purchased_type":["Card","Potion","Potion","Relic","Card"],"build_version":"2020-12-22","purchased_purges":1,"victory":false,"max_hp_per_floor":[72,72,72,72,72,72,72,72,72,72,72,72,72,72,72,72,72,72,72,72,72,72,72,72],"relic_stats":{"counters":[13,49],"MealTicket":15,"VioletLotus":[3],"Nloth\u0027s Gift":1,"obtain_stats":[{"SsserpentHead":5,"Orrery":19,"MealTicket":3,"The Courier":12,"VioletLotus":17,"Nloth\u0027s Gift":20,"PureWater":0,"Toy Ornithopter":9},{"SsserpentHead":2,"Orrery":10,"MealTicket":1,"The Courier":6,"VioletLotus":9,"Nloth\u0027s Gift":10,"PureWater":0,"Toy Ornithopter":4},{"SsserpentHead":7,"Orrery":31,"MealTicket":4,"The Courier":17,"VioletLotus":28,"Nloth\u0027s Gift":31,"PureWater":0,"Toy Ornithopter":13}],"Toy Ornithopter":25},"card_choices":[{"not_picked":["Halt","Wireheading"],"picked":"Evaluate","floor":1},{"not_picked":["Evaluate","EmptyFist"],"picked":"WindmillStrike","floor":4},{"not_picked":["TalkToTheHand","Protect"],"picked":"Tantrum","floor":7},{"not_picked":["SignatureMove","Fasting2","Consecrate"],"picked":"SKIP","floor":8},{"not_picked":["Prostrate","Protect","Meditate"],"picked":"SKIP","floor":11},{"not_picked":["FollowUp","Evaluate"],"picked":"Perseverance","floor":12},{"not_picked":["MentalFortress","FearNoEvil"],"picked":"ConjureBlade","floor":13},{"not_picked":["Swivel","PathToVictory"],"picked":"Evaluate","floor":14},{"not_picked":["Brilliance","Devotion"],"picked":"DeusExMachina","floor":16},{"not_picked":["Halt","FollowUp"],"picked":"Evaluate","floor":18},{"not_picked":["Meditate","Fasting2"],"picked":"EmptyFist","floor":19},{"not_picked":["CrushJoints+1","JustLucky"],"picked":"Halt+1","floor":19},{"not_picked":["PathToVictory","BowlingBash"],"picked":"Collect","floor":19},{"not_picked":["EmptyFist","ThirdEye","SignatureMove"],"picked":"SKIP","floor":21},{"not_picked":["Nirvana","SpiritShield"],"picked":"Vault","floor":22}],"player_experience":3204761,"relics_obtained":[{"floor":9,"key":"Toy Ornithopter"},{"floor":12,"key":"The Courier"}],"event_choices":[{"damage_healed":0,"gold_gain":0,"player_choice":"Box","damage_taken":0,"relics_obtained":["MealTicket"],"max_hp_gain":0,"max_hp_loss":0,"event_name":"Big Fish","floor":3,"gold_loss":0,"cards_obtained":["Regret"]},{"damage_healed":0,"gold_gain":0,"player_choice":"Trade","damage_taken":0,"relics_obtained":["SsserpentHead"],"max_hp_gain":0,"max_hp_loss":0,"event_name":"FaceTrader","floor":5,"gold_loss":0},{"damage_healed":0,"gold_gain":0,"player_choice":"Traded Relic","damage_taken":0,"relics_obtained":["Nloth\u0027s Gift"],"max_hp_gain":0,"max_hp_loss":0,"event_name":"N\u0027loth","floor":20,"relics_lost":["SsserpentHead"],"gold_loss":0}],"is_beta":false,"boss_relics":[{"not_picked":["Black Star","Velvet Choker"],"picked":"VioletLotus"}],"items_purged_floors":[19],"is_endless":false,"potions_floor_spawned":[4,8,13,18],"killed_by":"Slavers","ascension_level":0}}