{"host":"lhth1efayex2023z","time":1608865864,"event":{"mods":["BaseMod","Colored Map","Googly Eyes","Minty Spire (QoL Compilation)","StSLib"],"gold_per_floor":[359,370,41,58,68,98,98,123,123,158,178,178,196,206,206,304,304,276,50,60,73,73,73,73,73],"floor_reached":24,"playtime":1125,"items_purged":[],"score":330,"play_id":"e131d98d-5170-4bf4-8954-6bf5bde359f5","local_time":"20201224201104","is_ascension_mode":true,"campfire_choices":[{"floor":7.0,"key":"REST"},{"floor":15,"key":"REST"},{"floor":23,"key":"REST"}],"circlet_count":0,"master_deck":["AscendersBane","Strike_G","Strike_G","Strike_G","Strike_G","Strike_G","Defend_G","Defend_G","Defend_G","Defend_G","Defend_G","Survivor","Neutralize","Clumsy","Cloak And Dagger","Infinite Blades","Noxious Fumes","Infinite Blades","Adrenaline","Dagger Throw+1","Flechettes+1","Footwork","Dodge and Roll","Burst","Dash+1","Blur","Footwork"],"relics":["Ring of the Serpent","TungstenRod","Blue Candle","Molten Egg 2","Ginger","Girya","Bronze Scales","MutagenicStrength"],"acts_visited":["Exordium","TheCity"],"potions_floor_usage":[13,14,16,18,21],"damage_taken":[{"damage":2.0,"enemies":"Cultist","floor":1.0,"turns":4.0},{"damage":3.0,"enemies":"2 Louse","floor":2.0,"turns":4.0},{"damage":0.0,"enemies":"Jaw Worm","floor":4.0,"turns":5.0},{"damage":4.0,"enemies":"3 Louse","floor":5.0,"turns":6.0},{"damage":18.0,"enemies":"3 Sentries","floor":6.0,"turns":7.0},{"damage":12.0,"enemies":"Lagavulin","floor":8.0,"turns":7.0},{"damage":16,"enemies":"3 Sentries","floor":10,"turns":7},{"damage":3,"enemies":"2 Fungi Beasts","floor":11,"turns":3},{"damage":14,"enemies":"Exordium Wildlife","floor":13,"turns":4},{"damage":0,"enemies":"Lots of Slimes","floor":14,"turns":4},{"damage":25,"enemies":"Slime Boss","floor":16,"turns":10},{"damage":21,"enemies":"2 Thieves","floor":18,"turns":5},{"damage":23,"enemies":"Shell Parasite","floor":20,"turns":5},{"damage":7,"enemies":"Shelled Parasite and Fungi","floor":21,"turns":8},{"damage":3,"enemies":"Gremlin Leader","floor":24,"turns":4}],"seed_played":"-1080077081887214278","potions_obtained":[{"floor":1.0,"key":"GamblersBrew"},{"floor":6.0,"key":"Poison Potion"},{"floor":10,"key":"ColorlessPotion"},{"floor":11,"key":"LiquidMemories"},{"floor":13,"key":"SkillPotion"},{"floor":14,"key":"Explosive Potion"},{"floor":18,"key":"DuplicationPotion"}],"is_trial":false,"path_per_floor":["M","M","$","M","M","E","R","E","T","E","M","?","M","M","R","B",null,"M","$","M","M","?","R","E"],"character_chosen":"THE_SILENT","items_purchased":["TungstenRod","Infinite Blades","Bronze Scales","Blur"],"campfire_rested":3,"item_purchase_floors":[3,3,19,19],"current_hp_per_floor":[61,58,58,58,54,36,57,45,45,29,26,26,12,12,33,8,55,34,34,11,4,4,25,22,22],"gold":73,"neow_bonus":"TWO_FIFTY_GOLD","is_daily":false,"chose_seed":false,"campfire_upgraded":0,"win_rate":0.0,"timestamp":1608865864,"path_taken":["M","M","$","?","?","E","R","E","T","E","M","?","M","?","R","BOSS","M","$","?","M","?","R","E"],"items_purchased_type":["Relic","Card","Relic","Card"],"build_version":"2020-12-22","purchased_purges":0,"victory":false,"max_hp_per_floor":[70,70,70,70,70,70,70,70,70,70,70,70,70,70,70,70,70,70,70,70,70,70,70,70,70],"card_choices":[{"not_picked":["Underhanded Strike","Outmaneuver"],"picked":"Cloak And Dagger","floor":1.0},{"not_picked":["Quick Slash","Acrobatics","Outmaneuver"],"picked":"SKIP","floor":2.0},{"not_picked":["Well Laid Plans","Slice"],"picked":"Noxious Fumes","floor":4.0},{"not_picked":["Underhanded Strike","Outmaneuver"],"picked":"Infinite Blades","floor":5.0},{"not_picked":["Crippling Poison","PiercingWail"],"picked":"Adrenaline","floor":6.0},{"not_picked":["Acrobatics","Deadly Poison"],"picked":"Dagger Throw+1","floor":8.0},{"not_picked":["Heel Hook+1","Caltrops"],"picked":"Flechettes+1","floor":10},{"not_picked":["PiercingWail","Crippling Poison"],"picked":"Footwork","floor":11},{"not_picked":["Tactician","Deadly Poison","PiercingWail"],"picked":"SKIP","floor":13},{"not_picked":["Well Laid Plans","Setup"],"picked":"Dodge and Roll","floor":14},{"not_picked":["Unload+1","Die Die Die+1"],"picked":"Burst","floor":16},{"not_picked":["Underhanded Strike+1","Acrobatics+1"],"picked":"Dash+1","floor":18},{"not_picked":["Leg Sweep+1","Flying Knee+1"],"picked":"Footwork","floor":20},{"not_picked":["Finisher+1","Outmaneuver+1","Flechettes+1"],"picked":"SKIP","floor":21}],"player_experience":397661,"relics_obtained":[{"floor":6.0,"key":"Blue Candle"},{"floor":8.0,"key":"Molten Egg 2"},{"floor":10,"key":"Ginger"}],"event_choices":[{"damage_healed":0,"gold_gain":0,"player_choice":"Gave Potion","damage_taken":0,"relics_obtained":["Girya"],"max_hp_gain":0,"max_hp_loss":0,"event_name":"WeMeetAgain","floor":12,"gold_loss":0},{"damage_healed":0,"gold_gain":0,"player_choice":"Inject Mutagens","damage_taken":0,"relics_obtained":["MutagenicStrength"],"max_hp_gain":0,"max_hp_loss":0,"event_name":"Drug Dealer","floor":22,"gold_loss":0}],"is_beta":false,"boss_relics":[{"not_picked":["Runic Dome","Snecko Eye"],"picked":"Ring of the Serpent"}],"items_purged_floors":[],"is_endless":false,"potions_floor_spawned":[1,6,10,11,13,14,18],"killed_by":"Gremlin Leader","ascension_level":10}}