{"host":"soyfmymeou4emntr","time":1608859170,"event":{"mods":["BaseMod","Minty Spire (QoL Compilation)","Relic Sorter","Relic Stats","StSLib"],"gold_per_floor":[113,128,128,128,146,172,172,201,201,227,242,242,242,253,253,324,324,344,344,362,376,395,422,433,433,457,490,590,53,53,53,53,131,131,151,151,161,161,177,203,217,217,217,217,25,25,41,41,41,41,41],"floor_reached":52,"playtime":7485,"items_purged":[],"score":1905,"play_id":"9121b0e8-2aee-4810-b369-e8782a0e16ff","local_time":"20201224181930","is_ascension_mode":true,"campfire_choices":[{"data":"Biased Cognition","floor":7.0,"key":"SMITH"},{"floor":12.0,"key":"REST"},{"data":"Static Discharge","floor":15.0,"key":"SMITH"},{"floor":25.0,"key":"REST"},{"data":"Consume","floor":30.0,"key":"SMITH"},{"data":"Reboot","floor":32.0,"key":"SMITH"},{"floor":42.0,"key":"REST"},{"data":"Loop","floor":44.0,"key":"SMITH"},{"data":"Defragment","floor":46.0,"key":"SMITH"},{"data":"Chill","floor":49.0,"key":"SMITH"}],"circlet_count":0,"master_deck":["AscendersBane","Zap","Dualcast","BootSequence","Reboot+1","Biased Cognition+1","Genetic Algorithm","Hologram","Chill+1","Static Discharge+1","Barrage","Darkness","Doom and Gloom","Sweeping Beam","Undo","Melter","Cold Snap","Core Surge","Leap+1","Cold Snap","Glacier","Glacier","Hologram+1","Consume+1","Core Surge+1","Blind","Loop+1","Fusion+1","Defragment+1"],"relics":["Pandora\u0027s Box","Darkstone Periapt","HornCleat","Pantograph","Nunchaku","WarpedTongs","Inserter","Happy Flower","Orichalcum","MealTicket","Incense Burner","Molten Egg 2","Bag of Preparation","Singing Bowl","Black Star","Letter Opener","Bottled Flame","Eternal Feather","Membership Card"],"acts_visited":["Exordium","TheCity","TheBeyond"],"potions_floor_usage":[50],"damage_taken":[{"damage":10.0,"enemies":"Cultist","floor":1.0,"turns":3.0},{"damage":0.0,"enemies":"2 Louse","floor":2.0,"turns":2.0},{"damage":0.0,"enemies":"Small Slimes","floor":5.0,"turns":5.0},{"damage":26.0,"enemies":"Gremlin Nob","floor":6.0,"turns":4.0},{"damage":20.0,"enemies":"3 Sentries","floor":8.0,"turns":4.0},{"damage":10.0,"enemies":"Lagavulin","floor":10.0,"turns":6.0},{"damage":4.0,"enemies":"Red Slaver","floor":11.0,"turns":3.0},{"damage":5.0,"enemies":"3 Louse","floor":14.0,"turns":3.0},{"damage":39.0,"enemies":"Slime Boss","floor":16.0,"turns":4.0},{"damage":5.0,"enemies":"3 Byrds","floor":18.0,"turns":5.0},{"damage":0.0,"enemies":"Spheric Guardian","floor":20.0,"turns":2.0},{"damage":6.0,"enemies":"Snake Plant","floor":21.0,"turns":4.0},{"damage":7.0,"enemies":"Centurion and Healer","floor":22.0,"turns":4.0},{"damage":24.0,"enemies":"Gremlin Leader","floor":23.0,"turns":5.0},{"damage":7.0,"enemies":"Snecko","floor":24.0,"turns":4.0},{"damage":0.0,"enemies":"Book of Stabbing","floor":27.0,"turns":6.0},{"damage":17.0,"enemies":"Colosseum Slavers","floor":28.0,"turns":4.0},{"damage":5.0,"enemies":"Colosseum Nobs","floor":28.0,"turns":4.0},{"damage":2.0,"enemies":"Champ","floor":33.0,"turns":16.0},{"damage":4.0,"enemies":"Orb Walker","floor":35.0,"turns":4.0},{"damage":0.0,"enemies":"3 Shapes","floor":37.0,"turns":8.0},{"damage":0.0,"enemies":"Jaw Worm Horde","floor":39.0,"turns":7.0},{"damage":44.0,"enemies":"Reptomancer","floor":40.0,"turns":10.0},{"damage":22.0,"enemies":"Writhing Mass","floor":41.0,"turns":8.0},{"damage":4.0,"enemies":"Spire Growth","floor":47.0,"turns":6.0},{"damage":28,"enemies":"Awakened One","floor":50,"turns":13},{"damage":28,"enemies":"Donu and Deca","floor":51,"turns":12}],"seed_played":"-6570551330320233413","potions_obtained":[{"floor":1.0,"key":"Dexterity Potion"},{"floor":6.0,"key":"Weak Potion"},{"floor":11.0,"key":"AttackPotion"},{"floor":20.0,"key":"SpeedPotion"},{"floor":22.0,"key":"PowerPotion"},{"floor":23.0,"key":"FearPotion"},{"floor":24.0,"key":"Ancient Potion"},{"floor":33.0,"key":"CultistPotion"},{"floor":39.0,"key":"EssenceOfDarkness"}],"is_trial":false,"path_per_floor":["M","M","?","?","M","E","R","E","T","E","M","R","?","M","R","B",null,"M","?","M","M","M","E","M","R","T","E","?","$","R","?","R","B",null,"M","?","M","?","M","E","M","R","T","R","$","R","M","?","R","B","B",null],"character_chosen":"DEFECT","items_purchased":["Consume","Bag of Preparation","Singing Bowl","Membership Card","Defragment"],"campfire_rested":3,"item_purchase_floors":[29,29,29,45,45],"current_hp_per_floor":[54,54,54,71,71,45,45,25,25,15,11,32,38,33,33,19,63,58,58,58,52,45,21,14,37,37,37,15,30,30,45,45,68,75,73,70,70,70,70,28,8,33,33,48,63,78,76,76,83,55,52],"gold":41,"neow_bonus":"BOSS_RELIC","is_daily":false,"chose_seed":false,"campfire_upgraded":7,"win_rate":0.0,"timestamp":1608859170,"path_taken":["M","?","?","?","M","E","R","E","T","E","?","R","?","?","R","BOSS","M","?","?","M","M","E","M","R","T","E","?","$","R","?","R","BOSS","M","?","M","?","M","E","M","R","T","R","?","R","?","?","R","BOSS","BOSS"],"items_purchased_type":["Card","Relic","Relic","Relic","Card"],"build_version":"2020-12-22","purchased_purges":0,"victory":true,"max_hp_per_floor":[71,71,71,71,71,71,71,71,71,71,71,71,77,77,77,77,77,77,77,77,77,77,77,77,77,77,77,77,77,77,77,77,77,77,79,81,81,81,81,83,85,85,85,85,85,85,87,83,83,83,83],"relic_stats":{"Darkstone Periapt":6,"Inserter":[61],"Happy Flower":[34],"Singing Bowl":10,"counters":[27,156],"Eternal Feather":37,"Bag of Preparation":[18],"Letter Opener":[62],"Orichalcum":[150],"WarpedTongs":[126],"Nunchaku":[15],"Pantograph":75,"Pandora\u0027s Box":["BootSequence","Reboot","Steam Power","Biased Cognition","Genetic Algorithm","Hologram","Chill","Static Discharge"],"MealTicket":30,"Black Star":1,"obtain_stats":[{"Darkstone Periapt":6,"Inserter":17,"Happy Flower":23,"Singing Bowl":29,"Eternal Feather":43,"Incense Burner":28,"Bag of Preparation":29,"Letter Opener":40,"Orichalcum":26,"WarpedTongs":13,"Nunchaku":10,"Bottled Flame":40,"HornCleat":8,"Pantograph":9,"Pandora\u0027s Box":0,"MealTicket":27,"Molten Egg 2":28,"Black Star":34,"Membership Card":45,"Cracked Core":0},{"Darkstone Periapt":4,"Inserter":9,"Happy Flower":14,"Singing Bowl":18,"Eternal Feather":24,"Incense Burner":18,"Bag of Preparation":18,"Letter Opener":23,"Orichalcum":15,"WarpedTongs":7,"Nunchaku":6,"Bottled Flame":23,"HornCleat":5,"Pantograph":5,"Pandora\u0027s Box":0,"MealTicket":16,"Molten Egg 2":18,"Black Star":19,"Membership Card":24,"Cracked Core":0},{"Darkstone Periapt":14,"Inserter":34,"Happy Flower":54,"Singing Bowl":72,"Eternal Feather":125,"Incense Burner":72,"Bag of Preparation":72,"Letter Opener":117,"Orichalcum":58,"WarpedTongs":27,"Nunchaku":24,"Bottled Flame":117,"HornCleat":18,"Pantograph":18,"Pandora\u0027s Box":0,"MealTicket":64,"Molten Egg 2":72,"Black Star":88,"Membership Card":125,"Cracked Core":0}]},"card_choices":[{"not_picked":["Gash","Beam Cell"],"picked":"Barrage","floor":1.0},{"not_picked":["Reinforced Body","Redo"],"picked":"Darkness","floor":2.0},{"not_picked":["Barrage","Stack","Steam"],"picked":"SKIP","floor":5.0},{"not_picked":["Blizzard","Rebound"],"picked":"Doom and Gloom","floor":6.0},{"not_picked":["Hologram","Redo"],"picked":"Sweeping Beam","floor":8.0},{"not_picked":["Reinforced Body","Thunder Strike"],"picked":"Undo","floor":10.0},{"not_picked":["Go for the Eyes","Blizzard"],"picked":"Melter","floor":11.0},{"not_picked":["Static Discharge","Beam Cell"],"picked":"Cold Snap","floor":14.0},{"not_picked":["Reboot","Biased Cognition"],"picked":"Core Surge","floor":16.0},{"not_picked":["Steam Power","Steam"],"picked":"Compile Driver","floor":18.0},{"not_picked":["Steam Power","Force Field+1"],"picked":"Leap+1","floor":20.0},{"not_picked":["Hello World","Redo"],"picked":"Cold Snap","floor":21.0},{"not_picked":["Doom and Gloom","Melter","White Noise"],"picked":"SKIP","floor":22.0},{"not_picked":["Sweeping Beam","Conserve Battery"],"picked":"Glacier","floor":23.0},{"not_picked":["FTL","Sweeping Beam+1"],"picked":"Glacier","floor":24.0},{"not_picked":["Gash+1","Beam Cell","Static Discharge"],"picked":"SKIP","floor":27.0},{"not_picked":["Tempest+1","Redo"],"picked":"Hologram+1","floor":28.0},{"not_picked":["Buffer","Reboot"],"picked":"Core Surge+1","floor":33.0},{"not_picked":["Coolheaded","Go for the Eyes+1","Ball Lightning+1"],"picked":"Singing Bowl","floor":35.0},{"not_picked":["Forethought","Metamorphosis","Trip"],"picked":"Singing Bowl","floor":36.0},{"not_picked":["Discovery","Flash of Steel+1"],"picked":"Blind","floor":36.0},{"not_picked":["Capacitor","Streamline+1"],"picked":"Loop","floor":37.0},{"not_picked":["Aggregate","Turbo+1"],"picked":"Fusion+1","floor":39.0},{"not_picked":["Steam","Steam Power","Undo"],"picked":"Singing Bowl","floor":40.0},{"not_picked":["Ball Lightning+1","All For One+1","Scrape+1"],"picked":"Singing Bowl","floor":41.0},{"not_picked":["Genetic Algorithm+1","Auto Shields","Barrage+1"],"picked":"Singing Bowl","floor":47.0}],"player_experience":2624105,"relics_obtained":[{"floor":6.0,"key":"Darkstone Periapt"},{"floor":8.0,"key":"HornCleat"},{"floor":9.0,"key":"Pantograph"},{"floor":10.0,"key":"Nunchaku"},{"floor":23.0,"key":"Happy Flower"},{"floor":26.0,"key":"Orichalcum"},{"floor":27.0,"key":"MealTicket"},{"floor":28.0,"key":"Incense Burner"},{"floor":28.0,"key":"Molten Egg 2"},{"floor":40.0,"key":"Letter Opener"},{"floor":40.0,"key":"Bottled Flame"},{"floor":43.0,"key":"Eternal Feather"}],"event_choices":[{"damage_healed":0.0,"max_hp_gain":0.0,"max_hp_loss":0.0,"gold_gain":0.0,"event_name":"Liars Game","player_choice":"Ignored","floor":3.0,"gold_loss":0.0,"damage_taken":0.0},{"cards_removed":["Steam Power"],"damage_healed":17.0,"max_hp_gain":0.0,"max_hp_loss":0.0,"gold_gain":0.0,"event_name":"Bonfire Elementals","player_choice":"Offered Uncommon","floor":4.0,"gold_loss":0.0,"damage_taken":0.0},{"damage_healed":0.0,"max_hp_gain":0.0,"max_hp_loss":0.0,"gold_gain":0.0,"event_name":"Accursed Blacksmith","player_choice":"Rummage","floor":13.0,"gold_loss":0.0,"damage_taken":0.0,"relics_obtained":["WarpedTongs"],"cards_obtained":["Pain"]},{"cards_removed":["Pain"],"damage_healed":0.0,"max_hp_gain":0.0,"max_hp_loss":0.0,"gold_gain":0.0,"event_name":"Purifier","player_choice":"Purged","floor":19.0,"gold_loss":0.0,"damage_taken":0.0},{"damage_healed":0.0,"max_hp_gain":0.0,"max_hp_loss":0.0,"gold_gain":0.0,"event_name":"Colosseum","player_choice":"Fight","floor":28.0,"gold_loss":0.0,"damage_taken":0.0},{"damage_healed":0.0,"max_hp_gain":0.0,"max_hp_loss":0.0,"gold_gain":0.0,"event_name":"Colosseum","player_choice":"Fought Nobs","floor":28.0,"gold_loss":0.0,"damage_taken":0.0},{"damage_healed":15.0,"max_hp_gain":0.0,"max_hp_loss":0.0,"gold_gain":0.0,"event_name":"The Library","player_choice":"Heal","floor":31.0,"gold_loss":0.0,"damage_taken":0.0},{"damage_healed":0.0,"max_hp_gain":0.0,"max_hp_loss":0.0,"gold_gain":0.0,"event_name":"SensoryStone","player_choice":"Memory 2","floor":36.0,"gold_loss":0.0,"damage_taken":5.0},{"cards_removed":["Compile Driver"],"damage_healed":0.0,"max_hp_gain":0.0,"max_hp_loss":0.0,"gold_gain":0.0,"event_name":"Falling","player_choice":"Removed Attack","floor":38.0,"gold_loss":0.0,"damage_taken":0.0},{"damage_healed":0.0,"max_hp_gain":0.0,"max_hp_loss":4.0,"gold_gain":0.0,"event_name":"Winding Halls","player_choice":"Max HP","floor":48.0,"gold_loss":0.0,"damage_taken":0.0}],"is_beta":false,"boss_relics":[{"not_picked":["Astrolabe","Ectoplasm"],"picked":"Inserter"},{"not_picked":["Calling Bell","Runic Dome"],"picked":"Black Star"}],"items_purged_floors":[],"is_endless":false,"potions_floor_spawned":[1,6,11,14,20,22,23,24,28,33,39,41,47],"ascension_level":20}}