{"host":"8fjsnt81u6xsmhji","time":1608875859,"event":{"mods":["BaseMod","Colored Powertips","Downfall","Glutton Mod","Hermit","Minty Spire (QoL Compilation)","Quick Restart","Somnambulant","StSLib","The Blackbeard","The Bladedancer","The Bug Knight","The Construct","The Forsaken","The Hierophant","The Mystic","The Servant 0.9.4"],"gold_per_floor":[114,114,289,6,17,48,148,159,239,256,256,272,307,257,257,356,356,374,88,102,114,124,124,156,156,156,167,167,167,167,183,183,285,285,300,310,327,327,347,347,364,377,377,394,394,394],"floor_reached":45,"playtime":2475,"items_purged":["Doubt"],"score":576,"play_id":"13107017-2a85-44a2-a25e-91d04b59ac5a","local_time":"20201224235739","is_ascension_mode":true,"campfire_choices":[{"floor":11.0,"key":"REST"},{"data":"blademaster:Bloodbath","floor":15.0,"key":"SMITH"},{"floor":23.0,"key":"REST"},{"floor":25.0,"key":"REST"},{"floor":28.0,"key":"REST"},{"floor":32.0,"key":"REST"},{"floor":40.0,"key":"REST"}],"circlet_count":0,"master_deck":["blademaster:Strike","blademaster:Strike","blademaster:Strike","blademaster:Defend","blademaster:Defend","blademaster:Defend","blademaster:RagingBlow","blademaster:HighVoltage","blademaster:Safeguard","blademaster:ParryingStrike","blademaster:AspectOfLightning","blademaster:AwakeningStrike","blademaster:Blindside","blademaster:Bloodbath+1","blademaster:DaggerAndCloak","blademaster:ColdBlood","blademaster:ParryingStrike","blademaster:Rupture+1","blademaster:DeadlyDance","blademaster:Stability+1","blademaster:BladeMastery+1","blademaster:Flash","blademaster:Bloodbath","blademaster:Flurry+1","Pain","Parasite","blademaster:ThunderSlash+1","blademaster:AncestralHealing+1","blademaster:CullingStrike+1"],"relics":["blademaster:DancersAmulet","Strange Spoon","Strawberry","Bottled Lightning","Happy Flower","Philosopher\u0027s Stone","Ginger","HollowMod:LifeEnderRelic","Darkstone Periapt","Anchor","Black Star","WarpedTongs","Sundial"],"acts_visited":["Exordium","TheCity","TheBeyond"],"potions_floor_usage":[],"damage_taken":[{"damage":0.0,"enemies":"2 Louse","floor":1.0,"turns":2.0},{"damage":7.0,"enemies":"Small Slimes","floor":5.0,"turns":3.0},{"damage":24.0,"enemies":"3 Sentries","floor":6.0,"turns":11.0},{"damage":0.0,"enemies":"Cultist","floor":8.0,"turns":3.0},{"damage":3.0,"enemies":"Lots of Slimes","floor":10.0,"turns":4.0},{"damage":11.0,"enemies":"Blue Slaver","floor":12.0,"turns":3.0},{"damage":11.0,"enemies":"Lagavulin","floor":13.0,"turns":6.0},{"damage":0.0,"enemies":"Slime Boss","floor":16.0,"turns":6.0},{"damage":7.0,"enemies":"3 Byrds","floor":18.0,"turns":3.0},{"damage":0.0,"enemies":"Spheric Guardian","floor":20.0,"turns":3.0},{"damage":47.0,"enemies":"Cultist and Chosen","floor":21.0,"turns":7.0},{"damage":5.0,"enemies":"Snecko","floor":22.0,"turns":4.0},{"damage":17.0,"enemies":"Gremlin Leader","floor":24.0,"turns":6.0},{"damage":24.0,"enemies":"Shelled Parasite and Fungi","floor":27.0,"turns":5.0},{"damage":22.0,"enemies":"3 Cultists","floor":31.0,"turns":5.0},{"damage":4.0,"enemies":"Champ","floor":33.0,"turns":9.0},{"damage":56.0,"enemies":"3 Darklings","floor":35.0,"turns":6.0},{"damage":22.0,"enemies":"3 Shapes","floor":36.0,"turns":5.0},{"damage":14.0,"enemies":"Jaw Worm Horde","floor":37.0,"turns":3.0},{"damage":2.0,"enemies":"Sphere and 2 Shapes","floor":39.0,"turns":4.0},{"damage":33.0,"enemies":"Writhing Mass","floor":41.0,"turns":5.0},{"damage":10.0,"enemies":"Transient","floor":42.0,"turns":5.0},{"damage":17.0,"enemies":"3 Darklings","floor":44.0,"turns":5.0},{"damage":48,"enemies":"Reptomancer","floor":45,"turns":4}],"seed_played":"-7432605212394861609","potions_obtained":[{"floor":6.0,"key":"ColorlessPotion"},{"floor":10.0,"key":"Strength Potion"},{"floor":13.0,"key":"BlessingOfTheForge"},{"floor":21.0,"key":"SteroidPotion"},{"floor":27.0,"key":"Regen Potion"},{"floor":31.0,"key":"Guardian:BlockOnCardUsePotion"},{"floor":35.0,"key":"champ:CounterPotion"},{"floor":37.0,"key":"DistilledChaos"},{"floor":44.0,"key":"AttackPotion"}],"is_trial":false,"path_per_floor":["M","?","?","$","M","E","?","M","T","M","R","M","E","?","R","B",null,"M","$","M","M","M","R","E","R","T","M","R","?","?","M","R","B",null,"M","M","M","?","M","R","M","M","T","M","E"],"character_chosen":"THE_BLADEMASTER","items_purchased":["Strange Spoon","blademaster:ParryingStrike","Ginger"],"campfire_rested":6,"item_purchase_floors":[4,4,19],"current_hp_per_floor":[82,82,82,82,75,58,58,58,58,55,81,70,59,59,59,59,89,82,82,82,35,30,56,39,65,65,47,73,65,48,44,72,74,94,44,28,20,26,30,60,39,35,35,40,0,0],"gold":394,"neow_bonus":"TEN_PERCENT_HP_BONUS","is_daily":false,"chose_seed":false,"campfire_upgraded":1,"win_rate":0.0,"timestamp":1608875859,"path_taken":["M","?","?","$","M","E","?","M","T","?","R","?","E","?","R","BOSS","M","$","M","M","M","R","E","R","T","M","R","?","?","M","R","BOSS","M","M","M","?","M","R","M","M","T","?","E"],"items_purchased_type":["Relic","Card","Relic"],"build_version":"2020-12-22","purchased_purges":1,"victory":false,"max_hp_per_floor":[82,82,82,82,82,89,89,89,89,89,89,89,89,89,89,89,89,89,89,89,89,89,89,89,89,89,89,89,89,94,94,94,94,94,94,94,94,100,100,100,106,106,106,106,106,106],"card_choices":[{"not_picked":["blademaster:AwakeningDefend","blademaster:Meditate"],"picked":"blademaster:Safeguard","floor":1.0},{"not_picked":["blademaster:FuriousStrike","blademaster:BladeCross"],"picked":"blademaster:AspectOfLightning","floor":5.0},{"not_picked":["blademaster:CombatPrep","blademaster:BrainBloom"],"picked":"blademaster:AwakeningStrike","floor":6.0},{"not_picked":["blademaster:AspectOfWind","blademaster:Flurry"],"picked":"blademaster:Blindside","floor":8.0},{"not_picked":["blademaster:BladeMastery","blademaster:OneTrickPony"],"picked":"blademaster:Bloodbath","floor":10.0},{"not_picked":["blademaster:Slice","blademaster:OneTrickPony"],"picked":"blademaster:DaggerAndCloak","floor":12.0},{"not_picked":["blademaster:CombatPrep","blademaster:WindSlash","blademaster:Sunder"],"picked":"SKIP","floor":13.0},{"not_picked":["blademaster:RollingTyphoon","blademaster:FlockOfBlades"],"picked":"blademaster:ColdBlood","floor":16.0},{"not_picked":["blademaster:SlyStabs","blademaster:AwakeningStrike","blademaster:Gust"],"picked":"SKIP","floor":18.0},{"not_picked":["blademaster:Quickness","blademaster:Vortex+1"],"picked":"blademaster:ParryingStrike","floor":20.0},{"not_picked":["blademaster:DeadlyDance","blademaster:Quickstep"],"picked":"blademaster:Rupture+1","floor":21.0},{"not_picked":["blademaster:KiBarrier","blademaster:Quickness","blademaster:Quickstep"],"picked":"SKIP","floor":22.0},{"not_picked":["blademaster:EyeOfTheTornado+1","blademaster:Sunder"],"picked":"blademaster:DeadlyDance","floor":24.0},{"not_picked":["blademaster:Sharpen","blademaster:Gust"],"picked":"blademaster:Stability+1","floor":27.0},{"not_picked":["blademaster:WindSlash","blademaster:DragonStrike"],"picked":"blademaster:BladeMastery+1","floor":31.0},{"not_picked":["blademaster:BladeDance","blademaster:HighVoltage"],"picked":"blademaster:Flash","floor":33.0},{"not_picked":["blademaster:Quickstep+1","blademaster:Safeguard"],"picked":"blademaster:Bloodbath","floor":35.0},{"not_picked":["blademaster:Quickstep+1","blademaster:AwakeningDefend+1"],"picked":"blademaster:Flurry+1","floor":36.0},{"not_picked":["blademaster:CombatPrep","blademaster:Quickstep","blademaster:Cut"],"picked":"SKIP","floor":37.0},{"not_picked":["blademaster:LightningCrash+1","blademaster:Cut","blademaster:Quickness"],"picked":"SKIP","floor":39.0},{"not_picked":["blademaster:Vortex","blademaster:DeadlyDance"],"picked":"blademaster:ThunderSlash+1","floor":41.0},{"not_picked":["blademaster:LightningCrash","blademaster:Frontflip"],"picked":"blademaster:AncestralHealing+1","floor":42.0},{"not_picked":["blademaster:AwakeningDefend+1","blademaster:WindSlash"],"picked":"blademaster:CullingStrike+1","floor":44.0}],"player_experience":727664,"relics_obtained":[{"floor":6.0,"key":"Strawberry"},{"floor":6.0,"key":"blademaster:BleedingLaceratePerk"},{"floor":9.0,"key":"Bottled Lightning"},{"floor":13.0,"key":"Happy Flower"},{"floor":13.0,"key":"blademaster:StrongPerk"},{"floor":24.0,"key":"HollowMod:LifeEnderRelic"},{"floor":24.0,"key":"blademaster:StanceHealPerk"},{"floor":26.0,"key":"Darkstone Periapt"},{"floor":43.0,"key":"Sundial"}],"event_choices":[{"cards_removed":["blademaster:Defend"],"damage_healed":0.0,"max_hp_gain":0.0,"max_hp_loss":0.0,"gold_gain":0.0,"event_name":"Living Wall","player_choice":"Forget","floor":2.0,"gold_loss":0.0,"damage_taken":0.0},{"damage_healed":0.0,"max_hp_gain":0.0,"max_hp_loss":0.0,"gold_gain":175.0,"event_name":"Liars Game","player_choice":"AGREE","floor":3.0,"gold_loss":0.0,"damage_taken":0.0,"cards_obtained":["Doubt"]},{"damage_healed":0.0,"max_hp_gain":0.0,"max_hp_loss":0.0,"gold_gain":100.0,"event_name":"Wheel of Change","player_choice":"Gold","floor":7.0,"gold_loss":0.0,"damage_taken":0.0},{"cards_removed":["blademaster:Strike"],"damage_healed":0.0,"max_hp_gain":0.0,"max_hp_loss":0.0,"gold_gain":0.0,"event_name":"The Cleric","player_choice":"Card Removal","floor":14.0,"gold_loss":50.0,"damage_taken":0.0},{"damage_healed":0.0,"max_hp_gain":0.0,"max_hp_loss":0.0,"gold_gain":0.0,"event_name":"blackbeard:ShipwreckEvent","player_choice":"Anchor","floor":29.0,"gold_loss":0.0,"damage_taken":0.0,"relics_obtained":["Anchor"]},{"damage_healed":0.0,"max_hp_gain":5.0,"max_hp_loss":0.0,"gold_gain":0.0,"event_name":"Forgotten Altar","player_choice":"Shed Blood","floor":30.0,"gold_loss":0.0,"damage_taken":22.0},{"damage_healed":0.0,"max_hp_gain":0.0,"max_hp_loss":0.0,"gold_gain":0.0,"event_name":"Accursed Blacksmith","player_choice":"Rummage","floor":38.0,"gold_loss":0.0,"damage_taken":0.0,"relics_obtained":["WarpedTongs"],"cards_obtained":["Pain"]}],"is_beta":false,"boss_relics":[{"not_picked":["Pandora\u0027s Box","construct:WeddingRing"],"picked":"Philosopher\u0027s Stone"},{"not_picked":["Fusion Hammer","Astrolabe"],"picked":"Black Star"}],"items_purged_floors":[4],"is_endless":false,"potions_floor_spawned":[6,10,13,21,27,31,35,37,44],"killed_by":"Reptomancer","ascension_level":1}}