{"host":"so437kwitdq4epbi","time":1608889965,"event":{"mods":["AchievementEnabler","BaseMod","Decade(王小明)","Friendly Minions","Gremlin Mod","KinomotoSakuraMod(木之本樱)","Koishi","KomeijiMod","Lobotomy","LobotomyExtend","Marisa（F雨　魔理沙）","Minty Spire (QoL Compilation)","Quick Restart","READ ME - Snecko Mod","Replay The Spire","StSLib","The Alterego","The Bladedancer","The Bug Knight","The Construct","The Hierophant","The Mystic","The Poker Player","The Runesmith","Yuyuko","[IsaacMod]以撒尖塔","vexMod"],"gold_per_floor":[112,130,146,160,160,195,215,233,306,319,319,331,360,360,360,465,465,475,125,136,136,136],"floor_reached":21,"playtime":3226,"items_purged":[],"score":195,"play_id":"b86373bc-9b22-42ed-8d32-01c53c6f1797","local_time":"20201225175245","is_ascension_mode":false,"campfire_choices":[{"floor":15,"key":"REST"}],"circlet_count":0,"master_deck":["Runesmith:Strike_RS","Runesmith:Strike_RS","Runesmith:Strike_RS","Runesmith:Strike_RS","Runesmith:Defend_RS","Runesmith:Defend_RS","Runesmith:Defend_RS","Runesmith:CraftFirestone","Runesmith:Fortify","DoctorFetus","Runesmith:Grindstone","Runesmith:Attraction","Runesmith:EnergizedChisel","Runesmith:CraftMagma","Runesmith:MetallurgicalResearch","Runesmith:CraftProtectio+1","Runesmith:Discharge","Runesmith:ChaoticBlast","Runesmith:EarthShield","Runesmith:CraftSpiculum","Runesmith:Firestorm+1","Runesmith:RuneHurl","Runesmith:UnlimitedPower","CurseOfTheBell","Runesmith:Grindstone","Runesmith:HeatExchange+1","Runesmith:Firewall","Runesmith:OneForEveryone","Runesmith:NanitesCloud+1"],"relics":["Runesmith:BrokenRuby","HushsDoor","LetterFromLob","Tiny Chest","GuppysTail","Bottled Flame","Ornamental Fan","Calling Bell","Lantern","TuHaoJin","FossilizedHelix","Chaos"],"acts_visited":["Exordium","TheCity"],"potions_floor_usage":[18,21],"damage_taken":[{"damage":0,"enemies":"2 Louse","floor":1,"turns":3},{"damage":0,"enemies":"Small Slimes","floor":2,"turns":3},{"damage":7,"enemies":"Jaw Worm","floor":3,"turns":4},{"damage":3,"enemies":"3 Louse","floor":4,"turns":4},{"damage":8,"enemies":"Replay:BlueRogue","floor":6,"turns":5},{"damage":0,"enemies":"Looter","floor":7,"turns":3},{"damage":0,"enemies":"Blue Slaver","floor":8,"turns":4},{"damage":4,"enemies":"3 Louse","floor":10,"turns":3},{"damage":8,"enemies":"Large Slime","floor":12,"turns":6},{"damage":9,"enemies":"3 Sentries","floor":13,"turns":7},{"damage":19,"enemies":"Slime Boss","floor":16,"turns":8},{"damage":0,"enemies":"2 Thieves","floor":18,"turns":5},{"damage":0,"enemies":"Shell Parasite","floor":20,"turns":6},{"damage":73,"enemies":"Cultist and Chosen","floor":21,"turns":6}],"seed_played":"-3702341320391239989","potions_obtained":[{"floor":2,"key":"Swift Potion"},{"floor":4,"key":"SpeedPotion"},{"floor":7,"key":"Adrenaline Potion"},{"floor":20,"key":"Strength Potion"}],"is_trial":false,"path_per_floor":["M","M","M","M","?","E","M","M","T","M","E","M","E","?","R","B",null,"M","$","M","M"],"character_chosen":"RUNESMITH_CLASS","items_purchased":["Runesmith:HeatExchange+1","Runesmith:Firewall","Runesmith:OneForEveryone","Chaos"],"campfire_rested":1,"item_purchase_floors":[19,19,19,19],"current_hp_per_floor":[70,70,63,60,60,52,52,52,52,48,48,40,31,31,52,33,70,70,70,70,0,0],"gold":136,"neow_bonus":"THREE_CARDS","is_daily":false,"chose_seed":false,"campfire_upgraded":0,"win_rate":0.0,"timestamp":1608889965,"path_taken":["M","M","M","M","?","E","M","M","T","M","E","M","E","?","R","BOSS","M","$","M","M"],"items_purchased_type":["Card","Card","Card","Card"],"build_version":"2020-12-22","purchased_purges":0,"victory":false,"max_hp_per_floor":[70,70,70,70,70,70,70,70,70,70,70,70,70,70,70,70,70,70,70,70,70,70],"card_choices":[{"not_picked":[],"picked":"DoctorFetus","floor":0},{"not_picked":["Runesmith:Overpower","Runesmith:Accelerate"],"picked":"Runesmith:Grindstone","floor":0},{"not_picked":["Runesmith:CraftMagma","Runesmith:ShiftingStrike"],"picked":"Runesmith:Attraction","floor":1},{"not_picked":["Runesmith:Overpower","Runesmith:LithiumIon"],"picked":"Runesmith:EnergizedChisel","floor":2},{"not_picked":["Runesmith:EarthShield","Runesmith:CraftReservo"],"picked":"Runesmith:CraftMagma","floor":3},{"not_picked":["Bomb","Runesmith:CraftMagma"],"picked":"Runesmith:MetallurgicalResearch","floor":4},{"not_picked":["Runesmith:FrozenChisel","Runesmith:CraftVitae"],"picked":"Runesmith:Discharge","floor":6},{"not_picked":["Runesmith:Discharge","Runesmith:ShiftingStrike"],"picked":"Runesmith:ChaoticBlast","floor":7},{"not_picked":["Runesmith:CraftMagma","Runesmith:EnergizedChisel"],"picked":"Runesmith:EarthShield","floor":8},{"not_picked":["Runesmith:Grindstone","Runesmith:CraftMedicinae"],"picked":"Runesmith:CraftSpiculum","floor":10},{"not_picked":["Runesmith:HeatExchange","Runesmith:EarthShield"],"picked":"Runesmith:Firestorm","floor":12},{"not_picked":["Runesmith:OneForEveryone","Runesmith:CraftProtectio"],"picked":"Runesmith:RuneHurl","floor":13},{"not_picked":["Runesmith:Duplicate","Runesmith:CreatorForm"],"picked":"Runesmith:UnlimitedPower","floor":16},{"not_picked":["Runesmith:Malloc","Runesmith:CraftMagma"],"picked":"Runesmith:Grindstone","floor":18},{"not_picked":["Runesmith:Retool","Runesmith:RuneHurl"],"picked":"Runesmith:NanitesCloud+1","floor":20}],"player_experience":109794,"relics_obtained":[{"floor":1,"key":"LetterFromLob"},{"floor":6,"key":"Tiny Chest"},{"floor":9,"key":"Bottled Flame"},{"floor":13,"key":"Ornamental Fan"},{"floor":17,"key":"Lantern"},{"floor":17,"key":"TuHaoJin"},{"floor":17,"key":"FossilizedHelix"}],"event_choices":[{"damage_healed":0,"gold_gain":0,"player_choice":"Grow","damage_taken":0,"max_hp_gain":0,"max_hp_loss":0,"event_name":"Living Wall","floor":14,"gold_loss":0,"cards_upgraded":["Runesmith:Firestorm"]}],"is_beta":false,"boss_relics":[{"not_picked":["vexMod:CursedCompass","Philosopher\u0027s Stone"],"picked":"Calling Bell"},{"not_picked":[]}],"items_purged_floors":[],"is_endless":false,"potions_floor_spawned":[2,4,7,10,20],"killed_by":"Cultist and Chosen","ascension_level":0}}