{"host":"6bsan6hkua32tfq7","time":1608935377,"event":{"mods":["BaseMod","Better Third Choice","Colored Map","Highlight Path","Minty Spire (QoL Compilation)","StSLib"],"gold_per_floor":[210,230,249,269,288,298,298,298,298],"floor_reached":8,"playtime":327,"items_purged":[],"score":104,"play_id":"83ccdf5a-3708-4f6d-86fb-84c8e752d99c","local_time":"20201225232937","is_ascension_mode":true,"campfire_choices":[{"floor":7,"key":"REST"}],"circlet_count":0,"master_deck":["AscendersBane","Strike_R","Strike_R","Strike_R","Strike_R","Strike_R","Defend_R","Defend_R","Defend_R","Defend_R","Bash","True Grit","Thunderclap","Pommel Strike","Armaments","Shrug It Off","Twin Strike"],"relics":["Burning Blood"],"acts_visited":["Exordium"],"potions_floor_usage":[6,8],"damage_taken":[{"damage":12,"enemies":"Cultist","floor":1,"turns":4},{"damage":14,"enemies":"Small Slimes","floor":2,"turns":5},{"damage":4,"enemies":"2 Louse","floor":3,"turns":5},{"damage":35,"enemies":"Gremlin Gang","floor":4,"turns":4},{"damage":11,"enemies":"Exordium Wildlife","floor":5,"turns":6},{"damage":7,"enemies":"Exordium Thugs","floor":6,"turns":5},{"damage":56,"enemies":"Gremlin Nob","floor":8,"turns":4}],"seed_played":"3080952482149037903","potions_obtained":[{"floor":2,"key":"Swift Potion"},{"floor":4,"key":"FearPotion"}],"is_trial":false,"path_per_floor":["M","M","M","M","M","M","R","E"],"character_chosen":"IRONCLAD","items_purchased":[],"campfire_rested":1,"item_purchase_floors":[],"current_hp_per_floor":[62,54,56,27,22,21,43,0,0],"gold":298,"neow_bonus":"HUNDRED_GOLD","is_daily":false,"chose_seed":false,"campfire_upgraded":0,"win_rate":0.0,"timestamp":1608935377,"path_taken":["M","M","M","M","M","?","R","E"],"items_purchased_type":[],"build_version":"2020-12-22","purchased_purges":0,"victory":false,"max_hp_per_floor":[75,75,75,75,75,75,75,75,75],"card_choices":[{"not_picked":["Thunderclap","Flex"],"picked":"True Grit","floor":1},{"not_picked":["Dual Wield","Hemokinesis"],"picked":"Thunderclap","floor":2},{"not_picked":["Entrench","Clash"],"picked":"Pommel Strike","floor":3},{"not_picked":["Body Slam","Perfected Strike"],"picked":"Armaments","floor":4},{"not_picked":["Iron Wave","Dark Embrace"],"picked":"Shrug It Off","floor":5},{"not_picked":["Perfected Strike","Pommel Strike"],"picked":"Twin Strike","floor":6}],"player_experience":5201276,"relics_obtained":[],"event_choices":[],"is_beta":false,"boss_relics":[],"items_purged_floors":[],"is_endless":false,"potions_floor_spawned":[2,4],"killed_by":"Gremlin Nob","ascension_level":20}}