{"host":"m3herrhkesxm9ooc","time":1608913641,"event":{"mods":["BaseMod","Hermit","Minty Spire (QoL Compilation)","StSLib","The Hierophant"],"gold_per_floor":[112,77,1,20,81,81,109,109,183,213,363,363,388,388,388,388,388],"floor_reached":16,"playtime":373,"items_purged":[],"score":243,"play_id":"3fc84472-92dd-4481-a096-9ca58d8a4e27","local_time":"20201226012721","is_ascension_mode":true,"campfire_choices":[{"data":"hermit:Snapshot","floor":6,"key":"SMITH"},{"data":"hermit:Maintenance","floor":8,"key":"SMITH"},{"data":"hermit:HighCaliber","floor":12,"key":"SMITH"},{"floor":15,"key":"REST"}],"circlet_count":0,"master_deck":["AscendersBane","hermit:Strike_Hermit","hermit:Strike_Hermit","hermit:Strike_Hermit","hermit:Strike_Hermit","hermit:Defend_Hermit","hermit:Defend_Hermit","hermit:Defend_Hermit","hermit:Defend_Hermit","hermit:Snapshot+1","hermit:Covet","hermit:Midnight","hermit:Glare","hermit:BodyArmor","hermit:HighCaliber+1","hermit:Maintenance+1","hermit:Coalescence+1","Doubt","hermit:Headshot"],"relics":["hermit:Momento","NeowsBlessing","Happy Flower","Toxic Egg 2","Potion Belt","Bottled Lightning","Shuriken"],"acts_visited":["Exordium"],"potions_floor_usage":[10,13,13],"damage_taken":[{"damage":0,"enemies":"Small Slimes","floor":1,"turns":1},{"damage":0,"enemies":"Jaw Worm","floor":4,"turns":1},{"damage":0,"enemies":"3 Sentries","floor":7,"turns":1},{"damage":10,"enemies":"Gremlin Nob","floor":10,"turns":4},{"damage":15,"enemies":"Lagavulin","floor":13,"turns":6},{"damage":69,"enemies":"The Guardian","floor":16,"turns":10}],"seed_played":"1057977760066343006","potions_obtained":[{"floor":4,"key":"LiquidBronze"},{"floor":7,"key":"Weak Potion"},{"floor":10,"key":"hermit:Tonic"}],"is_trial":false,"path_per_floor":["M","?","$","M","?","R","E","R","T","E","?","R","E","T","R","B"],"character_chosen":"HERMIT","items_purchased":["hermit:Glare","hermit:BodyArmor"],"campfire_rested":1,"item_purchase_floors":[3,3],"current_hp_per_floor":[64,71,71,71,71,71,71,71,71,61,61,61,46,46,67,0,0],"gold":388,"neow_bonus":"THREE_ENEMY_KILL","is_daily":false,"chose_seed":false,"campfire_upgraded":3,"win_rate":0.0,"timestamp":1608913641,"path_taken":["M","?","?","?","?","R","E","R","T","E","?","R","E","?","R","BOSS"],"items_purchased_type":["Card","Card"],"build_version":"2020-12-22","purchased_purges":0,"victory":false,"max_hp_per_floor":[71,71,71,71,71,71,71,71,71,71,71,71,71,71,71,71,71],"card_choices":[{"not_picked":["hermit:Snipe","hermit:Dive"],"picked":"hermit:Midnight","floor":1},{"not_picked":["hermit:TrackingShot","hermit:Gestalt"],"picked":"hermit:HighCaliber","floor":4},{"not_picked":["hermit:Headshot","hermit:Showdown"],"picked":"hermit:Maintenance","floor":7},{"not_picked":["hermit:Brawl","hermit:ItchyTrigger"],"picked":"hermit:Coalescence+1","floor":10},{"not_picked":["hermit:ShadowCloak","hermit:BlackWind"],"picked":"hermit:Headshot","floor":13}],"player_experience":652312,"relics_obtained":[{"floor":7,"key":"Happy Flower"},{"floor":9,"key":"Toxic Egg 2"},{"floor":10,"key":"Potion Belt"},{"floor":13,"key":"Bottled Lightning"},{"floor":14,"key":"Shuriken"}],"event_choices":[{"damage_healed":17,"gold_gain":0,"player_choice":"Healed","damage_taken":0,"max_hp_gain":0,"max_hp_loss":0,"event_name":"The Cleric","floor":2,"gold_loss":35},{"damage_healed":0,"gold_gain":61,"player_choice":"Gained Gold","damage_taken":0,"max_hp_gain":0,"max_hp_loss":0,"event_name":"Golden Wing","floor":5,"gold_loss":0},{"damage_healed":0,"gold_gain":150,"player_choice":"AGREE","damage_taken":0,"max_hp_gain":0,"max_hp_loss":0,"event_name":"Liars Game","floor":11,"gold_loss":0,"cards_obtained":["Doubt"]}],"is_beta":false,"boss_relics":[],"items_purged_floors":[],"is_endless":false,"potions_floor_spawned":[4,7,10],"killed_by":"The Guardian","ascension_level":15}}