{"host":"qc1sjgtdjonvdsd8","time":1608885087,"event":{"mods":["BaseMod","Colored Map","Colored Powertips","Downfall","Minty Spire (QoL Compilation)","Replay The Spire","StSLib","The Disciple"],"gold_per_floor":[99,99,99,30,141,141,168,185,201,376,301,301,321,340,350,450,450,450,450,450,450,450,450,450,216,216,216,216,216,216,216,216,216,216,216,216,216,216,216,216,216,216,216,216,216],"floor_reached":43,"playtime":4733,"items_purged":["Doubt"],"score":501,"play_id":"1aede36f-c4a7-453d-917b-44a81ab1af5d","local_time":"20201225003127","is_ascension_mode":false,"campfire_choices":[{"data":"hexamod:Strike","floor":1,"key":"PURGE"},{"data":"hexamod:GhostLash","floor":11,"key":"SMITH"},{"floor":18,"key":"DIG"},{"floor":29,"key":"REST"},{"floor":35,"key":"RECALL"}],"circlet_count":0,"master_deck":["hexamod:Strike","hexamod:Strike","hexamod:Strike","hexamod:Defend","hexamod:Defend","hexamod:Defend","hexamod:Defend","hexamod:Sear","hexamod:Float","hexamod:StepThrough","hexamod:GhostLash+1","hexamod:Hexaguard","hexamod:GhostOfSpirePresent","hexamod:GhostOfSpireFuture","hexamod:SpectersWail","hexamod:FastForward","hexamod:FirstSeal","hexamod:GhostOfSpirePast","hexamod:RadiantFlame","hexamod:SpectersWail","hexamod:SkipABeat","hexamod:AdvancingGuard","hexamod:TimeWarp","hexamod:InspiringFlames+1","hexamod:AdvancingGuard","hexamod:GhostLash+1","hexamod:ThirdSeal","hexamod:AdvancingGuard","hexamod:WildfireWeapon","hexamod:Hexaguard+1","hexamod:Hexaguard","hexamod:PhantomFireball","hexamod:FastForward","hexamod:Hexaguard+1","hexamod:FirstSeal","hexamod:GhostflameInferno","hexamod:SkipABeat","hexamod:Hexaguard+1","hexamod:NightmareStrike","hexamod:StepThrough+1","hexamod:RadiantFlame","hexamod:FastForward"],"relics":["hexamod:SpiritBrand","downfall:HeartsMalice","downfall:HeartBlessingBlue","downfall:Hecktoplasm","downfall:RedIOU","Dream Catcher","Medical Kit","Tiny House","Durian"],"acts_visited":["Exordium","TheCity","TheBeyond"],"potions_floor_usage":[15,16,20,33,33,33,39,39],"damage_taken":[{"damage":0,"enemies":"Jaw Worm","floor":2,"turns":1},{"damage":0,"enemies":"2 Louse","floor":3,"turns":1},{"damage":0,"enemies":"downfall:FleeingMerchant","floor":4,"turns":1},{"damage":0,"enemies":"Small Slimes","floor":8,"turns":3},{"damage":0,"enemies":"2 Fungi Beasts","floor":9,"turns":4},{"damage":14,"enemies":"Exordium Thugs","floor":13,"turns":4},{"damage":1,"enemies":"Exordium Wildlife","floor":14,"turns":4},{"damage":11,"enemies":"Gremlin Gang","floor":15,"turns":3},{"damage":38,"enemies":"downfall:Watcher","floor":16,"turns":9},{"damage":2,"enemies":"Spheric Guardian","floor":19,"turns":4},{"damage":0,"enemies":"3 Cultists","floor":21,"turns":6},{"damage":0,"enemies":"Snake Plant","floor":22,"turns":4},{"damage":0,"enemies":"downfall:FleeingMerchant","floor":25,"turns":4},{"damage":18,"enemies":"Centurion and Healer","floor":26,"turns":8},{"damage":18,"enemies":"Shelled Parasite and Fungi","floor":27,"turns":6},{"damage":17,"enemies":"3 Cultists","floor":28,"turns":6},{"damage":6,"enemies":"Snake Plant","floor":30,"turns":5},{"damage":9,"enemies":"Snecko","floor":31,"turns":5},{"damage":19,"enemies":"Chosen and Byrds","floor":32,"turns":7},{"damage":14,"enemies":"downfall:Defect","floor":33,"turns":7},{"damage":3,"enemies":"3 Darklings","floor":36,"turns":5},{"damage":3,"enemies":"3 Shapes","floor":38,"turns":5},{"damage":47,"enemies":"Maw","floor":39,"turns":9},{"damage":37,"enemies":"Jaw Worm Horde","floor":42,"turns":5},{"damage":49,"enemies":"Reptomancer","floor":43,"turns":2}],"seed_played":"2429262284009993308","potions_obtained":[{"floor":8,"key":"Energy Potion"},{"floor":14,"key":"ColorlessPotion"},{"floor":15,"key":"Fruit Juice"},{"floor":16,"key":"sneckomod:MuddlingPotion"},{"floor":19,"key":"Toxic Potion"},{"floor":20,"key":"Fruit Juice"},{"floor":22,"key":"Fire Potion"},{"floor":33,"key":"SkillPotion"},{"floor":34,"key":"Slimebound:ThreeZeroPotion"},{"floor":36,"key":"Guardian:BlockOnCardUsePotion"}],"is_trial":false,"path_per_floor":["R_BF","M","M","$","?","?","T","M","M","?","R","?","M","M","M","B",null,"R_BF","M","?","M","M","?","T","$","M","M","M","R","M","M","M","B",null,"R_BF","M","?","M","M","?","T","M","E"],"character_chosen":"THE_SPIRIT","items_purchased":["hexamod:GhostOfSpirePresent","Medical Kit"],"campfire_rested":1,"item_purchase_floors":[4,25],"current_hp_per_floor":[70,70,70,70,53,46,46,53,60,60,70,75,68,74,68,37,90,90,90,95,95,95,95,95,95,84,73,63,91,85,83,71,71,100,100,100,100,97,64,64,69,32,0,0,0],"gold":216,"neow_bonus":"THREE_ENEMY_KILL","is_daily":false,"chose_seed":false,"campfire_upgraded":1,"win_rate":0.0,"timestamp":1608885087,"path_taken":["R_BF","M","M","$","?","?","T","M","M","?","R","?","M","M","M","BOSS","R_BF","M","?","M","?","?","T","$","M","M","M","R","M","M","M","BOSS","R_BF","M","?","?","?","?","T","M","E"],"items_purchased_type":["Card","Relic"],"build_version":"2020-12-22","purchased_purges":1,"victory":false,"max_hp_per_floor":[70,70,70,70,70,70,70,70,70,70,80,85,85,85,90,90,90,90,90,95,95,95,95,95,95,95,95,95,95,95,95,95,95,100,100,100,100,100,100,100,105,105,105,105,105],"card_choices":[{"not_picked":["hexamod:CatchUp","hexamod:BurningTouch"],"picked":"hexamod:StepThrough","floor":2},{"not_picked":["hexamod:Incineration","hexamod:NightmareGuise"],"picked":"hexamod:GhostLash","floor":3},{"not_picked":["hexamod:ChargedBarrage","hexamod:GhostShield"],"picked":"hexamod:Hexaguard","floor":4},{"not_picked":["hexamod:ShieldOfDarkness","hexamod:Hexaguard"],"picked":"hexamod:GhostOfSpireFuture","floor":5},{"not_picked":["hexamod:GhostLash","hexamod:NightmareStrike"],"picked":"hexamod:SpectersWail","floor":5},{"not_picked":["hexamod:SoulSteal","hexamod:SpectersWail"],"picked":"hexamod:FastForward","floor":5},{"not_picked":["hexamod:GhostflameBarrier","hexamod:SpectersWail"],"picked":"hexamod:GhostOfSpirePast","floor":8},{"not_picked":["hexamod:Firestarter","hexamod:GhostLash"],"picked":"hexamod:RadiantFlame","floor":9},{"not_picked":["hexamod:GhostOfSpirePast","hexamod:BurningTouch"],"picked":"hexamod:SpectersWail","floor":13},{"not_picked":["hexamod:RainOfEmbers","hexamod:CatchUp"],"picked":"hexamod:SkipABeat","floor":14},{"not_picked":["hexamod:BacktrackSmack","hexamod:ShieldOfDarkness"],"picked":"hexamod:AdvancingGuard","floor":15},{"not_picked":["hexamod:TimeOfNeed","hexamod:TurnItUp"],"picked":"hexamod:TimeWarp","floor":16},{"not_picked":["hexamod:RetreatToShadows","hexamod:GhostOfSpirePresent"],"picked":"hexamod:InspiringFlames","floor":19},{"not_picked":["hexamod:ThermalTransfer","hexamod:FourthSeal"],"picked":"hexamod:AdvancingGuard","floor":21},{"not_picked":["hexamod:DynamicBlow","hexamod:InspiringFlames","hexamod:Incineration"],"picked":"SKIP","floor":22},{"not_picked":["hexamod:SecondSeal","hexamod:HauntingEcho"],"picked":"hexamod:GhostLash+1","floor":25},{"not_picked":["hexamod:RainOfEmbers","hexamod:SpectersWail"],"picked":"hexamod:ThirdSeal","floor":26},{"not_picked":["hexamod:InspiringFlames","hexamod:NightmareGuise+1"],"picked":"hexamod:AdvancingGuard","floor":27},{"not_picked":["hexamod:HauntingEcho","hexamod:HeatShield"],"picked":"hexamod:WildfireWeapon","floor":27},{"not_picked":["hexamod:SwordOfDarkness","hexamod:InspiringFlames"],"picked":"hexamod:Hexaguard+1","floor":28},{"not_picked":["hexamod:SwordOfDarkness","hexamod:Firestarter"],"picked":"hexamod:Hexaguard","floor":29},{"not_picked":["hexamod:FifthSeal","hexamod:CatchUp"],"picked":"hexamod:PhantomFireball","floor":30},{"not_picked":["hexamod:NightmareStrike","hexamod:BacktrackSmack+1"],"picked":"hexamod:FastForward","floor":30},{"not_picked":["hexamod:Again","hexamod:SecondSeal"],"picked":"hexamod:Hexaguard+1","floor":31},{"not_picked":["hexamod:RainOfEmbers","hexamod:GhostOfSpirePast"],"picked":"hexamod:FirstSeal","floor":32},{"not_picked":["hexamod:HeatShield","hexamod:InspiringFlames+1","hexamod:RadiantFlame+1"],"picked":"SKIP","floor":32},{"not_picked":["hexamod:TimeOfNeed","hexamod:FifthSeal"],"picked":"hexamod:GhostflameInferno","floor":33},{"not_picked":["hexamod:Rewind","hexamod:NightmareGuise"],"picked":"hexamod:SkipABeat","floor":34},{"not_picked":["hexamod:Again","hexamod:InspiringFlames+1"],"picked":"hexamod:Hexaguard+1","floor":36},{"not_picked":["hexamod:NecessarySacrifice","hexamod:Incineration"],"picked":"hexamod:StepThrough+1","floor":38},{"not_picked":["hexamod:Firestarter","hexamod:GhostOfSpireFuture"],"picked":"hexamod:RadiantFlame","floor":38},{"not_picked":["hexamod:HauntingEcho","hexamod:ShieldOfDarkness+1"],"picked":"hexamod:FastForward","floor":39},{"not_picked":["hexamod:SpectersWail","hexamod:SwordOfDarkness+1","hexamod:Firestarter+1"],"picked":"SKIP","floor":42}],"player_experience":173089,"relics_obtained":[{"floor":18,"key":"Replay:Rubber Ducky"},{"floor":24,"key":"Dream Catcher"},{"floor":41,"key":"Durian"}],"event_choices":[{"damage_healed":0,"gold_gain":0,"player_choice":"Donut","damage_taken":0,"max_hp_gain":5,"max_hp_loss":0,"event_name":"Big Fish","floor":12,"gold_loss":0},{"damage_healed":0,"gold_gain":0,"player_choice":"Got Potions","damage_taken":0,"max_hp_gain":0,"max_hp_loss":0,"event_name":"Lab","floor":20,"gold_loss":0}],"is_beta":false,"boss_relics":[{"not_picked":["Kintsugi","Snecko Eye"],"picked":"downfall:Hecktoplasm"},{"not_picked":["Abe\u0027s Treasure","Replay:Ancient Bell"],"picked":"Tiny House"}],"items_purged_floors":[25],"is_endless":false,"potions_floor_spawned":[8,14,15,16,19,22,31,33,36,38],"killed_by":"Reptomancer","ascension_level":0}}