{"host":"nsxzlb359hv0da5z","time":1608886332,"event":{"mods":["BaseMod","Bestiary","Colored Map","Minty Spire (QoL Compilation)","Permanent Neow","Relic Stats","Slay the Relics Exporter","ojb\u0027s Info Mod"],"gold_per_floor":[109,121,171,187,201,236,256,256,325,660,660,107,107,182,182,257,257,270,303,303,353,81,81,101,101,101,101,22,22,38,49,49,127,127,140,152,152,177,190,220,220,220,220,249,269,22,244,275,275,275,275],"floor_reached":50,"playtime":5434,"items_purged":[],"score":1247,"play_id":"d26527a9-0235-403a-916a-6b28721fafea","local_time":"20201225005212","is_ascension_mode":true,"campfire_choices":[{"data":"Vigilance","floor":8,"key":"SMITH"},{"data":"Devotion","floor":13,"key":"SMITH"},{"floor":15,"key":"REST"},{"floor":23,"key":"REST"},{"data":"Wallop","floor":25,"key":"SMITH"},{"data":"ThirdEye","floor":27,"key":"SMITH"},{"floor":29,"key":"REST"},{"floor":32,"key":"REST"},{"floor":42,"key":"REST"},{"floor":49,"key":"RECALL"}],"circlet_count":0,"master_deck":["AscendersBane","Strike_P","Strike_P","Strike_P","Defend_P","Defend_P","Defend_P","Defend_P","Eruption","Vigilance+1","Brilliance","Halt","Crescendo","ThirdEye+1","BattleHymn","Devotion+1","Scrawl","Protect+1","WreathOfFlame","Wallop+1","MentalFortress","EmptyFist","Establishment","EmptyBody","CutThroughFate+1","SpiritShield","FearNoEvil","Wireheading","Swivel"],"relics":["PureWater","Toy Ornithopter","InkBottle","Old Coin","Mummified Hand","Shuriken","Snecko Eye","Red Mask","White Beast Statue","Lantern","Philosopher\u0027s Stone","Pocketwatch","Boot","Gremlin Horn","OrangePellets","Mercury Hourglass"],"acts_visited":["Exordium","TheCity","TheBeyond"],"potions_floor_usage":[6,6,19,30,35,36,38,39,40,44,45,48,50,50],"damage_taken":[{"damage":1,"enemies":"2 Louse","floor":1,"turns":2},{"damage":0,"enemies":"Cultist","floor":2,"turns":2},{"damage":0,"enemies":"Small Slimes","floor":4,"turns":2},{"damage":7,"enemies":"2 Fungi Beasts","floor":5,"turns":3},{"damage":2,"enemies":"3 Sentries","floor":6,"turns":4},{"damage":0,"enemies":"Exordium Wildlife","floor":7,"turns":2},{"damage":28,"enemies":"Lagavulin","floor":10,"turns":6},{"damage":0,"enemies":"Slime Boss","floor":16,"turns":6},{"damage":9,"enemies":"Shell Parasite","floor":18,"turns":4},{"damage":45,"enemies":"Masked Bandits","floor":19,"turns":4},{"damage":0,"enemies":"2 Thieves","floor":24,"turns":3},{"damage":13,"enemies":"Shelled Parasite and Fungi","floor":30,"turns":4},{"damage":10,"enemies":"Snecko","floor":31,"turns":6},{"damage":20,"enemies":"Automaton","floor":33,"turns":8},{"damage":4,"enemies":"Orb Walker","floor":35,"turns":3},{"damage":13,"enemies":"3 Darklings","floor":36,"turns":4},{"damage":0,"enemies":"Mind Bloom Boss Battle","floor":38,"turns":6},{"damage":3,"enemies":"Transient","floor":39,"turns":6},{"damage":21,"enemies":"Nemesis","floor":40,"turns":7},{"damage":11,"enemies":"Reptomancer","floor":44,"turns":5},{"damage":15,"enemies":"Spire Growth","floor":45,"turns":5},{"damage":28,"enemies":"Nemesis","floor":48,"turns":7},{"damage":25,"enemies":"Donu and Deca","floor":50,"turns":4}],"seed_played":"3956081211568393458","potions_obtained":[{"floor":2,"key":"ColorlessPotion"},{"floor":5,"key":"LiquidMemories"},{"floor":16,"key":"Fire Potion"},{"floor":24,"key":"Block Potion"},{"floor":30,"key":"SpeedPotion"},{"floor":31,"key":"BottledMiracle"},{"floor":33,"key":"Fire Potion"},{"floor":35,"key":"AttackPotion"},{"floor":36,"key":"PowerPotion"},{"floor":38,"key":"SteroidPotion"},{"floor":39,"key":"Ancient Potion"},{"floor":40,"key":"DuplicationPotion"},{"floor":44,"key":"CultistPotion"},{"floor":45,"key":"Dexterity Potion"},{"floor":48,"key":"Dexterity Potion"}],"is_trial":false,"path_per_floor":["M","M","?","M","M","E","M","R","T","E","?","$","R","?","R","B",null,"M","?","?","?","$","R","M","R","T","R","$","R","M","M","R","B",null,"M","M","$","?","M","E","?","R","T","E","M","$","?","E","R","B"],"character_chosen":"WATCHER","items_purchased":["Mummified Hand","Shuriken","White Beast Statue","MentalFortress","OrangePellets","Wireheading"],"campfire_rested":5,"item_purchase_floors":[12,12,22,28,46,46],"current_hp_per_floor":[60,60,54,54,47,45,45,45,45,17,17,17,17,6,24,24,53,44,4,4,4,4,22,22,22,22,22,22,40,32,22,40,20,52,53,45,45,50,52,36,36,53,53,47,37,37,37,14,14,0,0],"gold":275,"neow_bonus":"THREE_RARE_CARDS","is_daily":false,"chose_seed":false,"campfire_upgraded":4,"win_rate":0.0,"timestamp":1608886332,"path_taken":["M","M","?","?","M","E","M","R","T","E","?","$","R","?","R","BOSS","M","?","?","?","$","R","M","R","T","R","$","R","M","?","R","BOSS","M","?","$","?","M","E","?","R","T","E","M","$","?","E","R","BOSS"],"items_purchased_type":["Relic","Relic","Relic","Card","Relic","Card"],"build_version":"2020-12-22","purchased_purges":0,"victory":false,"max_hp_per_floor":[62,62,62,62,62,62,62,62,62,62,62,62,62,62,62,62,62,62,62,62,62,62,62,62,62,62,62,62,62,62,62,62,62,62,62,62,62,62,62,62,59,59,59,59,59,59,59,59,59,59,59],"relic_stats":{"OrangePellets":[2],"Gremlin Horn":[0,0],"counters":[23,103],"Mummified Hand":[101],"Shuriken":[29],"Snecko Eye":[120,128,147,148],"Boot":[12],"obtain_stats":[{"Lantern":26,"Gremlin Horn":44,"Boot":40,"White Beast Statue":22,"Old Coin":10,"Mercury Hourglass":48,"OrangePellets":46,"Mummified Hand":12,"Shuriken":12,"Snecko Eye":17,"Philosopher\u0027s Stone":34,"Red Mask":19,"PureWater":0,"Toy Ornithopter":6,"InkBottle":9,"Pocketwatch":38},{"Lantern":11,"Gremlin Horn":20,"Boot":19,"White Beast Statue":10,"Old Coin":7,"Mercury Hourglass":22,"OrangePellets":21,"Mummified Hand":7,"Shuriken":7,"Snecko Eye":8,"Philosopher\u0027s Stone":14,"Red Mask":10,"PureWater":0,"Toy Ornithopter":5,"InkBottle":6,"Pocketwatch":17},{"Lantern":38,"Gremlin Horn":87,"Boot":82,"White Beast Statue":35,"Old Coin":21,"Mercury Hourglass":99,"OrangePellets":92,"Mummified Hand":21,"Shuriken":21,"Snecko Eye":27,"Philosopher\u0027s Stone":56,"Red Mask":35,"PureWater":0,"Toy Ornithopter":13,"InkBottle":15,"Pocketwatch":69}],"Toy Ornithopter":60,"InkBottle":[39],"Pocketwatch":[5],"Mercury Hourglass":[12]},"card_choices":[{"not_picked":["Alpha","DevaForm"],"picked":"Brilliance","floor":0},{"not_picked":["EmptyBody","SashWhip"],"picked":"Halt","floor":1},{"not_picked":["Halt","PathToVictory"],"picked":"Crescendo","floor":2},{"not_picked":["EmptyBody","SashWhip"],"picked":"ThirdEye","floor":4},{"not_picked":["Crescendo","Indignation","Halt"],"picked":"SKIP","floor":5},{"not_picked":["Conclude","BowlingBash"],"picked":"BattleHymn","floor":6},{"not_picked":["Prostrate","CutThroughFate"],"picked":"FlurryOfBlows","floor":7},{"not_picked":["SandsOfTime","Halt"],"picked":"Devotion","floor":10},{"not_picked":["Brilliance","SpiritShield"],"picked":"Scrawl","floor":16},{"not_picked":["EmptyBody","FlurryOfBlows","BowlingBash"],"picked":"SKIP","floor":18},{"not_picked":["FollowUp","FlurryOfBlows"],"picked":"Protect+1","floor":19},{"not_picked":["WindmillStrike","CutThroughFate","BowlingBash"],"picked":"SKIP","floor":24},{"not_picked":["ClearTheMind","Judgement","Pray"],"picked":"SKIP","floor":30},{"not_picked":["Tantrum","Conclude"],"picked":"EmptyFist","floor":31},{"not_picked":["Devotion","Judgement"],"picked":"Establishment","floor":33},{"not_picked":["Vengeance","EmptyBody","Evaluate"],"picked":"SKIP","floor":35},{"not_picked":["Halt+1","Nirvana+1","SashWhip"],"picked":"SKIP","floor":36},{"not_picked":["Indignation","EmptyFist"],"picked":"EmptyBody","floor":38},{"not_picked":["PathToVictory","Halt+1"],"picked":"CutThroughFate+1","floor":39},{"not_picked":["FlyingSleeves+1","Collect+1"],"picked":"SpiritShield","floor":40},{"not_picked":["CutThroughFate+1","FlurryOfBlows","Halt"],"picked":"SKIP","floor":44},{"not_picked":["SashWhip+1","PathToVictory"],"picked":"FearNoEvil","floor":45},{"not_picked":["EmptyFist","EmptyBody+1"],"picked":"Swivel","floor":48}],"player_experience":1851828,"relics_obtained":[{"floor":6,"key":"Toy Ornithopter"},{"floor":9,"key":"InkBottle"},{"floor":10,"key":"Old Coin"},{"floor":19,"key":"Red Mask"},{"floor":26,"key":"Lantern"},{"floor":38,"key":"Pocketwatch"},{"floor":40,"key":"Boot"},{"floor":44,"key":"Gremlin Horn"},{"floor":48,"key":"Mercury Hourglass"}],"event_choices":[{"damage_healed":0,"gold_gain":50,"player_choice":"Touch","damage_taken":6,"max_hp_gain":0,"max_hp_loss":0,"event_name":"FaceTrader","floor":3,"gold_loss":0},{"damage_healed":0,"gold_gain":0,"player_choice":"Ignored","damage_taken":0,"max_hp_gain":0,"max_hp_loss":0,"event_name":"Shining Light","floor":11,"gold_loss":0},{"damage_healed":0,"gold_gain":75,"player_choice":"Gather Gold","damage_taken":11,"max_hp_gain":0,"max_hp_loss":0,"event_name":"World of Goop","floor":14,"gold_loss":0},{"damage_healed":0,"gold_gain":0,"player_choice":"Fought Bandits","damage_taken":0,"max_hp_gain":0,"max_hp_loss":0,"event_name":"Masked Bandits","floor":19,"gold_loss":0},{"damage_healed":0,"gold_gain":0,"cards_transformed":["Strike_P","FlurryOfBlows"],"player_choice":"Became Test Subject","damage_taken":0,"max_hp_gain":0,"max_hp_loss":0,"event_name":"Drug Dealer","floor":20,"gold_loss":0,"cards_obtained":["WreathOfFlame","Wallop"]},{"damage_healed":0,"gold_gain":50,"player_choice":"Stole From Cult","damage_taken":0,"max_hp_gain":0,"max_hp_loss":0,"event_name":"Nest","floor":21,"gold_loss":0},{"damage_healed":0,"gold_gain":0,"player_choice":"Fight","damage_taken":0,"max_hp_gain":0,"max_hp_loss":0,"event_name":"MindBloom","floor":38,"gold_loss":0},{"damage_healed":0,"gold_gain":0,"player_choice":"Max HP","damage_taken":0,"max_hp_gain":0,"max_hp_loss":3,"event_name":"Winding Halls","floor":41,"gold_loss":0},{"damage_healed":0,"gold_gain":222,"player_choice":"Wore Mask","damage_taken":0,"max_hp_gain":0,"max_hp_loss":0,"event_name":"Tomb of Lord Red Mask","floor":47,"gold_loss":0}],"is_beta":false,"boss_relics":[{"not_picked":["Cursed Key","Empty Cage"],"picked":"Snecko Eye"},{"not_picked":["Busted Crown","Runic Dome"],"picked":"Philosopher\u0027s Stone"}],"items_purged_floors":[],"is_endless":false,"potions_floor_spawned":[2,5,16,24,30,31,33,35,36,38,39,40,44,45,48],"killed_by":"Donu and Deca","ascension_level":20}}