{"host":"fj97s2ebyjeio3oc","time":1608930954,"event":{"mods":["AchievementEnabler","BaseMod","Colored Map","Colored Powertips","Hermit","Hubris","Infinite Spire","Koishi","Minty Spire (QoL Compilation)","StSLib","The Animator","The Bug Knight","The Cursed","The Disciple","The Jungle","The Necromancer"],"gold_per_floor":[114,114,129,144,159,159,84,84,84],"floor_reached":8,"playtime":817,"items_purged":["Decay"],"score":48,"play_id":"80386300-933f-487a-8f41-4f27c9584073","local_time":"20201225221554","daily_mods":["Draft","Purple Cards","Elite Swarm"],"is_ascension_mode":false,"campfire_choices":[{"data":"HollowMod:InfectedCysts","floor":6,"key":"SMITH"}],"circlet_count":0,"master_deck":["HollowMod:CycloneSlash","HollowMod:CornifersMapStart","HollowMod:HuntersJournal","HollowMod:MonomonsArchive","HollowMod:Grubsong","HollowMod:CornifersMapStart","HollowMod:SoulVessel","HollowMod:CloakDash","HollowMod:TaintedHusks","HollowMod:ChannelNail","HollowMod:CloakDash","HollowMod:InfectionAssault","HollowMod:SoulStrike","HollowMod:BrokenVessel","HollowMod:HeavyBlow","HollowMod:GoodIntentions","HollowMod:InfectedCysts+1","HollowMod:InfectedAttack"],"relics":["HollowMod:VesselMask"],"acts_visited":["Exordium"],"potions_floor_usage":[8],"damage_taken":[{"damage":8,"enemies":"Small Slimes","floor":1,"turns":3},{"damage":18,"enemies":"infinitespire:Voidling","floor":3,"turns":3},{"damage":7,"enemies":"2 Louse","floor":4,"turns":2},{"damage":18,"enemies":"Large Slime","floor":5,"turns":5},{"damage":27,"enemies":"HollowMod:MossKnight","floor":8,"turns":3}],"seed_played":"-567031674859551473","potions_obtained":[{"floor":4,"key":"Dexterity Potion"},{"floor":5,"key":"SpeedPotion"}],"is_trial":false,"path_per_floor":["M","?","M","M","M","R","$","E"],"character_chosen":"THE_BUGKNIGHT","items_purchased":[],"campfire_rested":0,"item_purchase_floors":[],"current_hp_per_floor":[67,67,49,42,24,24,24,0,0],"gold":84,"neow_bonus":"","is_daily":true,"chose_seed":false,"campfire_upgraded":1,"win_rate":0.0,"timestamp":1608930954,"path_taken":["M","?","M","M","?","R","$","E"],"items_purchased_type":[],"build_version":"2020-12-22","purchased_purges":1,"victory":false,"max_hp_per_floor":[75,75,75,75,75,75,75,75,75],"card_choices":[{"not_picked":["HollowMod:SharpenedShadows","HollowMod:VengefulVoid"],"picked":"HollowMod:CycloneSlash","floor":0},{"not_picked":["HollowMod:WraithStrike","HollowMod:ShapeofUnn"],"picked":"HollowMod:CornifersMapStart","floor":0},{"not_picked":["HollowMod:LifebloodCocoon","HollowMod:CoiledNail"],"picked":"HollowMod:HuntersJournal","floor":0},{"not_picked":["HollowMod:SiblingsShadow","HollowMod:SoulEater"],"picked":"HollowMod:MonomonsArchive","floor":0},{"not_picked":["HollowMod:InfectedCysts","HollowMod:DreamGate"],"picked":"HollowMod:Grubsong","floor":0},{"not_picked":["HollowMod:SoulSplash","HollowMod:SharpenedNail"],"picked":"HollowMod:CornifersMapStart","floor":0},{"not_picked":["HollowMod:SharpenedNail","HollowMod:GoodIntentions"],"picked":"HollowMod:SoulVessel","floor":0},{"not_picked":["HollowMod:LifebloodCocoon","HollowMod:DoubleDash"],"picked":"HollowMod:CloakDash","floor":0},{"not_picked":["HollowMod:Grubsong","HollowMod:InfectionAssault"],"picked":"HollowMod:TaintedHusks","floor":0},{"not_picked":["HollowMod:CloakDash","HollowMod:GoodIntentions"],"picked":"HollowMod:ChannelNail","floor":0},{"not_picked":["HollowMod:GoodIntentions","HollowMod:SoulSplash"],"picked":"HollowMod:CloakDash","floor":0},{"not_picked":["HollowMod:CloakDash","HollowMod:HowlingWraiths"],"picked":"HollowMod:InfectionAssault","floor":0},{"not_picked":["HollowMod:SharpenedNail","HollowMod:CoiledNail"],"picked":"HollowMod:SoulStrike","floor":0},{"not_picked":["HollowMod:VengefulVoid","HollowMod:NewLittleFool"],"picked":"HollowMod:BrokenVessel","floor":0},{"not_picked":["HollowMod:MonomonsArchive","HollowMod:LifebloodCocoon"],"picked":"HollowMod:HeavyBlow","floor":0},{"not_picked":["HollowMod:DescendingDark","HollowMod:MonomonsArchive","HollowMod:SiblingsSouls"],"picked":"SKIP","floor":1},{"not_picked":["HollowMod:RecoilStrike","HollowMod:AbyssShriek"],"picked":"HollowMod:GoodIntentions","floor":3},{"not_picked":["HollowMod:GreatSlash","HollowMod:NewLittleFool"],"picked":"HollowMod:InfectedCysts","floor":4},{"not_picked":["HollowMod:GrimmsGift","HollowMod:SoulStrike"],"picked":"HollowMod:InfectedAttack","floor":5}],"player_experience":442308,"relics_obtained":[],"event_choices":[{"damage_healed":0,"gold_gain":0,"player_choice":"Cursed","damage_taken":0,"max_hp_gain":0,"max_hp_loss":0,"event_name":"Wheel of Change","floor":2,"gold_loss":0,"cards_obtained":["Decay"]}],"is_beta":false,"boss_relics":[],"items_purged_floors":[7],"is_endless":false,"potions_floor_spawned":[4,5],"killed_by":"HollowMod:MossKnight","ascension_level":0}}