{"host":"w31as9kcl9qjbzmo","time":1608916919,"event":{"mods":["BaseMod","Friendly Minions","Lobotomy","Minty Spire (QoL Compilation)","StSLib"],"gold_per_floor":[117,132,57,71,82,82,62,80,80,80,80,97,97,117,117,214,214,167,165,160,160,130,130],"floor_reached":22,"playtime":1733,"items_purged":["Strike_P"],"score":180,"play_id":"8170e9b0-2f13-42bd-96a2-1c2a193d0c23","local_time":"20201226022159","is_ascension_mode":false,"campfire_choices":[{"data":"LessonLearned","floor":6,"key":"SMITH"},{"data":"DeusExMachina","floor":11,"key":"SMITH"},{"data":"JustLucky","floor":13,"key":"SMITH"},{"floor":15,"key":"REST"}],"circlet_count":0,"master_deck":["Strike_P+1","Strike_P","Strike_P+1","Defend_P+1","Defend_P","Defend_P","Eruption","Vigilance+1","LittleHelper","FollowUp","Woodsman","EmptyFist","Wellcheers","LessonLearned+1","FieryBird","InnerPeace+1","GreedKing","JustLucky+1","DeusExMachina+1","BeautyBeast","Nirvana","PunishingBird","Judgement","Freischutz","DevaForm","LaLuna","ForeignInfluence","BlackSwan","Weave","UniverseFragment","CutThroughFate"],"relics":["PureWater","CogitoBucket","Mummified Hand","ChangeAnything","Black Star","Nloth\u0027s Gift"],"acts_visited":["Exordium","TheCity"],"potions_floor_usage":[12,16,16,16,20],"damage_taken":[{"damage":2,"enemies":"Cultist","floor":1,"turns":3},{"damage":6,"enemies":"2 Louse","floor":2,"turns":2},{"damage":19,"enemies":"Jaw Worm","floor":4,"turns":5},{"damage":10,"enemies":"3 Louse","floor":5,"turns":3},{"damage":24,"enemies":"Gremlin Gang","floor":8,"turns":4},{"damage":23,"enemies":"Blue Slaver","floor":12,"turns":4},{"damage":19,"enemies":"Red Slaver","floor":14,"turns":4},{"damage":42,"enemies":"Slime Boss","floor":16,"turns":5},{"damage":0,"enemies":"Spheric Guardian","floor":18,"turns":1},{"damage":10,"enemies":"Chosen","floor":19,"turns":3},{"damage":75,"enemies":"Snake Plant","floor":20,"turns":6},{"damage":37,"enemies":"3 Cultists","floor":22,"turns":3}],"seed_played":"296954350315546317","potions_obtained":[{"floor":2,"key":"AttackPotion"},{"floor":5,"key":"Dexterity Potion"},{"floor":7,"key":"Dexterity Potion"},{"floor":14,"key":"SkillPotion"},{"floor":19,"key":"SneckoOil"}],"is_trial":false,"path_per_floor":["M","M","$","M","M","R","?","M","T","?","R","M","R","M","R","B",null,"M","M","M","?","M"],"character_chosen":"WATCHER","items_purchased":[],"campfire_rested":1,"item_purchase_floors":[],"current_hp_per_floor":[70,64,64,51,59,59,59,62,62,62,62,39,39,29,50,14,72,72,70,20,20,0,0],"gold":130,"neow_bonus":"","is_daily":false,"chose_seed":false,"campfire_upgraded":3,"win_rate":0.0,"timestamp":1608916919,"path_taken":["M","M","?","?","?","R","?","?","T","?","R","M","R","M","R","BOSS","M","?","M","?","?"],"items_purchased_type":[],"build_version":"2020-12-22","purchased_purges":1,"victory":false,"max_hp_per_floor":[72,72,72,72,72,72,72,72,72,72,72,72,72,72,72,72,72,72,72,72,72,72,72],"card_choices":[{"not_picked":["FairyFestival","GalaxyChild"],"picked":"LittleHelper","floor":1},{"not_picked":["Crescendo","FlyingSleeves"],"picked":"FollowUp","floor":1},{"not_picked":["MeatLantern","SpiderBud"],"picked":"Woodsman","floor":2},{"not_picked":["PathToVictory","EmptyBody"],"picked":"EmptyFist","floor":2},{"not_picked":["VoidDream","LittlePrince"],"picked":"Wellcheers","floor":4},{"not_picked":["EmptyFist","ClearTheMind"],"picked":"LessonLearned","floor":4},{"not_picked":["WallGazer","CherryBlossoms"],"picked":"FieryBird","floor":5},{"not_picked":["Protect","CrushJoints"],"picked":"InnerPeace","floor":5},{"not_picked":["BlackSwan","PunishingBird"],"picked":"GreedKing","floor":8},{"not_picked":["Halt","Evaluate"],"picked":"JustLucky","floor":8},{"not_picked":["Rudolta","WallGazer"],"picked":"BeautyBeast","floor":12},{"not_picked":["SashWhip","BowlingBash"],"picked":"Nirvana","floor":12},{"not_picked":["Scorched","HappyTeddy"],"picked":"PunishingBird","floor":14},{"not_picked":["Evaluate","Swivel"],"picked":"Judgement","floor":14},{"not_picked":["SpiderBud","Scorched"],"picked":"Freischutz","floor":16},{"not_picked":["Establishment","Omniscience"],"picked":"DevaForm","floor":16},{"not_picked":["CENSORED","ShyLook"],"picked":"LaLuna","floor":18},{"not_picked":["PathToVictory","Perseverance"],"picked":"ForeignInfluence","floor":18},{"not_picked":["CherryBlossoms","VoidDream"],"picked":"BlackSwan","floor":19},{"not_picked":["Sanctity+1","Swivel+1"],"picked":"Weave","floor":19},{"not_picked":["VoidDream","Alriune"],"picked":"UniverseFragment","floor":20},{"not_picked":["FlurryOfBlows","BattleHymn"],"picked":"CutThroughFate","floor":20}],"player_experience":323145,"relics_obtained":[{"floor":9,"key":"Mummified Hand"}],"event_choices":[{"damage_healed":0,"gold_gain":0,"player_choice":"Bought 1 Potion","damage_taken":0,"max_hp_gain":0,"max_hp_loss":0,"event_name":"The Woman in Blue","floor":7,"gold_loss":0},{"damage_healed":0,"gold_gain":0,"cards_transformed":["Defend_P"],"player_choice":"Change","damage_taken":0,"max_hp_gain":0,"max_hp_loss":0,"event_name":"Living Wall","floor":10,"gold_loss":0,"cards_obtained":["DeusExMachina"]},{"damage_healed":0,"gold_gain":0,"player_choice":"Traded Relic","damage_taken":0,"relics_obtained":["Nloth\u0027s Gift"],"max_hp_gain":0,"max_hp_loss":0,"event_name":"N\u0027loth","floor":21,"relics_lost":["BehaviorAdjustment"],"gold_loss":0}],"is_beta":false,"boss_relics":[{"not_picked":["Astrolabe","Runic Pyramid"],"picked":"Black Star"}],"items_purged_floors":[3],"is_endless":false,"potions_floor_spawned":[2,5,8,14,19],"killed_by":"3 Cultists","ascension_level":0}}