{"host":"30jsp143e4v19aze","time":1608913197,"event":{"mods":["BaseMod","Colored Map","Colored Powertips","Curses Come First","DeckTracker","Highlight Path","Minty Spire (QoL Compilation)","Quick Restart","Relic Stats","StSLib","everything is the same but u backflip on backflip","slay the spire mod where everything is the same but ironclad has a cowboy hat"],"gold_per_floor":[118,190,200,350,79,79,79,79],"floor_reached":7,"playtime":189,"items_purged":["Doubt"],"score":78,"play_id":"e10bec1d-5104-45d4-8459-9b585126db41","local_time":"20201225171957","is_ascension_mode":true,"campfire_choices":[{"data":"Dash","floor":6,"key":"SMITH"}],"circlet_count":0,"master_deck":["AscendersBane","Strike_G","Strike_G","Strike_G","Strike_G","Strike_G","Defend_G","Defend_G","Defend_G","Defend_G","Defend_G","Survivor","Neutralize","Dash+1","Dagger Spray","Noxious Fumes","PiercingWail"],"relics":["Sozu","Membership Card"],"acts_visited":["Exordium"],"potions_floor_usage":[],"damage_taken":[{"damage":9,"enemies":"2 Louse","floor":1,"turns":3},{"damage":2,"enemies":"Jaw Worm","floor":3,"turns":4},{"damage":50,"enemies":"Gremlin Nob","floor":7,"turns":4}],"seed_played":"4174295837149375549","potions_obtained":[],"is_trial":false,"path_per_floor":["M","?","M","?","$","R","E"],"character_chosen":"THE_SILENT","items_purchased":["Membership Card","Noxious Fumes","PiercingWail"],"campfire_rested":0,"item_purchase_floors":[5,5,5],"current_hp_per_floor":[50,50,48,48,48,48,0,0],"gold":79,"neow_bonus":"BOSS_RELIC","is_daily":false,"chose_seed":false,"campfire_upgraded":1,"win_rate":0.0,"timestamp":1608913197,"path_taken":["M","?","M","?","$","R","E"],"items_purchased_type":["Relic","Card","Card"],"build_version":"2020-12-22","purchased_purges":1,"victory":false,"max_hp_per_floor":[66,66,66,66,66,66,66,66],"relic_stats":{"Sozu":1,"counters":[3,11],"obtain_stats":[{"Sozu":0,"Membership Card":5,"Ring of the Snake":0},{"Sozu":0,"Membership Card":2,"Ring of the Snake":0},{"Sozu":0,"Membership Card":7,"Ring of the Snake":0}]},"card_choices":[{"not_picked":["Outmaneuver","Deadly Poison"],"picked":"Dash","floor":1},{"not_picked":["Well Laid Plans","Poisoned Stab"],"picked":"Dagger Spray","floor":3}],"player_experience":3189844,"relics_obtained":[],"event_choices":[{"damage_healed":0,"gold_gain":72,"player_choice":"Gained Gold","damage_taken":0,"max_hp_gain":0,"max_hp_loss":0,"event_name":"Golden Wing","floor":2,"gold_loss":0},{"damage_healed":0,"gold_gain":150,"player_choice":"AGREE","damage_taken":0,"max_hp_gain":0,"max_hp_loss":0,"event_name":"Liars Game","floor":4,"gold_loss":0,"cards_obtained":["Doubt"]}],"is_beta":false,"boss_relics":[],"items_purged_floors":[5],"is_endless":false,"potions_floor_spawned":[1],"killed_by":"Gremlin Nob","ascension_level":20}}