{"host":"ix2a18c4ohfsrslv","time":1608860764,"event":{"mods":["BaseMod","Better Third Choice","Downfall","Lobotomy","Minty Spire (QoL Compilation)","Replay The Spire","StSLib","The Dragon Tamer"],"gold_per_floor":[99,99,99,99,99,99,99,117,117,142,67,67,101,119,134,233,233,233,251,251,251,251,251,251],"floor_reached":22,"playtime":1250,"items_purged":[],"score":256,"play_id":"67edfc50-1663-41f1-a977-656e2ff846c0","local_time":"20201224174604","is_ascension_mode":true,"campfire_choices":[{"data":"champ:Taunt","floor":1,"key":"SMITH"},{"data":"champ:EndlessRage","floor":9,"key":"SMITH"},{"floor":11,"key":"REST"},{"data":"champ:StanceDance","floor":18,"key":"SMITH"}],"circlet_count":0,"master_deck":["champ:Strike","champ:Strike+1","champ:Strike","champ:Strike","champ:Defend","champ:Defend","champ:Execute","champ:Taunt+1","champ:DeathBlow","champ:FocusedBerserking+1","champ:AdrenalArmor","champ:EndlessRage+1","champ:BerserkerStyle","champ:AdrenalArmor+1","Regret","champ:StanceDance+1","champ:BerserkersShout","champ:MurderStrike","champ:Backstep","champ:StanceDance","Shame"],"relics":["champ:ChampionCrown","downfall:HeartsMalice","Replay:PocketPolymizer","Happy Flower","downfall:HeartBlessingGreen","ReplayTheSpireMod:Lightbulb","Black Star","MutagenicStrength","Pen Nib"],"acts_visited":["Exordium","TheCity"],"potions_floor_usage":[10,13,16],"damage_taken":[{"damage":0,"enemies":"Cultist","floor":2,"turns":1},{"damage":0,"enemies":"Small Slimes","floor":3,"turns":1},{"damage":0,"enemies":"2 Louse","floor":4,"turns":1},{"damage":36,"enemies":"Gremlin Gang","floor":8,"turns":3},{"damage":77,"enemies":"3 Sentries","floor":10,"turns":7},{"damage":64,"enemies":"Lagavulin","floor":13,"turns":7},{"damage":28,"enemies":"Blue Slaver","floor":14,"turns":4},{"damage":24,"enemies":"3 Louse","floor":15,"turns":3},{"damage":143,"enemies":"downfall:Silent","floor":16,"turns":11},{"damage":74,"enemies":"3 Byrds","floor":19,"turns":5},{"damage":71,"enemies":"3 Cultists","floor":22,"turns":4}],"seed_played":"-1713103986349686700","potions_obtained":[{"floor":8,"key":"champ:CounterPotion"},{"floor":10,"key":"ColorlessPotion"},{"floor":13,"key":"Dexterity Potion"},{"floor":16,"key":"SpeedPotion"}],"is_trial":false,"path_per_floor":["R","M","M","M","?","?","T","M","R","E","R","?","E","M","M","B",null,"R","M","?","?","M"],"character_chosen":"THE_CHAMP","items_purchased":[],"campfire_rested":1,"item_purchase_floors":[],"current_hp_per_floor":[90,90,90,90,90,90,90,78,78,54,81,81,79,77,75,33,90,90,63,63,63,0,0,0],"gold":251,"neow_bonus":"THREE_ENEMY_KILL","is_daily":false,"chose_seed":false,"campfire_upgraded":3,"win_rate":0.0,"timestamp":1608860764,"path_taken":["R","M","M","?","?","?","T","?","R","E","R","?","E","M","M","BOSS","R","M","?","?","M"],"items_purchased_type":[],"build_version":"2020-12-22","purchased_purges":0,"victory":false,"max_hp_per_floor":[90,90,90,90,90,90,90,90,90,90,90,90,90,90,90,90,90,90,90,90,90,90,90,90],"card_choices":[{"not_picked":["champ:Circumvent","champ:Backstep"],"picked":"champ:DeathBlow","floor":2},{"not_picked":["champ:FanOfKnives","champ:ShieldSigil"],"picked":"champ:FocusedBerserking","floor":3},{"not_picked":["champ:DefensiveShout","champ:FaceSlap"],"picked":"champ:AdrenalArmor","floor":4},{"not_picked":["champ:AdrenalArmor","champ:RisingSlash"],"picked":"champ:EndlessRage","floor":8},{"not_picked":["champ:CheapShot","champ:GladiatorStyle"],"picked":"champ:BerserkerStyle","floor":10},{"not_picked":["champ:Haymaker","champ:HeartStrike"],"picked":"champ:StanceDance","floor":13},{"not_picked":["champ:ShieldWall","champ:IronFortress","champ:Circumvent"],"picked":"SKIP","floor":14},{"not_picked":["champ:Circumvent","champ:BladeFlurry"],"picked":"champ:BerserkersShout","floor":15},{"not_picked":["champ:ShieldSlam","champ:Improvising"],"picked":"champ:MurderStrike","floor":16},{"not_picked":["champ:Haymaker","champ:BerserkersShout"],"picked":"champ:StanceDance","floor":19}],"player_experience":150447,"relics_obtained":[{"floor":7,"key":"Replay:PocketPolymizer"},{"floor":10,"key":"Happy Flower"},{"floor":13,"key":"ReplayTheSpireMod:Lightbulb"}],"event_choices":[{"damage_healed":0,"gold_gain":0,"player_choice":"Upgraded","damage_taken":0,"max_hp_gain":0,"max_hp_loss":0,"event_name":"Upgrade Shrine","floor":6,"gold_loss":0,"cards_upgraded":["champ:FocusedBerserking"]},{"damage_healed":0,"gold_gain":0,"player_choice":"Inject Mutagens","damage_taken":0,"relics_obtained":["MutagenicStrength"],"max_hp_gain":0,"max_hp_loss":0,"event_name":"Drug Dealer","floor":20,"gold_loss":0},{"damage_healed":0,"gold_gain":0,"player_choice":"Stole Relic","damage_taken":0,"relics_obtained":["Pen Nib"],"max_hp_gain":0,"max_hp_loss":0,"event_name":"Addict","floor":21,"gold_loss":0,"cards_obtained":["Shame"]}],"is_beta":false,"boss_relics":[{"not_picked":["Snecko Heart","Kintsugi"],"picked":"Black Star"}],"items_purged_floors":[],"is_endless":false,"potions_floor_spawned":[8,10,13,16],"killed_by":"3 Cultists","ascension_level":4}}