{"host":"ttx8tv95o5vka1nm","time":1608861970,"event":{"mods":["BaseMod","Downfall","Minty Spire (QoL Compilation)","Replay The Spire","StSLib"],"gold_per_floor":[110,123,133,198,209,235,254,280,280,280,309,97,97,97,97,221,221,236,255,255,255,180,220,220,2,2,2,42,55,55,88,88,217,217,230,230,255,255,255,298,322,358,408,420,463,475,508,541,553,565],"floor_reached":51,"playtime":7503,"items_purged":["Strike_B","Strike_B"],"score":1044,"play_id":"af032fd7-7dfa-4577-b76e-b69278e34d3c","local_time":"20201225120609","is_ascension_mode":true,"campfire_choices":[{"floor":10.0,"key":"REST"},{"data":"Chill","floor":13.0,"key":"SMITH"},{"data":"Redo","floor":24.0,"key":"SMITH"},{"floor":27.0,"key":"REST"},{"data":"Buffer","floor":30.0,"key":"SMITH"},{"data":"Hello World","floor":32.0,"key":"SMITH"},{"data":"Consume","floor":44.0,"key":"SMITH"},{"data":"Regret","floor":49,"key":"PURGE"}],"circlet_count":0,"master_deck":["Strike_B","Defend_B","Defend_B","Zap","Dualcast","Streamline","Barrage","Cold Snap","Sweeping Beam","Chill+1","Redo+1","Leap","Conserve Battery","Aggregate+1","FTL","Compile Driver","Buffer+1","ReplaySolidLightProjector","Chaos","Coolheaded","Gash+1","Hello World+1","Glacier","ReplayTheSpireMod:Repulse+1","Gash","Creative AI+1","Stack+1","Panacea","Blizzard","Storm+1","Fusion","Consume+1","Gash","Languid","Overencumbered","hexamod:Haunted","Compile Driver+1","Fission"],"relics":["Cracked Core","Letter Opener","DataDisk","Bronze Scales","Replay:Accelerometer","Bag of Preparation","Golden Idol","Philosopher\u0027s Stone","Enchiridion","Pocketwatch","Counterbalance","Frozen Egg 2","Centennial Puzzle","Inserter","ReplayTheSpireMod:Ring of Collecting","The Courier","Peace Pipe","Pear","Ring of Greed","Replay:Wax Seal","MawBank","Mummified Hand"],"acts_visited":["Exordium","TheCity","TheBeyond"],"potions_floor_usage":[47],"damage_taken":[{"damage":8.0,"enemies":"Jaw Worm","floor":1.0,"turns":4.0},{"damage":5.0,"enemies":"Small Slimes","floor":2.0,"turns":3.0},{"damage":1.0,"enemies":"Cultist","floor":3.0,"turns":3.0},{"damage":6.0,"enemies":"3 Louse","floor":5.0,"turns":2.0},{"damage":0.0,"enemies":"3 Sentries","floor":6.0,"turns":3.0},{"damage":16.0,"enemies":"Lots of Slimes","floor":7.0,"turns":3.0},{"damage":7.0,"enemies":"Lagavulin","floor":8.0,"turns":5.0},{"damage":1.0,"enemies":"3 Sentries","floor":11.0,"turns":5.0},{"damage":36.0,"enemies":"Fading Forest","floor":16.0,"turns":11.0},{"damage":0.0,"enemies":"3 Byrds","floor":18.0,"turns":3.0},{"damage":0.0,"enemies":"Chosen","floor":19.0,"turns":3.0},{"damage":13.0,"enemies":"Slavers","floor":23.0,"turns":4.0},{"damage":0.0,"enemies":"Gremlin Leader","floor":28.0,"turns":7.0},{"damage":10.0,"enemies":"Snake Plant","floor":29.0,"turns":2.0},{"damage":9.0,"enemies":"Slavers","floor":31.0,"turns":5.0},{"damage":3.0,"enemies":"Pondfish","floor":33.0,"turns":11.0},{"damage":0.0,"enemies":"3 Shapes","floor":35.0,"turns":1.0},{"damage":14.0,"enemies":"3 Darklings","floor":37.0,"turns":6.0},{"damage":0.0,"enemies":"R_Hoarder","floor":40.0,"turns":9.0},{"damage":0.0,"enemies":"Maw","floor":41.0,"turns":7.0},{"damage":0.0,"enemies":"Reptomancer","floor":42.0,"turns":5.0},{"damage":0.0,"enemies":"R_Hoarder","floor":45.0,"turns":7.0},{"damage":10,"enemies":"Writhing Mass","floor":47,"turns":4},{"damage":2,"enemies":"4 Shapes","floor":48,"turns":6},{"damage":42,"enemies":"Awakened One","floor":50,"turns":8}],"seed_played":"8111372447769729252","potions_obtained":[{"floor":2.0,"key":"Flashbang"},{"floor":4.0,"key":"AttackPotion"},{"floor":5.0,"key":"FearPotion"},{"floor":6.0,"key":"Cursed Concoction"},{"floor":8.0,"key":"Regen Potion"},{"floor":23.0,"key":"FocusPotion"},{"floor":28.0,"key":"champ:CounterPotion"},{"floor":29.0,"key":"Flashbang"},{"floor":35.0,"key":"SteroidPotion"},{"floor":40.0,"key":"Adrenaline Potion"},{"floor":45.0,"key":"AttackPotion"},{"floor":48,"key":"BlessingOfTheForge"}],"is_trial":false,"path_per_floor":["M","M","M","?","M","E","M","E","T","R","E","$","R","?","R","B",null,"M","M","?","?","?","E","R","$","T","R","E","M","R","E","R","B",null,"M","?","M","?","?","E","M","E","T","R","E","?","M","M","R","B",null],"character_chosen":"DEFECT","items_purchased":["Aggregate+1","FTL","Gash+1","Hello World"],"campfire_rested":2,"item_purchase_floors":[12,12,25,25],"current_hp_per_floor":[74,69,68,36,30,30,14,7,7,31,42,42,42,42,42,28,76,76,76,76,60,60,47,47,47,47,69,69,59,59,50,50,47,76,76,76,62,62,62,62,62,62,72,72,72,86,76,74,74,32],"gold":577,"neow_bonus":"TEN_PERCENT_HP_BONUS","is_daily":false,"chose_seed":false,"campfire_upgraded":5,"win_rate":0.0,"timestamp":1608861969,"path_taken":["M","M","M","?","M","E","M","E","T","R","E","$","R","?","R","BOSS","M","M","?","?","?","E","R","$","T","R","E","M","R","E","R","BOSS","M","?","M","?","?","E","M","E","T","R","E","?","M","?","R","BOSS"],"items_purchased_type":["Card","Card","Card","Card"],"build_version":"2020-12-22","purchased_purges":2,"victory":true,"max_hp_per_floor":[82,82,82,82,82,82,82,82,82,82,82,82,82,76,76,76,76,76,76,76,76,76,76,76,76,76,76,76,76,76,76,76,76,76,76,76,76,76,76,76,76,76,86,86,86,86,86,86,86,86],"card_choices":[{"not_picked":["Steam","Panic Button"],"picked":"Streamline","floor":1.0},{"not_picked":["Stack","Steam"],"picked":"Barrage","floor":2.0},{"not_picked":["Sunder","Streamline"],"picked":"Cold Snap","floor":3.0},{"not_picked":["ReplayTheSpireMod:System Scan","Leap"],"picked":"Sweeping Beam","floor":4.0},{"not_picked":["Glacier","Sweeping Beam"],"picked":"Chill","floor":5.0},{"not_picked":["BootSequence","Panic Button"],"picked":"Redo","floor":6.0},{"not_picked":["ReplayTheSpireMod:Repulse","ReplayTheSpireMod:System Scan"],"picked":"Leap","floor":7.0},{"not_picked":["Thunder Strike","Redo"],"picked":"Conserve Battery","floor":8.0},{"not_picked":["Cold Snap","Force Field"],"picked":"Crystallizer","floor":11.0},{"not_picked":["Meteor Strike","ReplayTheSpireMod:Fabricate Wheel"],"picked":"Buffer","floor":16.0},{"not_picked":["ReplaySort","Skim"],"picked":"ReplaySolidLightProjector","floor":18.0},{"not_picked":["Steam","Turbo+1"],"picked":"Chaos","floor":19.0},{"not_picked":["ReplayTheSpireMod:Reroute Power","Double Energy"],"picked":"Coolheaded","floor":23.0},{"not_picked":["Turbo","Cold Snap"],"picked":"Glacier","floor":28.0},{"not_picked":["Steam Power","Hologram+1"],"picked":"ReplayTheSpireMod:Repulse+1","floor":29.0},{"not_picked":["Steam","Barrage"],"picked":"Gash","floor":31.0},{"not_picked":["Meteor Strike","Buffer+1"],"picked":"Creative AI+1","floor":33.0},{"not_picked":["Sweeping Beam+1","ReplayTheSpireMod:GoodbyeWorld+1"],"picked":"Stack+1","floor":35.0},{"not_picked":["Blind","expansioncontent:ManipulateTime"],"picked":"Panacea","floor":36.0},{"not_picked":["Coolheaded","Rebound"],"picked":"Blizzard","floor":37.0},{"not_picked":["Loop+1","Coolheaded"],"picked":"Storm+1","floor":40.0},{"not_picked":["Ball Lightning","Electrodynamics+1"],"picked":"Fusion","floor":41.0},{"not_picked":["Coolheaded","Turbo+1"],"picked":"Consume","floor":42.0},{"not_picked":["Conserve Battery+1","Go for the Eyes"],"picked":"Gash","floor":45.0},{"not_picked":["Auto Shields","Turbo"],"picked":"Compile Driver+1","floor":47},{"not_picked":["Go for the Eyes+1","Leap"],"picked":"Fission","floor":48}],"player_experience":389778,"relics_obtained":[{"floor":4.0,"key":"Letter Opener"},{"floor":6.0,"key":"DataDisk"},{"floor":8.0,"key":"Bronze Scales"},{"floor":9.0,"key":"Replay:Accelerometer"},{"floor":11.0,"key":"Bag of Preparation"},{"floor":21.0,"key":"Enchiridion"},{"floor":23.0,"key":"Pocketwatch"},{"floor":26.0,"key":"Counterbalance"},{"floor":28.0,"key":"Frozen Egg 2"},{"floor":31.0,"key":"Centennial Puzzle"},{"floor":38.0,"key":"ReplayTheSpireMod:Ring of Collecting"},{"floor":40.0,"key":"The Courier"},{"floor":42.0,"key":"Peace Pipe"},{"floor":43.0,"key":"Pear"},{"floor":43.0,"key":"Ring of Greed"},{"floor":43.0,"key":"Replay:Wax Seal"},{"floor":43.0,"key":"MawBank"},{"floor":45.0,"key":"Mummified Hand"}],"event_choices":[{"damage_healed":0.0,"max_hp_gain":0.0,"max_hp_loss":6.0,"gold_gain":0.0,"event_name":"Golden Idol","player_choice":"Lose Max HP","floor":14.0,"gold_loss":0.0,"damage_taken":0.0,"relics_obtained":["Golden Idol"]},{"damage_healed":0.0,"max_hp_gain":0.0,"max_hp_loss":0.0,"gold_gain":0.0,"event_name":"Vampires","player_choice":"Ignored","floor":20.0,"gold_loss":0.0,"damage_taken":0.0},{"damage_healed":0.0,"max_hp_gain":0.0,"max_hp_loss":0.0,"gold_gain":0.0,"event_name":"Cursed Tome","player_choice":"Obtained Book","floor":21.0,"gold_loss":0.0,"damage_taken":16.0},{"cards_removed":["Defend_B"],"damage_healed":0.0,"max_hp_gain":0.0,"max_hp_loss":0.0,"gold_gain":0.0,"event_name":"Beggar","player_choice":"Gave Gold","floor":22.0,"gold_loss":75.0,"damage_taken":0.0},{"damage_healed":0.0,"max_hp_gain":0.0,"max_hp_loss":0.0,"gold_gain":0.0,"event_name":"SensoryStone","player_choice":"Memory 1","floor":36.0,"gold_loss":0.0,"damage_taken":0.0},{"cards_removed":["Strike_B"],"damage_healed":0.0,"max_hp_gain":0.0,"max_hp_loss":0.0,"gold_gain":0.0,"event_name":"Falling","player_choice":"Removed Attack","floor":39.0,"gold_loss":0.0,"damage_taken":0.0},{"cards_removed":["Crystallizer"],"damage_healed":14.0,"max_hp_gain":0.0,"max_hp_loss":0.0,"gold_gain":0.0,"event_name":"Bonfire Elementals","player_choice":"Offered Uncommon","floor":46.0,"gold_loss":0.0,"damage_taken":0.0}],"is_beta":false,"boss_relics":[{"not_picked":["Kintsugi","Fusion Hammer"],"picked":"Philosopher\u0027s Stone"},{"not_picked":["Coffee Dripper","Runic Pyramid"],"picked":"Inserter"}],"items_purged_floors":[12,25],"is_endless":false,"potions_floor_spawned":[2,5,6,8,23,28,29,35,40,45,48],"ascension_level":3}}