{"host":"vlqejv0notyktumz","time":1608872029,"event":{"mods":["AchievementEnabler","BaseMod","Googly Eyes","Minty Spire (QoL Compilation)"],"gold_per_floor":[111,36,47,57,57,57,71,3,3,20,39,67,86,86,86,183,183,200,299,52,52,15,41,41,60,111,111,128,128,145,171,171,272,272,289,289,289],"floor_reached":36,"playtime":2200,"items_purged":["Defend_G","Strike_G"],"score":555,"play_id":"d15a81a7-31b3-476e-846a-294d76384bde","local_time":"20201224225349","is_ascension_mode":true,"campfire_choices":[{"data":"Bouncing Flask","floor":6,"key":"SMITH"},{"data":"Cloak And Dagger","floor":15,"key":"SMITH"},{"floor":24,"key":"REST"},{"data":"Noxious Fumes","floor":27,"key":"SMITH"},{"floor":29,"key":"REST"},{"floor":32,"key":"REST"}],"circlet_count":0,"master_deck":["Strike_G","Strike_G","Strike_G","Defend_G","Defend_G","Defend_G","Defend_G","Survivor","Neutralize+1","Dodge and Roll","Bouncing Flask+1","Heel Hook","Dash","Cloak And Dagger+1","Noxious Fumes+1","Crippling Poison","Backflip+1"],"relics":["Ring of the Snake","Kunai","Pantograph","Busted Crown","Vajra","Oddly Smooth Stone","CeramicFish","Black Star"],"acts_visited":["Exordium","TheCity","TheBeyond"],"potions_floor_usage":[10,12,23,23,33,33,33],"damage_taken":[{"damage":0,"enemies":"Cultist","floor":1,"turns":4},{"damage":5,"enemies":"Small Slimes","floor":3,"turns":5},{"damage":2,"enemies":"Jaw Worm","floor":4,"turns":4},{"damage":1,"enemies":"Blue Slaver","floor":7,"turns":3},{"damage":0,"enemies":"2 Fungi Beasts","floor":10,"turns":2},{"damage":0,"enemies":"Looter","floor":11,"turns":3},{"damage":0,"enemies":"3 Sentries","floor":12,"turns":11},{"damage":5,"enemies":"3 Louse","floor":13,"turns":3},{"damage":44,"enemies":"Slime Boss","floor":16,"turns":11},{"damage":0,"enemies":"Shell Parasite","floor":18,"turns":7},{"damage":35,"enemies":"Slavers","floor":23,"turns":6},{"damage":0,"enemies":"3 Byrds","floor":25,"turns":6},{"damage":7,"enemies":"3 Cultists","floor":28,"turns":5},{"damage":16,"enemies":"Sentry and Sphere","floor":30,"turns":7},{"damage":3,"enemies":"Snake Plant","floor":31,"turns":6},{"damage":6,"enemies":"Collector","floor":33,"turns":8},{"damage":13,"enemies":"3 Shapes","floor":35,"turns":6},{"damage":77,"enemies":"2 Orb Walkers","floor":36,"turns":5}],"seed_played":"493224346290603915","potions_obtained":[{"floor":4,"key":"ColorlessPotion"},{"floor":5,"key":"BlessingOfTheForge"},{"floor":5,"key":"Fire Potion"},{"floor":5,"key":"Fire Potion"},{"floor":10,"key":"CunningPotion"},{"floor":12,"key":"SkillPotion"},{"floor":23,"key":"LiquidBronze"},{"floor":30,"key":"Ancient Potion"}],"is_trial":false,"path_per_floor":["M","$","M","M","?","R","M","$","T","M","M","E","M","?","R","B",null,"M","?","$","?","$","E","R","M","T","R","M","R","M","M","R","B",null,"M","?"],"character_chosen":"THE_SILENT","items_purchased":["Dash","Vajra","Crippling Poison"],"campfire_rested":3,"item_purchase_floors":[8,20,22],"current_hp_per_floor":[63,63,58,56,56,56,55,55,55,55,55,55,50,50,50,26,59,59,59,59,46,46,11,33,33,33,33,26,48,32,29,51,69,74,61,0,0],"gold":289,"neow_bonus":"UPGRADE_CARD","is_daily":false,"chose_seed":false,"campfire_upgraded":3,"win_rate":0.0,"timestamp":1608872029,"path_taken":["M","$","?","M","?","R","M","?","T","?","M","E","M","?","R","BOSS","M","?","$","?","?","E","R","M","T","R","M","R","M","M","R","BOSS","M","?"],"items_purchased_type":["Card","Relic","Card"],"build_version":"2020-12-22","purchased_purges":2,"victory":false,"max_hp_per_floor":[70,70,70,70,70,70,70,70,70,70,70,70,70,70,70,70,70,70,70,70,75,75,75,75,75,75,75,75,75,75,75,75,75,75,75,75,75],"card_choices":[{"not_picked":["Blade Dance","Prepared"],"picked":"Dodge and Roll","floor":1},{"not_picked":["Deflect","Well Laid Plans","Acrobatics"],"picked":"SKIP","floor":3},{"not_picked":["Deflect","Underhanded Strike"],"picked":"Bouncing Flask","floor":4},{"not_picked":["Distraction","Leg Sweep"],"picked":"Heel Hook","floor":7},{"not_picked":["Bane","Dagger Throw"],"picked":"Cloak And Dagger","floor":10},{"not_picked":["Acrobatics","Phantasmal Killer","Slice"],"picked":"SKIP","floor":11},{"not_picked":["Dagger Spray","Deflect","PiercingWail"],"picked":"SKIP","floor":12},{"not_picked":["Acrobatics","Poisoned Stab"],"picked":"Noxious Fumes","floor":13},{"not_picked":["Prepared"],"picked":"SKIP","floor":18},{"not_picked":["Masterful Stab+1"],"picked":"SKIP","floor":23},{"not_picked":["Prepared+1"],"picked":"SKIP","floor":25},{"not_picked":["Eviscerate"],"picked":"SKIP","floor":28},{"not_picked":["Prepared+1"],"picked":"SKIP","floor":30},{"not_picked":[],"picked":"Backflip+1","floor":31},{"not_picked":["Distraction+1"],"picked":"SKIP","floor":35}],"player_experience":271067,"relics_obtained":[{"floor":9,"key":"Kunai"},{"floor":12,"key":"Pantograph"},{"floor":23,"key":"Oddly Smooth Stone"},{"floor":26,"key":"CeramicFish"}],"event_choices":[{"damage_healed":0,"gold_gain":0,"player_choice":"Got Potions","damage_taken":0,"max_hp_gain":0,"max_hp_loss":0,"event_name":"Lab","floor":5,"gold_loss":0},{"cards_removed":["Strike_G"],"damage_healed":0,"gold_gain":0,"player_choice":"Forget","damage_taken":0,"max_hp_gain":0,"max_hp_loss":0,"event_name":"Living Wall","floor":14,"gold_loss":0},{"damage_healed":0,"gold_gain":99,"player_choice":"Stole From Cult","damage_taken":0,"max_hp_gain":0,"max_hp_loss":0,"event_name":"Nest","floor":19,"gold_loss":0},{"damage_healed":0,"gold_gain":0,"player_choice":"Shed Blood","damage_taken":18,"max_hp_gain":5,"max_hp_loss":0,"event_name":"Forgotten Altar","floor":21,"gold_loss":0},{"damage_healed":0,"gold_gain":0,"player_choice":"Fight","damage_taken":0,"max_hp_gain":0,"max_hp_loss":0,"event_name":"Mysterious Sphere","floor":36,"gold_loss":0}],"is_beta":false,"boss_relics":[{"not_picked":["Runic Dome","Runic Pyramid"],"picked":"Busted Crown"},{"not_picked":["Philosopher\u0027s Stone","Calling Bell"],"picked":"Black Star"}],"items_purged_floors":[2,20],"is_endless":false,"potions_floor_spawned":[4,7,10,12,16,23,30],"killed_by":"2 Orb Walkers","ascension_level":7}}