{"host":"qxeepl7ydvsgmfdb","time":1608886049,"event":{"mods":["AchievementEnabler","BaseMod","Colored Powertips","Minty Spire (QoL Compilation)","Quick Restart","slay the spire mod where everything is the same but ironclad has a cowboy hat"],"gold_per_floor":[116,416,491,508,508,508,533,543,570,581,601,636,238,251,251,354,354,371,382,153,153,153],"floor_reached":21,"playtime":1289,"items_purged":[],"score":270,"play_id":"8156ff0b-253d-43bd-a2bb-0776a6429caf","local_time":"20201225034729","is_ascension_mode":true,"campfire_choices":[{"data":"Deadly Poison","floor":6,"key":"SMITH"},{"floor":15,"key":"REST"}],"circlet_count":0,"master_deck":["Strike_G","Strike_G","Strike_G","Strike_G","Strike_G","Defend_G+1","Defend_G","Defend_G","Defend_G","Defend_G+1","Survivor","Neutralize","Deadly Poison+1","Dagger Spray","Poisoned Stab","Cloak And Dagger","All Out Attack","Deadly Poison","Footwork","After Image","Poisoned Stab","Noxious Fumes"],"relics":["Ring of the Snake","NeowsBlessing","Old Coin","NlothsMask","War Paint","Happy Flower","Eternal Feather","Bag of Marbles","Vajra"],"acts_visited":["Exordium","TheCity"],"potions_floor_usage":[12,16],"damage_taken":[{"damage":0,"enemies":"Cultist","floor":1,"turns":1},{"damage":0,"enemies":"Small Slimes","floor":4,"turns":1},{"damage":0,"enemies":"3 Sentries","floor":7,"turns":1},{"damage":1,"enemies":"Jaw Worm","floor":8,"turns":3},{"damage":0,"enemies":"Large Slime","floor":10,"turns":4},{"damage":3,"enemies":"Looter","floor":11,"turns":3},{"damage":14,"enemies":"Lagavulin","floor":12,"turns":5},{"damage":0,"enemies":"Exordium Thugs","floor":14,"turns":3},{"damage":31,"enemies":"The Guardian","floor":16,"turns":10},{"damage":13,"enemies":"Chosen","floor":18,"turns":4},{"damage":15,"enemies":"Shell Parasite","floor":19,"turns":6},{"damage":36,"enemies":"Cultist and Chosen","floor":21,"turns":4}],"seed_played":"-461986216248160458","potions_obtained":[{"floor":8,"key":"Fire Potion"},{"floor":12,"key":"ColorlessPotion"},{"floor":14,"key":"SpeedPotion"},{"floor":16,"key":"DuplicationPotion"},{"floor":19,"key":"Explosive Potion"}],"is_trial":false,"path_per_floor":["M","T","?","M","?","R","E","M","T","M","M","E","$","M","R","B",null,"M","M","$","M"],"character_chosen":"THE_SILENT","items_purchased":["Eternal Feather","Bag of Marbles","Vajra","Noxious Fumes"],"campfire_rested":1,"item_purchase_floors":[13,13,20,20],"current_hp_per_floor":[70,70,59,59,59,59,59,58,58,58,55,41,41,41,70,39,62,49,34,34,0,0],"gold":153,"neow_bonus":"THREE_ENEMY_KILL","is_daily":false,"chose_seed":false,"campfire_upgraded":1,"win_rate":0.0,"timestamp":1608886049,"path_taken":["M","?","?","M","?","R","E","M","T","M","M","E","$","?","R","BOSS","M","M","$","?"],"items_purchased_type":["Relic","Relic","Relic","Card"],"build_version":"2020-12-22","purchased_purges":0,"victory":false,"max_hp_per_floor":[70,70,70,70,70,70,70,70,70,70,70,70,70,70,70,70,70,70,70,70,70,70],"card_choices":[{"not_picked":["Flying Knee","Poisoned Stab"],"picked":"Deadly Poison","floor":1},{"not_picked":["Eviscerate","Concentrate","Leg Sweep"],"picked":"SKIP","floor":4},{"not_picked":["Well Laid Plans","Quick Slash"],"picked":"Dagger Spray","floor":7},{"not_picked":["Eviscerate","Malaise"],"picked":"Poisoned Stab","floor":8},{"not_picked":["Skewer","Backflip"],"picked":"Cloak And Dagger","floor":10},{"not_picked":["Distraction","Blur"],"picked":"All Out Attack","floor":11},{"not_picked":["Setup","Backflip"],"picked":"Deadly Poison","floor":12},{"not_picked":["Flying Knee","Distraction"],"picked":"Footwork","floor":14},{"not_picked":["A Thousand Cuts","Corpse Explosion"],"picked":"After Image","floor":16},{"not_picked":["Skewer+1","Flying Knee","Acrobatics"],"picked":"SKIP","floor":18},{"not_picked":["Cloak And Dagger","Underhanded Strike"],"picked":"Poisoned Stab","floor":19}],"player_experience":373473,"relics_obtained":[{"floor":2,"key":"Old Coin"},{"floor":7,"key":"War Paint"},{"floor":12,"key":"Happy Flower"}],"event_choices":[{"damage_healed":0,"gold_gain":75,"player_choice":"Gather Gold","damage_taken":11,"max_hp_gain":0,"max_hp_loss":0,"event_name":"World of Goop","floor":3,"gold_loss":0},{"damage_healed":0,"gold_gain":0,"player_choice":"Trade","damage_taken":0,"relics_obtained":["NlothsMask"],"max_hp_gain":0,"max_hp_loss":0,"event_name":"FaceTrader","floor":5,"gold_loss":0}],"is_beta":false,"boss_relics":[{"not_picked":["Fusion Hammer","Coffee Dripper","Velvet Choker"]}],"items_purged_floors":[],"is_endless":false,"potions_floor_spawned":[8,12,14,16,19],"killed_by":"Cultist and Chosen","ascension_level":5}}