{"host":"ipmemxoioxoikew2","time":1608938531,"event":{"mods":["BaseMod","Infinite Spire","Minty Spire (QoL Compilation)","Replay The Spire","StSLib"],"gold_per_floor":[141,192,192,192,234,322,334,427,739,816,828,931,992,487,487,822,822,868,927,927,976,1018,1018,1132,1132,1132,1230,1230,1321,1321,1345,1345,1660,1660,1830,1830,1991,2182,2182,2182,2182],"floor_reached":40,"playtime":1547,"items_purged":["Defend_R"],"score":689,"play_id":"b58090fb-30c9-43a2-9ad4-8533e7a6ba4a","local_time":"20201226002211","daily_mods":["Vintage","Colorless Cards","Heirloom","Flight","DeadlyEvents","Elite Swarm","Lethality","Midas","Terminal","Uncertain Future"],"is_ascension_mode":false,"campfire_choices":[{"floor":7,"key":"REST"},{"floor":11,"key":"REST"},{"floor":15,"key":"REST"},{"floor":23,"key":"REST"},{"floor":30,"key":"REST"},{"floor":32,"key":"REST"}],"circlet_count":0,"master_deck":["Strike_R","Strike_R","Strike_R","Strike_R","Strike_R","Bash","Immolate","Reaper","Mayhem","Limit Break","infinitespire:Oblivion","Limit Break","Replay:BasicMightCard","Sadistic Nature+1","CommonCold","ReplayTheSpireMod:Chaos Vortex+1","Limit Break","Master of Strategy","infinitespire:UltimateForm+1"],"relics":["Burning Blood","Incense Burner","Replay:Arrowhead","Champion Belt","Golden Idol","FossilizedHelix","MawBank","Centennial Puzzle","Old Coin","Bag of Preparation","Regal Pillow","Potion Belt","Lee\u0027s Waffle","infinitespire:PuzzleCube","King of Hearts","Empty Cage","infinitespire:CheckeredPen","Happy Flower","Pocketwatch","infinitespire:Beetle Shell","Toy Ornithopter","Vajra","Frozen Egg 2","ReplayTheSpireMod:Lightbulb","Ring of Fury","Ring of Hypnosis","MealTicket","Pen Nib","infinitespire:EvilPickle","infinitespire:Burning Sword","Toxic Egg 2","Nunchaku","Painkiller Herb","Boot","Question Card"],"acts_visited":["Exordium","TheCity","TheBeyond"],"potions_floor_usage":[],"damage_taken":[{"damage":0,"enemies":"Cultist","floor":1,"turns":3},{"damage":0,"enemies":"Jaw Worm","floor":2,"turns":3},{"damage":6,"enemies":"Small Slimes","floor":5,"turns":4},{"damage":14,"enemies":"3 Sentries","floor":6,"turns":9},{"damage":13,"enemies":"Lagavulin","floor":8,"turns":6},{"damage":0,"enemies":"2 Fungi Beasts","floor":10,"turns":1},{"damage":0,"enemies":"Gremlin Nob","floor":12,"turns":3},{"damage":0,"enemies":"3 Louse","floor":13,"turns":1},{"damage":0,"enemies":"Slime Boss","floor":16,"turns":8},{"damage":16,"enemies":"Shell Parasite","floor":18,"turns":5},{"damage":0,"enemies":"Spheric Guardian","floor":19,"turns":3},{"damage":7,"enemies":"Snake Plant","floor":21,"turns":2},{"damage":14,"enemies":"Centurion and Healer","floor":22,"turns":4},{"damage":0,"enemies":"Gremlin Leader","floor":24,"turns":3},{"damage":13,"enemies":"Book of Stabbing","floor":27,"turns":3},{"damage":41,"enemies":"Nightmare","floor":29,"turns":5},{"damage":18,"enemies":"Pondfish","floor":33,"turns":5},{"damage":0,"enemies":"Orb Walker","floor":35,"turns":2},{"damage":0,"enemies":"3 Darklings","floor":37,"turns":2},{"damage":0,"enemies":"4 Shapes","floor":38,"turns":2},{"damage":52,"enemies":"Nightmare","floor":40,"turns":4}],"seed_played":"-1473678653431391352","potions_obtained":[{"floor":1,"key":"BloodPotion"},{"floor":10,"key":"Block Potion"},{"floor":12,"key":"Explosive Potion"},{"floor":16,"key":"HeartOfIron"},{"floor":18,"key":"FearPotion"},{"floor":21,"key":"Fire Potion"}],"is_trial":true,"path_per_floor":["M","M","?","?","M","E","R","E","T","M","R","E","M","$","R","B",null,"M","M","AVR","M","M","R","E","?","T","E","?","NM","R","T","R","B",null,"M","AVR","?","?","?","NM"],"character_chosen":"IRONCLAD","items_purchased":["Lee\u0027s Waffle","infinitespire:PuzzleCube","King of Hearts"],"campfire_rested":6,"item_purchase_floors":[14,14,14],"current_hp_per_floor":[78,77,58,51,51,43,64,57,57,63,68,67,66,72,71,70,69,59,67,66,65,57,63,62,61,60,53,53,41,56,55,54,53,52,51,50,49,48,47,0,0],"gold":2182,"neow_bonus":"","is_daily":false,"chose_seed":false,"campfire_upgraded":0,"win_rate":0.0,"timestamp":1608938531,"path_taken":["M","M","?","?","M","E","R","E","T","M","R","E","?","$","R","BOSS","M","M","AVR","M","M","R","E","?","T","E","?","NM","R","?","R","BOSS","M","AVR","?","?","?","NM"],"items_purchased_type":["Relic","Relic","Relic"],"build_version":"2020-12-22","purchased_purges":1,"victory":false,"max_hp_per_floor":[78,77,76,75,74,73,72,71,70,69,68,67,66,72,71,70,69,68,67,66,65,64,63,62,61,60,59,58,57,56,55,54,53,52,51,50,49,48,47,47,47],"card_choices":[{"not_picked":["Crow Ritual","Poisoned Strike"],"picked":"Immolate","floor":6},{"not_picked":["Fiend Fire","Sadistic Nature"],"picked":"Reaper","floor":8},{"not_picked":["Juggernaut","Secret Weapon"],"picked":"Mayhem","floor":12},{"not_picked":["Barricade","Poisoned Strike"],"picked":"Limit Break","floor":16},{"not_picked":["Metamorphosis","ReplayTheSpireMod:Necrogeddon"],"picked":"Limit Break","floor":24},{"not_picked":["Berserk+1","Midas Touch"],"picked":"Sadistic Nature+1","floor":27},{"not_picked":["infinitespire:Fortify","infinitespire:SealOfDarkness+"],"picked":"ReplayTheSpireMod:Chaos Vortex","floor":29},{"not_picked":["Mayhem+1","Transmutation"],"picked":"Limit Break","floor":29},{"not_picked":["Sadistic Nature+1","Crow Ritual+1"],"picked":"Master of Strategy","floor":33}],"player_experience":744194,"relics_obtained":[{"floor":1,"key":"Replay:Arrowhead"},{"floor":2,"key":"Champion Belt"},{"floor":5,"key":"FossilizedHelix"},{"floor":6,"key":"MawBank"},{"floor":8,"key":"Centennial Puzzle"},{"floor":9,"key":"Old Coin"},{"floor":10,"key":"Bag of Preparation"},{"floor":12,"key":"Regal Pillow"},{"floor":13,"key":"Potion Belt"},{"floor":18,"key":"infinitespire:CheckeredPen"},{"floor":19,"key":"Happy Flower"},{"floor":21,"key":"infinitespire:Beetle Shell"},{"floor":22,"key":"Toy Ornithopter"},{"floor":24,"key":"Vajra"},{"floor":26,"key":"Frozen Egg 2"},{"floor":27,"key":"ReplayTheSpireMod:Lightbulb"},{"floor":28,"key":"Ring of Fury"},{"floor":28,"key":"Ring of Hypnosis"},{"floor":29,"key":"MealTicket"},{"floor":31,"key":"Pen Nib"},{"floor":35,"key":"Toxic Egg 2"},{"floor":37,"key":"Boot"},{"floor":38,"key":"Question Card"}],"event_choices":[{"damage_healed":0,"gold_gain":0,"player_choice":"Take Damage","damage_taken":19,"relics_obtained":["Golden Idol"],"max_hp_gain":0,"max_hp_loss":0,"event_name":"Golden Idol","floor":3,"gold_loss":0},{"cards_removed":["Defend_R"],"damage_healed":0,"gold_gain":0,"player_choice":"Card Removal","damage_taken":7,"max_hp_gain":0,"max_hp_loss":0,"event_name":"Golden Wing","floor":4,"gold_loss":0},{"damage_healed":0,"gold_gain":0,"player_choice":"Read","damage_taken":0,"max_hp_gain":0,"max_hp_loss":0,"event_name":"The Library","floor":25,"gold_loss":0,"cards_obtained":["Replay:BasicMightCard"]},{"damage_healed":0,"gold_gain":0,"player_choice":"Ignored","damage_taken":0,"max_hp_gain":0,"max_hp_loss":0,"event_name":"The Moai Head","floor":39,"gold_loss":0}],"is_beta":false,"boss_relics":[{"not_picked":["Runic Cube","Runic Pyramid"],"picked":"Empty Cage"},{"not_picked":["Runic Dome","Honey Jar"],"picked":"infinitespire:Burning Sword"}],"items_purged_floors":[14],"is_endless":true,"potions_floor_spawned":[1,10,12,16,18,21,38],"killed_by":"Nightmare","ascension_level":0}}