{"host":"v1m5rkjj38qutr02","time":1608879903,"event":{"mods":["Act Like it!","BaseMod","Conspire","Gensokyo","GungeonMod","Hallownest","Minty Spire (QoL Compilation)","Replay The Spire","StSLib","The Bug Knight","Youmu£®ªÍ∆«—˝√Œ£©"],"gold_per_floor":[110,110,129,129,304,336,336,336,363,404,425,425,443,467,467,590,590,610,610,610],"floor_reached":19,"playtime":579,"items_purged":[],"score":263,"play_id":"5f785544-06ec-49d6-a383-7a1b7b453359","local_time":"20201225150503","is_ascension_mode":true,"campfire_choices":[{"data":"White Noise","floor":8,"key":"SMITH"},{"floor":12,"key":"REST"},{"floor":15,"key":"REST"}],"circlet_count":0,"master_deck":["Defend_B","Defend_B","Defend_B","Defend_B","Zap","Dualcast","White Noise+1","Capacitor","Doubt","Reboot","Injury","Turbo","Redo","Ball Lightning","Electrodynamics","Writhe","Injury","Skim"],"relics":["Cracked Core","NeowsBlessing","Replay:Rubber Ducky","Golden Idol","Replay:Wax Seal","Art of War","Kintsugi"],"acts_visited":["Exordium","TheCity"],"potions_floor_usage":[14,16,19],"damage_taken":[{"damage":0,"enemies":"Cultist","floor":1,"turns":1},{"damage":0,"enemies":"Small Slimes","floor":3,"turns":1},{"damage":0,"enemies":"Gremlin Nob","floor":6,"turns":1},{"damage":21,"enemies":"Lagavulin","floor":10,"turns":6},{"damage":9,"enemies":"Jaw Worm","floor":11,"turns":4},{"damage":8,"enemies":"3 Louse","floor":13,"turns":3},{"damage":3,"enemies":"Looter","floor":14,"turns":3},{"damage":47,"enemies":"Fading Forest","floor":16,"turns":11},{"damage":6,"enemies":"conspire:FuzzyDice","floor":18,"turns":6},{"damage":25,"enemies":"conspire:HollyBat","floor":19,"turns":7}],"seed_played":"-6709675990426200382","potions_obtained":[{"floor":1,"key":"SteroidPotion"},{"floor":3,"key":"CultistPotion"},{"floor":13,"key":"Weak Potion"},{"floor":16,"key":"ColorlessPotion"}],"is_trial":false,"path_per_floor":["M","?","M","?","?","E","?","R","T","E","M","R","M","M","R","B",null,"M","M"],"character_chosen":"DEFECT","items_purchased":[],"campfire_rested":2,"item_purchase_floors":[],"current_hp_per_floor":[68,73,73,66,66,66,66,66,66,45,36,60,52,49,73,36,69,63,38,38],"gold":610,"neow_bonus":"THREE_ENEMY_KILL","is_daily":false,"chose_seed":false,"campfire_upgraded":1,"win_rate":0.0,"timestamp":1608879903,"path_taken":["M","?","M","?","?","E","?","R","T","E","M","R","M","M","R","BOSS","M","M"],"items_purchased_type":[],"build_version":"2020-12-22","purchased_purges":0,"victory":false,"max_hp_per_floor":[75,80,80,80,80,80,80,80,80,80,80,80,80,80,80,80,80,80,80,80],"card_choices":[{"not_picked":["ReplayGash","Cold Snap"],"picked":"White Noise","floor":1},{"not_picked":["Compile Driver","Ball Lightning"],"picked":"Capacitor","floor":3},{"not_picked":["Compile Driver","Redo"],"picked":"Reboot","floor":6},{"not_picked":["Beam Cell","Glacier"],"picked":"Turbo","floor":10},{"not_picked":["ReplayTheSpireMod:GoodbyeWorld","ReplayTheSpireMod:System Scan"],"picked":"Redo","floor":11},{"not_picked":["ReplayTheSpireMod:Dual Polarity","Steam","Gash"],"picked":"SKIP","floor":13},{"not_picked":["Rainbow","Gash"],"picked":"Ball Lightning","floor":14},{"not_picked":["Machine Learning","Fission"],"picked":"Electrodynamics","floor":16},{"not_picked":["Barrage","Coolheaded"],"picked":"Skim","floor":18}],"player_experience":378920,"relics_obtained":[{"floor":6,"key":"Replay:Rubber Ducky"},{"floor":9,"key":"Replay:Wax Seal"},{"floor":10,"key":"Art of War"}],"event_choices":[{"damage_healed":0,"gold_gain":0,"player_choice":"Donut","damage_taken":0,"max_hp_gain":5,"max_hp_loss":0,"event_name":"Big Fish","floor":2,"gold_loss":0},{"cards_removed":["Strike_B"],"damage_healed":0,"gold_gain":0,"player_choice":"Card Removal","damage_taken":7,"max_hp_gain":0,"max_hp_loss":0,"event_name":"Golden Wing","floor":4,"gold_loss":0},{"damage_healed":0,"gold_gain":175,"player_choice":"AGREE","damage_taken":0,"max_hp_gain":0,"max_hp_loss":0,"event_name":"Liars Game","floor":5,"gold_loss":0,"cards_obtained":["Doubt"]},{"damage_healed":0,"gold_gain":0,"player_choice":"Take Wound","damage_taken":0,"relics_obtained":["Golden Idol"],"max_hp_gain":0,"max_hp_loss":0,"event_name":"Golden Idol","floor":7,"gold_loss":0,"cards_obtained":["Injury"]}],"is_beta":false,"boss_relics":[{"not_picked":["SacredBark","Runic Dome"],"picked":"Kintsugi"}],"items_purged_floors":[],"is_endless":false,"potions_floor_spawned":[1,3,13,16],"killed_by":"conspire:HollyBat","ascension_level":6}}