{"host":"d7b3eqpbli5gspou","time":1608867005,"event":{"mods":["2.2 Compatiblity","BaseMod","Colored Map","Colored Powertips","Downfall","Minty Spire (QoL Compilation)","Quick Restart","Random Character Button","Random Character Mod","Relic Sorter","StSLib"],"gold_per_floor":[99,113,129,129,148,174,198,198,226,47,64,79,114,114,127,228,228,228,248,266,277,277,126,150,150,150,108,127,127,139,167,184,289,289,289,307,307,322,339,366,366,382,382,399,416,343,356,103,121,121],"floor_reached":51,"playtime":3972,"items_purged":["Slimebound:Strike_Slimebound","Slimebound:Strike_Slimebound"],"score":755,"play_id":"fe894167-1dce-4e0f-a156-ae725037a13e","local_time":"20201224223005","is_ascension_mode":false,"campfire_choices":[{"data":"Slimebound:CorrosiveSpit","floor":1,"key":"SMITH"},{"data":"Slimebound:RainOfGoop","floor":8,"key":"SMITH"},{"data":"Slimebound:DouseInSlime","floor":18,"key":"SMITH"},{"data":"Slimebound:MegaLick","floor":26,"key":"SMITH"},{"data":"Slimebound:SamplingLick","floor":29,"key":"SMITH"},{"data":"Slimebound:GoopSpray","floor":35,"key":"SMITH"},{"floor":43,"key":"REST"}],"circlet_count":0,"master_deck":["Slimebound:Tackle","Slimebound:Defend_Slimebound","Slimebound:Defend_Slimebound","Slimebound:Split","Slimebound:CorrosiveSpit+1","Slimebound:LeechEnergy","Slimebound:RainOfGoop+1","Slimebound:GrowthPunch","Slimebound:LeechEnergy","Slimebound:FinishingTackle","Slimebound:Gluttony","Slimebound:DouseInSlime+1","Slimebound:SamplingLick+1","Slimebound:ViciousTackle","Slimebound:MegaLick+1","Slimebound:GoopSpray+1","Slimebound:LeechingTouch","Slimebound:MassRepurpose","Slimebound:SelfFormingGoo+1","Slimebound:LeechLife","Slimebound:Schlurp+1","Slimebound:SamplingLick+1","Slimebound:SamplingLick+1","Slimebound:Replication+1","Slimebound:HauntingLick","Slimebound:Schlurp+1","Slimebound:HauntingLick+1"],"relics":["Slimebound:AbsorbEndCombat","Anchor","Bag of Preparation","Slimebound:AggressiveSlimeRelic","Singing Bowl","Frozen Egg 2","Slimebound:TarBlob","Oddly Smooth Stone","Bronze Scales","Red Mask","Philosopher\u0027s Stone","Vajra","Mango","Nunchaku"],"acts_visited":["Exordium","TheCity","TheBeyond"],"potions_floor_usage":[16,33,40,40],"damage_taken":[{"damage":4,"enemies":"Cultist","floor":2,"turns":3},{"damage":4,"enemies":"Small Slimes","floor":3,"turns":3},{"damage":4,"enemies":"2 Louse","floor":5,"turns":2},{"damage":12,"enemies":"Gremlin Nob","floor":6,"turns":3},{"damage":31,"enemies":"Lagavulin","floor":9,"turns":4},{"damage":16,"enemies":"downfall:FleeingMerchant","floor":10,"turns":4},{"damage":8,"enemies":"Exordium Wildlife","floor":11,"turns":3},{"damage":9,"enemies":"Exordium Thugs","floor":12,"turns":3},{"damage":27,"enemies":"3 Sentries","floor":13,"turns":6},{"damage":4,"enemies":"Red Slaver","floor":15,"turns":1},{"damage":42,"enemies":"downfall:Ironclad","floor":16,"turns":4},{"damage":15,"enemies":"Chosen","floor":19,"turns":2},{"damage":24,"enemies":"3 Cultists","floor":20,"turns":3},{"damage":25,"enemies":"Snecko","floor":21,"turns":3},{"damage":16,"enemies":"downfall:FleeingMerchant","floor":23,"turns":4},{"damage":6,"enemies":"downfall:FleeingMerchant","floor":27,"turns":2},{"damage":32,"enemies":"Centurion and Healer","floor":28,"turns":4},{"damage":15,"enemies":"Cultist and Chosen","floor":30,"turns":4},{"damage":21,"enemies":"Masked Bandits","floor":31,"turns":3},{"damage":30,"enemies":"Sentry and Sphere","floor":32,"turns":4},{"damage":42,"enemies":"downfall:Silent","floor":33,"turns":5},{"damage":16,"enemies":"3 Darklings","floor":36,"turns":3},{"damage":13,"enemies":"Orb Walker","floor":38,"turns":2},{"damage":52,"enemies":"Maw","floor":39,"turns":7},{"damage":46,"enemies":"Nemesis","floor":40,"turns":5},{"damage":45,"enemies":"Writhing Mass","floor":42,"turns":4},{"damage":24,"enemies":"3 Darklings","floor":44,"turns":4},{"damage":42,"enemies":"Maw","floor":45,"turns":6},{"damage":19,"enemies":"Writhing Mass","floor":47,"turns":3},{"damage":6,"enemies":"Spire Growth","floor":49,"turns":2},{"damage":54,"enemies":"downfall:Defect","floor":50,"turns":4}],"seed_played":"4847594896114905765","potions_obtained":[{"floor":3,"key":"PowerPotion"},{"floor":6,"key":"BlessingOfTheForge"},{"floor":9,"key":"FearPotion"},{"floor":13,"key":"Slimebound:SlimedPotion"},{"floor":16,"key":"LiquidMemories"},{"floor":20,"key":"Energy Potion"},{"floor":39,"key":"ColorlessPotion"},{"floor":44,"key":"PowerPotion"},{"floor":45,"key":"PowerPotion"}],"is_trial":false,"path_per_floor":["R","M","M","?","M","E","T","R","E","$","M","M","E","?","M","B",null,"R","M","M","M","?","$","T","T","R","$","M","R","M","?","M","B",null,"R","M","?","M","M","E","T","M","R","M","M","$","M","$","M","B",null],"character_chosen":"SLIMEBOUND","items_purchased":["Slimebound:DouseInSlime","Slimebound:SamplingLick","Slimebound:ViciousTackle","Slimebound:MassRepurpose","Slimebound:SelfFormingGoo+1","Slimebound:LeechLife","Slimebound:HauntingLick","Nunchaku"],"campfire_rested":1,"item_purchase_floors":[10,10,10,23,27,27,46,48],"current_hp_per_floor":[54,54,54,54,54,50,50,50,37,39,45,50,45,42,46,20,60,60,61,57,53,53,57,57,57,57,63,65,65,69,72,72,45,74,74,72,72,76,46,36,50,25,53,78,91,91,86,86,90,52],"gold":121,"neow_bonus":"REMOVE_TWO","is_daily":false,"chose_seed":false,"campfire_upgraded":6,"win_rate":0.0,"timestamp":1608867005,"path_taken":["R","?","M","?","?","E","T","R","E","$","M","M","E","?","M","BOSS","R","M","M","M","?","$","T","?","R","$","?","R","M","?","M","BOSS","R","M","?","?","?","E","T","M","R","M","M","?","?","$","M","BOSS"],"items_purchased_type":["Card","Card","Card","Card","Card","Card","Card","Relic"],"build_version":"2020-12-22","purchased_purges":2,"victory":true,"max_hp_per_floor":[54,54,54,54,54,54,54,54,54,54,54,54,56,56,58,60,60,60,62,62,64,64,64,64,64,64,66,68,68,70,72,72,74,74,74,74,74,76,78,80,94,96,96,96,96,96,96,96,96,96],"card_choices":[{"not_picked":["Slimebound:LeechingTouch","Slimebound:LeadByExample"],"picked":"Slimebound:LeechEnergy","floor":2},{"not_picked":["Slimebound:SplitAcid","Slimebound:RollThrough"],"picked":"Slimebound:RainOfGoop","floor":3},{"not_picked":["Slimebound:RollThrough","Slimebound:SplitMire"],"picked":"Slimebound:LeechEnergy","floor":5},{"not_picked":["Slimebound:ProtectTheBoss","Slimebound:Nibble"],"picked":"Slimebound:FinishingTackle","floor":6},{"not_picked":["Slimebound:SplitLeeching","Slimebound:ProtectTheBoss"],"picked":"Slimebound:Gluttony","floor":9},{"not_picked":["Slimebound:GrowthPunch","Slimebound:BestDefense","Slimebound:Equalize"],"picked":"SKIP","floor":10},{"not_picked":["Slimebound:GrowthPunch","Slimebound:SlimeSpikes","Slimebound:PressTheAttack"],"picked":"SKIP","floor":11},{"not_picked":["Slimebound:ViciousTackle","Slimebound:GrowthPunch","Slimebound:Equalize"],"picked":"SKIP","floor":12},{"not_picked":["Slimebound:GrowthPunch","Slimebound:Gluttony","Slimebound:FormOfPuddle"],"picked":"Singing Bowl","floor":13},{"not_picked":["Slimebound:FinishingTackle","Slimebound:Schlurp","Slimebound:Nibble"],"picked":"Singing Bowl","floor":15},{"not_picked":["Slimebound:PrepareCrush","Slimebound:RallyTheTroops","Slimebound:DuplicatedForm+1"],"picked":"Singing Bowl","floor":16},{"not_picked":["Slimebound:SplitLeeching","Slimebound:ForwardTackle","Slimebound:SplitMire"],"picked":"Singing Bowl","floor":19},{"not_picked":["Slimebound:ProtectTheBoss+1","Slimebound:LeadByExample+1"],"picked":"Slimebound:MegaLick","floor":20},{"not_picked":["Slimebound:LeechEnergy","Slimebound:SlimeSpikes","Slimebound:FlameTackle+1"],"picked":"Singing Bowl","floor":21},{"not_picked":["Slimebound:Chomp+1","Slimebound:Prepare"],"picked":"Slimebound:LeechingTouch","floor":23},{"not_picked":["Slimebound:LeechingTouch","Slimebound:SplitMire","Slimebound:RollThrough"],"picked":"Singing Bowl","floor":27},{"not_picked":["Slimebound:PressTheAttack","Slimebound:Replication","Slimebound:GoopSpray"],"picked":"Singing Bowl","floor":28},{"not_picked":["Slimebound:LeechingTouch","Slimebound:SlimeSpikes","Slimebound:Dissolve+1"],"picked":"Singing Bowl","floor":30},{"not_picked":["Slimebound:DuplicatedForm+1","Slimebound:GrowthPunch","Slimebound:SlimeBrawl"],"picked":"Singing Bowl","floor":31},{"not_picked":["Slimebound:SlimeBarrage","Slimebound:ComboTackle+1"],"picked":"Slimebound:Schlurp+1","floor":32},{"not_picked":["Slimebound:SelfFormingGoo+1","Slimebound:MassRepurpose","Slimebound:MinionMaster+1"],"picked":"Singing Bowl","floor":33},{"not_picked":["Slimebound:ItLooksTasty","Slimebound:DisruptingSlam+1"],"picked":"Slimebound:SamplingLick+1","floor":36},{"not_picked":["Slimebound:SplitAcid","Slimebound:Gluttony+1","Slimebound:RollThrough"],"picked":"Singing Bowl","floor":38},{"not_picked":["Slimebound:SplitAcid","Slimebound:Nibble","Slimebound:ForwardTackle"],"picked":"Singing Bowl","floor":39},{"not_picked":["Slimebound:RallyTheTroops","Slimebound:Schlurp","Slimebound:ComboTackle"],"picked":"Singing Bowl","floor":40},{"not_picked":["Slimebound:FormOfPuddle","Slimebound:ComboTackle+1","Slimebound:GrowthPunch+1"],"picked":"Singing Bowl","floor":42},{"not_picked":["Slimebound:HauntingLick+1","Slimebound:LeechingTouch"],"picked":"Slimebound:SamplingLick+1","floor":44},{"not_picked":["Slimebound:FinishingTackle+1","Slimebound:LeadByExample+1"],"picked":"Slimebound:Replication+1","floor":45},{"not_picked":["Slimebound:FinishingTackle+1","Slimebound:Prepare"],"picked":"Slimebound:Schlurp+1","floor":47},{"not_picked":["Slimebound:SplitMire+1","Slimebound:SlimeSpikes+1"],"picked":"Slimebound:HauntingLick+1","floor":49}],"player_experience":53921,"relics_obtained":[{"floor":6,"key":"Anchor"},{"floor":7,"key":"Bag of Preparation"},{"floor":9,"key":"Slimebound:AggressiveSlimeRelic"},{"floor":13,"key":"Singing Bowl"},{"floor":24,"key":"Oddly Smooth Stone"},{"floor":25,"key":"Bronze Scales"},{"floor":31,"key":"Red Mask"},{"floor":40,"key":"Vajra"},{"floor":41,"key":"Mango"}],"event_choices":[{"damage_healed":0,"gold_gain":0,"cards_transformed":["Slimebound:Defend_Slimebound"],"player_choice":"Transformed","damage_taken":0,"max_hp_gain":0,"max_hp_loss":0,"event_name":"Transmorgrifier","floor":4,"gold_loss":0,"cards_obtained":["Slimebound:GrowthPunch"]},{"damage_healed":0,"gold_gain":0,"player_choice":"Success","damage_taken":3,"relics_obtained":["Frozen Egg 2"],"max_hp_gain":0,"max_hp_loss":0,"event_name":"Scrap Ooze","floor":14,"gold_loss":0},{"damage_healed":0,"gold_gain":0,"player_choice":"Read","damage_taken":0,"max_hp_gain":0,"max_hp_loss":0,"event_name":"The Library","floor":22,"gold_loss":0,"cards_obtained":["Slimebound:GoopSpray"]},{"damage_healed":0,"gold_gain":0,"player_choice":"Fought Bandits","damage_taken":0,"max_hp_gain":0,"max_hp_loss":0,"event_name":"Masked Bandits","floor":31,"gold_loss":0}],"is_beta":false,"boss_relics":[{"not_picked":["Fusion Hammer","Runic Dome"],"picked":"Slimebound:TarBlob"},{"not_picked":["Black Star","Astrolabe"],"picked":"Philosopher\u0027s Stone"}],"items_purged_floors":[27,48],"is_endless":false,"potions_floor_spawned":[3,6,9,13,16,19,20,28,31,39,44,45],"ascension_level":0}}