{"host":"2yqfi47fogfu1ic4","time":1608862948,"event":{"mods":["AchievementEnabler","BaseMod","Colored Map","Colored Powertips","Highlight Path","Minty Spire (QoL Compilation)","Permanent Neow","Relic Stats","StSLib"],"gold_per_floor":[115,132,151,161,161,161,171,182,258,588,602,653,363,52,52,124,124,141,66,80,80,80,105,105,137,162,162,162,187,18,28,28,104,104,120,139,158,169,169,199,199,230,230,255,97,97,97,112,112,112,112,112,112,112,138,138],"floor_reached":57,"playtime":8733,"items_purged":["Strike_G","Strike_G"],"score":2975,"play_id":"fe3feb3d-d23c-41aa-ab21-3f98924e3cde","local_time":"20201225032228","is_ascension_mode":true,"campfire_choices":[{"floor":6.0,"key":"RECALL"},{"floor":15.0,"key":"REST"},{"floor":28.0,"key":"REST"},{"floor":32.0,"key":"REST"},{"floor":41.0,"key":"REST"},{"floor":47.0,"key":"REST"},{"floor":49,"key":"REST"},{"floor":53,"key":"REST"}],"circlet_count":0,"master_deck":["AscendersBane","Survivor","Neutralize","Dash","Well Laid Plans","Dagger Throw+1","PiercingWail","Blur","Noxious Fumes+1","Acrobatics","Malaise","Footwork+1","Backflip","Burst","Leg Sweep","Wraith Form v2+1","Choke","Flying Knee","Skewer+1","Storm of Steel","Corpse Explosion","Tactician","Outmaneuver","Acrobatics","PiercingWail+1","Well Laid Plans+1","Ghostly","Ghostly","Ghostly","Leg Sweep","Terror","Crippling Poison","Backflip+1","Night Terror","Acrobatics","Bouncing Flask","Deflect","Backflip+1","Backflip+1","Caltrops+1","Caltrops+1"],"relics":["Fusion Hammer","Frozen Egg 2","Bottled Flame","Old Coin","Centennial Puzzle","Frozen Eye","Pandora\u0027s Box","Orichalcum","Bag of Preparation","Enchiridion","Vajra","Orrery","Philosopher\u0027s Stone","HornCleat","Kunai","Pocketwatch","Omamori","OrangePellets","Whetstone"],"acts_visited":["Exordium","TheCity","TheBeyond","TheEnding"],"potions_floor_usage":[56],"damage_taken":[{"damage":2.0,"enemies":"Cultist","floor":1.0,"turns":4.0},{"damage":0.0,"enemies":"2 Louse","floor":2.0,"turns":4.0},{"damage":0.0,"enemies":"Jaw Worm","floor":3.0,"turns":5.0},{"damage":4.0,"enemies":"2 Fungi Beasts","floor":4.0,"turns":4.0},{"damage":0.0,"enemies":"3 Louse","floor":7.0,"turns":3.0},{"damage":3.0,"enemies":"Looter","floor":8.0,"turns":4.0},{"damage":24.0,"enemies":"Gremlin Nob","floor":10.0,"turns":4.0},{"damage":0.0,"enemies":"Blue Slaver","floor":11.0,"turns":5.0},{"damage":24.0,"enemies":"The Guardian","floor":16.0,"turns":16.0},{"damage":2.0,"enemies":"Spheric Guardian","floor":18.0,"turns":6.0},{"damage":6.0,"enemies":"Shell Parasite","floor":20.0,"turns":7.0},{"damage":1.0,"enemies":"Gremlin Leader","floor":23.0,"turns":10.0},{"damage":1.0,"enemies":"Book of Stabbing","floor":25.0,"turns":8.0},{"damage":3.0,"enemies":"Slavers","floor":29.0,"turns":5.0},{"damage":0.0,"enemies":"Centurion and Healer","floor":31.0,"turns":4.0},{"damage":2.0,"enemies":"Collector","floor":33.0,"turns":12.0},{"damage":0.0,"enemies":"Orb Walker","floor":35.0,"turns":4.0},{"damage":0.0,"enemies":"3 Shapes","floor":36.0,"turns":5.0},{"damage":0.0,"enemies":"Sphere and 2 Shapes","floor":37.0,"turns":8.0},{"damage":2.0,"enemies":"3 Darklings","floor":38.0,"turns":5.0},{"damage":24.0,"enemies":"Reptomancer","floor":40.0,"turns":8.0},{"damage":0.0,"enemies":"Giant Head","floor":42.0,"turns":11.0},{"damage":3.0,"enemies":"Reptomancer","floor":44.0,"turns":7.0},{"damage":0,"enemies":"Transient","floor":48,"turns":6},{"damage":3,"enemies":"Time Eater","floor":50,"turns":13},{"damage":0,"enemies":"Awakened One","floor":51,"turns":15},{"damage":7,"enemies":"Shield and Spear","floor":55,"turns":9},{"damage":8,"enemies":"The Heart","floor":56,"turns":12}],"seed_played":"7249530689494486832","potions_obtained":[{"floor":1.0,"key":"CultistPotion"},{"floor":4.0,"key":"Fire Potion"},{"floor":16.0,"key":"SkillPotion"},{"floor":20.0,"key":"BlessingOfTheForge"},{"floor":29.0,"key":"Energy Potion"},{"floor":31.0,"key":"SpeedPotion"},{"floor":35.0,"key":"EssenceOfSteel"},{"floor":40.0,"key":"SpeedPotion"},{"floor":48,"key":"LiquidMemories"},{"floor":55,"key":"GamblersBrew"}],"is_trial":false,"path_per_floor":["M","M","M","M","?","R","M","M","T","E","M","T","$","$","R","B",null,"M","?","M","?","?","E","$","E","T","?","R","E","$","M","R","B",null,"M","M","M","M","?","E","R","E","T","E","$","?","R","M","R","B","B",null,"R","$","E","B",null],"character_chosen":"THE_SILENT","items_purchased":["Footwork+1","Backflip","Burst","Leg Sweep","Frozen Eye","Orrery","OrangePellets"],"campfire_rested":7,"item_purchase_floors":[13,13,13,14,14,30,45],"current_hp_per_floor":[57,57,57,53,53,53,53,50,50,26,26,26,26,26,45,21,55,53,53,47,47,33,32,32,31,31,10,19,16,16,16,25,23,31,31,31,31,29,29,5,14,14,14,11,11,11,20,20,29,26,26,31,33,33,26,18],"gold":138,"neow_bonus":"BOSS_RELIC","is_daily":false,"chose_seed":false,"campfire_upgraded":0,"win_rate":0.0,"timestamp":1608862948,"path_taken":["M","M","M","M","?","R","?","M","T","E","M","?","?","$","R","BOSS","M","?","M","?","?","E","$","E","T","?","R","E","?","M","R","BOSS","M","M","M","M","?","E","R","E","T","E","$","?","R","M","R","BOSS","BOSS","R","$","E","BOSS"],"items_purchased_type":["Card","Card","Card","Card","Relic","Relic","Relic"],"build_version":"2020-12-22","purchased_purges":2,"victory":true,"max_hp_per_floor":[66,66,66,66,66,66,66,66,66,66,66,66,66,66,66,66,66,66,66,66,66,33,33,33,33,33,33,33,33,33,33,33,33,33,33,33,33,33,33,33,33,33,33,33,33,33,33,33,33,33,33,33,33,33,33,33],"relic_stats":{"OrangePellets":[14],"Centennial Puzzle":[39],"counters":[28,204],"Pandora\u0027s Box":["Choke","Riddle With Holes","Flying Knee","Skewer","Storm of Steel","Corpse Explosion","Tactician","Outmaneuver"],"Bag of Preparation":[30],"Kunai":[9],"Whetstone":["Skewer","Dagger Throw"],"Orichalcum":[378],"obtain_stats":[{"Enchiridion":27,"Vajra":29,"Bag of Preparation":25,"Omamori":44,"Whetstone":55,"Frozen Egg 2":5,"Orichalcum":23,"Old Coin":10,"Frozen Eye":14,"OrangePellets":45,"Bottled Flame":9,"Centennial Puzzle":12,"HornCleat":40,"Orrery":30,"Pandora\u0027s Box":17,"Philosopher\u0027s Stone":34,"Fusion Hammer":0,"Kunai":42,"Ring of the Snake":0,"Pocketwatch":43},{"Enchiridion":13,"Vajra":14,"Bag of Preparation":13,"Omamori":23,"Whetstone":27,"Frozen Egg 2":4,"Orichalcum":12,"Old Coin":7,"Frozen Eye":8,"OrangePellets":23,"Bottled Flame":6,"Centennial Puzzle":8,"HornCleat":21,"Orrery":14,"Pandora\u0027s Box":9,"Philosopher\u0027s Stone":16,"Fusion Hammer":0,"Kunai":22,"Ring of the Snake":0,"Pocketwatch":22},{"Enchiridion":80,"Vajra":85,"Bag of Preparation":80,"Omamori":149,"Whetstone":192,"Frozen Egg 2":17,"Orichalcum":72,"Old Coin":28,"Frozen Eye":33,"OrangePellets":149,"Bottled Flame":24,"Centennial Puzzle":33,"HornCleat":131,"Orrery":85,"Pandora\u0027s Box":49,"Philosopher\u0027s Stone":101,"Fusion Hammer":0,"Kunai":142,"Ring of the Snake":0,"Pocketwatch":142}],"Pocketwatch":[44]},"card_choices":[{"not_picked":["Blur","Dodge and Roll"],"picked":"Dash","floor":1.0},{"not_picked":["Prepared","Acrobatics"],"picked":"Well Laid Plans","floor":2.0},{"not_picked":["Catalyst","Skewer"],"picked":"Dagger Throw","floor":3.0},{"not_picked":["Underhanded Strike","Slice"],"picked":"PiercingWail","floor":4.0},{"not_picked":["Concentrate","Endless Agony"],"picked":"Blur","floor":7.0},{"not_picked":["Escape Plan","Dodge and Roll"],"picked":"Noxious Fumes+1","floor":8.0},{"not_picked":["Setup","Dodge and Roll"],"picked":"Acrobatics","floor":10.0},{"not_picked":["Expertise","Backflip"],"picked":"Malaise","floor":11.0},{"not_picked":["Envenom+1","Glass Knife"],"picked":"Wraith Form v2+1","floor":16.0},{"not_picked":["PiercingWail","Underhanded Strike"],"picked":"Acrobatics","floor":18.0},{"not_picked":["Prepared","Deflect"],"picked":"PiercingWail+1","floor":20.0},{"not_picked":["Dagger Spray","Quick Slash"],"picked":"Leg Sweep","floor":23.0},{"not_picked":["Leg Sweep","Phantasmal Killer"],"picked":"Terror","floor":25.0},{"not_picked":["Slice","Flying Knee"],"picked":"Crippling Poison","floor":29.0},{"not_picked":["Outmaneuver","Bane"],"picked":"Backflip+1","floor":30.0},{"not_picked":["Poisoned Stab","Cloak And Dagger"],"picked":"Glass Knife","floor":30.0},{"not_picked":["Sucker Punch","Underhanded Strike","Dash"],"picked":"SKIP","floor":31.0},{"not_picked":["Burst","Malaise"],"picked":"Night Terror","floor":33.0},{"not_picked":["Leg Sweep","Dagger Spray"],"picked":"Acrobatics","floor":35.0},{"not_picked":["Deadly Poison","Tactician"],"picked":"Bouncing Flask","floor":36.0},{"not_picked":["Flying Knee","Slice"],"picked":"Deflect","floor":37.0},{"not_picked":["Blade Dance+1","Setup"],"picked":"Backflip+1","floor":38.0},{"not_picked":["Sucker Punch+1","Flying Knee"],"picked":"Backflip+1","floor":40.0},{"not_picked":["Cloak And Dagger+1","Finisher"],"picked":"Caltrops+1","floor":42.0},{"not_picked":["Venomology","Terror"],"picked":"Caltrops+1","floor":44.0},{"not_picked":["Riddle With Holes","Dagger Spray","Poisoned Stab"],"picked":"SKIP","floor":48},{"not_picked":["Deflect+1","Finisher+1","Dash"],"picked":"SKIP","floor":55}],"player_experience":1816539,"relics_obtained":[{"floor":5.0,"key":"Frozen Egg 2"},{"floor":9.0,"key":"Bottled Flame"},{"floor":10.0,"key":"Old Coin"},{"floor":12.0,"key":"Centennial Puzzle"},{"floor":23.0,"key":"Orichalcum"},{"floor":25.0,"key":"Bag of Preparation"},{"floor":27.0,"key":"Enchiridion"},{"floor":29.0,"key":"Vajra"},{"floor":40.0,"key":"HornCleat"},{"floor":42.0,"key":"Kunai"},{"floor":43.0,"key":"Pocketwatch"},{"floor":44.0,"key":"Omamori"},{"floor":55,"key":"Whetstone"}],"event_choices":[{"damage_healed":0.0,"max_hp_gain":0.0,"max_hp_loss":0.0,"gold_gain":0.0,"event_name":"Wheel of Change","player_choice":"Relic","floor":5.0,"gold_loss":0.0,"damage_taken":0.0},{"cards_removed":["Riddle With Holes"],"damage_healed":0.0,"max_hp_gain":0.0,"max_hp_loss":0.0,"gold_gain":0.0,"event_name":"Beggar","player_choice":"Gave Gold","floor":19.0,"gold_loss":75.0,"damage_taken":0.0},{"damage_healed":0.0,"max_hp_gain":0.0,"max_hp_loss":0.0,"gold_gain":0.0,"event_name":"The Library","player_choice":"Read","floor":21.0,"gold_loss":0.0,"damage_taken":0.0,"cards_obtained":["Well Laid Plans"]},{"damage_healed":0.0,"max_hp_gain":0.0,"max_hp_loss":33.0,"gold_gain":0.0,"event_name":"Ghosts","player_choice":"Became a Ghost","floor":22.0,"gold_loss":0.0,"damage_taken":0.0,"cards_obtained":["Ghostly","Ghostly","Ghostly"]},{"damage_healed":0.0,"max_hp_gain":0.0,"max_hp_loss":0.0,"gold_gain":0.0,"event_name":"Cursed Tome","player_choice":"Obtained Book","floor":27.0,"gold_loss":0.0,"damage_taken":21.0},{"damage_healed":0.0,"max_hp_gain":0.0,"max_hp_loss":0.0,"gold_gain":0.0,"event_name":"Tomb of Lord Red Mask","player_choice":"Ignored","floor":39.0,"gold_loss":0.0,"damage_taken":0.0},{"cards_removed":["Glass Knife"],"damage_healed":0.0,"max_hp_gain":0.0,"max_hp_loss":0.0,"gold_gain":0.0,"event_name":"Falling","player_choice":"Removed Attack","floor":46.0,"gold_loss":0.0,"damage_taken":0.0}],"is_beta":false,"boss_relics":[{"not_picked":["Runic Dome","Coffee Dripper"],"picked":"Pandora\u0027s Box"},{"not_picked":["Tiny House","Sozu"],"picked":"Philosopher\u0027s Stone"}],"items_purged_floors":[13,14],"is_endless":false,"potions_floor_spawned":[1,4,8,16,20,29,31,35,40,44,48,55],"ascension_level":20}}