{"host":"03a85bwj0a5skoit","time":1608909763,"event":{"mods":["BaseMod","Block Reminder","Minty Spire (QoL Compilation)","Relic Stats","StSLib"],"gold_per_floor":[111,261,277,295,312,312,332,332,356,356,356,12,12,27,27,105,105,124,144,37,57,3,3,3],"floor_reached":23,"playtime":860,"items_purged":["Strike_P"],"score":366,"play_id":"3a62dd9a-d0ba-49ff-adf7-a6084328771b","local_time":"20201226015243","is_ascension_mode":true,"campfire_choices":[{"data":"Eruption","floor":6,"key":"SMITH"},{"data":"Devotion","floor":8,"key":"SMITH"},{"data":"Worship","floor":10,"key":"SMITH"},{"data":"Vigilance","floor":15,"key":"SMITH"}],"circlet_count":0,"master_deck":["AscendersBane","Eruption+1","Vigilance+1","FearNoEvil","Worship+1","FollowUp","Sanctity","Devotion+1","Evaluate","SpiritShield","SpiritShield","FlyingSleeves","WindmillStrike","Omniscience","Wireheading","Crescendo","ReachHeaven","CutThroughFate","Evaluate","EmptyBody"],"relics":["Coffee Dripper","Potion Belt","OrangePellets","Nunchaku","Pandora\u0027s Box"],"acts_visited":["Exordium","TheCity"],"potions_floor_usage":[16,16,16,16,18,23],"damage_taken":[{"damage":2,"enemies":"Jaw Worm","floor":1,"turns":3},{"damage":0,"enemies":"2 Louse","floor":3,"turns":3},{"damage":0,"enemies":"Cultist","floor":4,"turns":3},{"damage":17,"enemies":"2 Fungi Beasts","floor":5,"turns":4},{"damage":11,"enemies":"3 Louse","floor":7,"turns":5},{"damage":12,"enemies":"Exordium Thugs","floor":14,"turns":5},{"damage":5,"enemies":"The Guardian","floor":16,"turns":8},{"damage":30,"enemies":"3 Byrds","floor":18,"turns":6},{"damage":7,"enemies":"Spheric Guardian","floor":19,"turns":6},{"damage":16,"enemies":"3 Cultists","floor":21,"turns":4},{"damage":25,"enemies":"Book of Stabbing","floor":23,"turns":5}],"seed_played":"7957460574188170257","potions_obtained":[{"floor":1,"key":"Strength Potion"},{"floor":5,"key":"Swift Potion"},{"floor":14,"key":"Block Potion"},{"floor":16,"key":"LiquidMemories"},{"floor":18,"key":"Ancient Potion"}],"is_trial":false,"path_per_floor":["M","?","M","M","M","R","M","R","T","R","?","$","?","M","R","B",null,"M","M","$","M","$","E"],"character_chosen":"WATCHER","items_purchased":["OrangePellets","PowerPotion","ColorlessPotion","FairyPotion","Block Potion"],"campfire_rested":0,"item_purchase_floors":[12,12,12,20,22],"current_hp_per_floor":[59,59,59,59,42,42,31,31,31,31,24,24,24,12,12,7,53,23,16,16,20,20,0,0],"gold":3,"neow_bonus":"BOSS_RELIC","is_daily":false,"chose_seed":false,"campfire_upgraded":4,"win_rate":0.0,"timestamp":1608909763,"path_taken":["M","?","M","M","M","R","M","R","T","R","?","$","?","M","R","BOSS","M","M","$","?","$","E"],"items_purchased_type":["Relic","Potion","Potion","Potion","Potion"],"build_version":"2020-12-22","purchased_purges":1,"victory":false,"max_hp_per_floor":[68,68,68,68,68,68,68,68,68,68,68,68,68,68,68,68,68,68,68,68,68,68,68,68],"relic_stats":{"OrangePellets":[1],"Nunchaku":[5],"counters":[11,52],"Pandora\u0027s Box":["SpiritShield","FlyingSleeves","WindmillStrike","Omniscience","Wireheading","Crescendo","ReachHeaven"],"obtain_stats":[{"Potion Belt":9,"OrangePellets":12,"Nunchaku":13,"Pandora\u0027s Box":17,"Coffee Dripper":0,"PureWater":0},{"Potion Belt":5,"OrangePellets":5,"Nunchaku":5,"Pandora\u0027s Box":7,"Coffee Dripper":0,"PureWater":0},{"Potion Belt":18,"OrangePellets":18,"Nunchaku":18,"Pandora\u0027s Box":31,"Coffee Dripper":0,"PureWater":0}]},"card_choices":[{"not_picked":["JustLucky","CrushJoints"],"picked":"FearNoEvil","floor":1},{"not_picked":["Evaluate","CutThroughFate"],"picked":"Worship","floor":3},{"not_picked":["SashWhip","Swivel"],"picked":"FollowUp","floor":4},{"not_picked":["EmptyFist","SashWhip"],"picked":"Sanctity","floor":5},{"not_picked":["PathToVictory","FlyingSleeves"],"picked":"Devotion","floor":7},{"not_picked":["BowlingBash","SignatureMove"],"picked":"Evaluate","floor":14},{"not_picked":["Alpha","Wish"],"picked":"SpiritShield","floor":16},{"not_picked":["Consecrate","ClearTheMind"],"picked":"CutThroughFate","floor":18},{"not_picked":["EmptyFist","Prostrate"],"picked":"Evaluate","floor":19},{"not_picked":["Indignation","Evaluate"],"picked":"EmptyBody","floor":21}],"player_experience":2312122,"relics_obtained":[{"floor":9,"key":"Potion Belt"}],"event_choices":[{"damage_healed":0,"gold_gain":150,"player_choice":"AGREE","damage_taken":0,"max_hp_gain":0,"max_hp_loss":0,"event_name":"Liars Game","floor":2,"gold_loss":0,"cards_obtained":["Doubt"]},{"cards_removed":["Doubt"],"damage_healed":0,"gold_gain":0,"player_choice":"Card Removal","damage_taken":7,"max_hp_gain":0,"max_hp_loss":0,"event_name":"Golden Wing","floor":11,"gold_loss":0},{"damage_healed":0,"gold_gain":0,"player_choice":"Gave Potion","damage_taken":0,"relics_obtained":["Nunchaku"],"max_hp_gain":0,"max_hp_loss":0,"event_name":"WeMeetAgain","floor":13,"gold_loss":0}],"is_beta":false,"boss_relics":[{"not_picked":["Runic Dome","Velvet Choker"],"picked":"Pandora\u0027s Box"}],"items_purged_floors":[12],"is_endless":false,"potions_floor_spawned":[1,5,14,16,18],"killed_by":"Book of Stabbing","ascension_level":20}}