{"host":"vdpaduzlq0qlaikq","time":1608871943,"event":{"mods":["AchievementEnabler","BaseMod","Better Third Choice","BetterRewards","Colored Map","Downfall","Gold Saver","Hermit","Jorbs\u0027s Wanderer Trilogy","Minty Spire (QoL Compilation)","Relic Filter","Spicy Shops","StSLib","The Necromancer"],"gold_per_floor":[2088,2102,2113,1182,1201,330,330,361,136,168,168,168,168,195,215,312,312,312,323,423,436,455,475,475,475,475,475],"floor_reached":25,"playtime":2905,"items_purged":["Guardian:Defend_Guardian"],"score":350,"play_id":"4455f968-0213-4700-b00e-0aa22c97631b","local_time":"20201225025223","is_ascension_mode":true,"campfire_choices":[{"floor":1,"key":"RECALL"},{"data":"Guardian:EvasiveProtocol","floor":9,"key":"SMITH"},{"data":"Guardian:SphericShield","floor":13,"key":"SMITH"},{"data":"Guardian:ExploitGems","floor":18,"key":"SMITH"}],"circlet_count":0,"master_deck":["Guardian:Strike_Guardian","Guardian:Strike_Guardian","Guardian:Strike_Guardian","Guardian:Defend_Guardian","Guardian:Defend_Guardian","Guardian:Defend_Guardian","Guardian:CurlUp+1","Guardian:TwinSlam","Guardian:PiercingHide","Guardian:CrystalBeam","Guardian:Orbwalk","Guardian:BronzeOrb","Guardian:CrystalBeam","Guardian:GemFinder","Guardian:Suspension","Guardian:TemporalStrike","Guardian:EvasiveProtocol+1","Guardian:ArmoredProtocol","Guardian:ExploitGems+1","Guardian:SphericShield+1","Guardian:SpikerProtocol","Guardian:SpikerProtocol","Guardian:Clone","Guardian:Gem_Red","Guardian:Gem_Lightblue","Guardian:ShieldCharger+1","Guardian:Gem_Green","Guardian:Suspension+1","Guardian:TemporalStrike+1","Guardian:ConstructionForm"],"relics":["Guardian:ModeShifter","Potion Belt","Chemical X","Orichalcum","Happy Flower","Guardian:DefensiveModeMoreBlock","Matryoshka","Ancient Tea Set","Darkstone Periapt","downfall:HeartBlessingRed","downfall:HeartBlessingBlue","downfall:HeartBlessingGreen","Strawberry","Bottled Flame","Shovel","Sundial","Pen Nib","HornCleat"],"acts_visited":["Exordium","TheCity"],"potions_floor_usage":[8,22,23,23],"damage_taken":[{"damage":1,"enemies":"2 Louse","floor":2,"turns":3},{"damage":0,"enemies":"Small Slimes","floor":3,"turns":4},{"damage":4,"enemies":"downfall:FleeingMerchant","floor":4,"turns":4},{"damage":0,"enemies":"Cultist","floor":5,"turns":4},{"damage":10,"enemies":"downfall:FleeingMerchant","floor":6,"turns":4},{"damage":19,"enemies":"3 Sentries","floor":8,"turns":10},{"damage":2,"enemies":"Lagavulin","floor":10,"turns":7},{"damage":4,"enemies":"3 Sentries","floor":14,"turns":10},{"damage":0,"enemies":"3 Louse","floor":15,"turns":4},{"damage":0,"enemies":"downfall:Watcher","floor":16,"turns":8},{"damage":0,"enemies":"Spheric Guardian","floor":19,"turns":4},{"damage":8,"enemies":"downfall:Ironclad","floor":20,"turns":7},{"damage":15,"enemies":"Sentry and Sphere","floor":21,"turns":6},{"damage":10,"enemies":"Shelled Parasite and Fungi","floor":22,"turns":5},{"damage":0,"enemies":"Centurion and Healer","floor":23,"turns":7},{"damage":67,"enemies":"Gremlin Leader","floor":25,"turns":6}],"seed_played":"-764609140809022281","potions_obtained":[{"floor":3,"key":"Fire Potion"},{"floor":8,"key":"FearPotion"},{"floor":15,"key":"Dexterity Potion"},{"floor":19,"key":"Swift Potion"},{"floor":21,"key":"Dexterity Potion"},{"floor":23,"key":"SpeedPotion"}],"is_trial":false,"path_per_floor":["R","M","M","$","M","$","T","E","R","E","?","?","R","E","M","B",null,"R","M","?","M","M","M","T","E"],"character_chosen":"GUARDIAN","items_purchased":["Guardian:Gem_Yellow","Potion Belt","Chemical X","Guardian:BronzeOrb","Guardian:CrystalBeam","Guardian:GemFinder","Guardian:Suspension","Orichalcum","Happy Flower","Guardian:DefensiveModeMoreBlock","Guardian:ArmoredProtocol","Guardian:ExploitGems","Matryoshka","Guardian:BlockOnCardUsePotion"],"campfire_rested":0,"item_purchase_floors":[4,4,4,4,4,4,4,4,6,6,6,6,6,6],"current_hp_per_floor":[80,79,79,75,75,65,65,46,56,61,61,61,61,57,57,57,97,97,97,89,74,64,64,64,0,0,0],"gold":475,"neow_bonus":"UPGRADE_CARD","is_daily":false,"chose_seed":false,"campfire_upgraded":3,"win_rate":0.0,"timestamp":1608871943,"path_taken":["R","M","M","$","M","$","T","E","R","E","?","?","R","E","M","BOSS","R","M","?","M","M","M","T","E"],"items_purchased_type":["Card","Relic","Relic","Card","Card","Card","Card","Relic","Relic","Relic","Card","Card","Relic","Potion"],"build_version":"2020-12-22","purchased_purges":1,"victory":false,"max_hp_per_floor":[80,80,80,80,80,80,80,80,90,97,97,97,97,97,97,97,97,97,97,97,97,97,97,97,97,97,97],"card_choices":[{"not_picked":["Guardian:BronzeOrb","Guardian:Gem_Cyan"],"picked":"Guardian:PiercingHide","floor":2},{"not_picked":["Guardian:WalkerClaw","Guardian:Planning"],"picked":"Guardian:CrystalBeam","floor":3},{"not_picked":["Guardian:VentSteam","Guardian:Suspension"],"picked":"Guardian:Orbwalk","floor":4},{"not_picked":["Guardian:Gem_Green","Guardian:Gem_Cyan"],"picked":"Guardian:Gem_Lightblue","floor":5},{"not_picked":["Guardian:ShieldCharger","Guardian:ChargeUp"],"picked":"Guardian:TemporalStrike","floor":5},{"not_picked":["Guardian:TemporalStrike","Guardian:BronzeOrb"],"picked":"Guardian:EvasiveProtocol","floor":6},{"not_picked":["Guardian:Gem_Cyan","Guardian:Gem_Lightblue"],"picked":"Guardian:Gem_Green","floor":8},{"not_picked":["Guardian:Repulse","Guardian:Suspension"],"picked":"Guardian:SphericShield","floor":8},{"not_picked":["Guardian:ChargeUp","Guardian:PiercingHide"],"picked":"Guardian:SpikerProtocol","floor":10},{"not_picked":["Guardian:Gem_Red","Guardian:Gem_Lightblue"],"picked":"Guardian:Gem_Cyan","floor":14},{"not_picked":["Guardian:CrystalBeam","Guardian:TemporalStrike"],"picked":"Guardian:SpikerProtocol","floor":14},{"not_picked":["Guardian:VentSteam","Guardian:RefractedBeam"],"picked":"Guardian:Clone","floor":15},{"not_picked":["Guardian:Gem_Green","Guardian:Gem_Cyan"],"picked":"Guardian:Gem_Red","floor":16},{"not_picked":["Guardian:HyperBeam_Guardian","Guardian:AncientConstruct"],"picked":"Guardian:Gem_Synthetic","floor":16},{"not_picked":["Guardian:Gem_Red","Guardian:Gem_Cyan"],"picked":"Guardian:Gem_Lightblue","floor":19},{"not_picked":["Guardian:ChargeUp+1","Guardian:PrismaticBeam","Guardian:RollAttack"],"picked":"SKIP","floor":19},{"not_picked":["Guardian:EvasiveProtocol+1","Guardian:TemporalStrike+1"],"picked":"Guardian:ShieldCharger+1","floor":20},{"not_picked":["Guardian:Gem_Red","Guardian:Gem_Cyan"],"picked":"Guardian:Gem_Green","floor":21},{"not_picked":["Guardian:ChargeCore+1","Guardian:RefractedBeam"],"picked":"Guardian:Suspension+1","floor":21},{"not_picked":["Guardian:RefractedBeam","Guardian:Gem_White"],"picked":"Guardian:TemporalStrike+1","floor":22},{"not_picked":["Guardian:WalkerClaw","Guardian:Reroute"],"picked":"Guardian:ConstructionForm","floor":23}],"player_experience":611186,"relics_obtained":[{"floor":7,"key":"Ancient Tea Set"},{"floor":8,"key":"Darkstone Periapt"},{"floor":10,"key":"Strawberry"},{"floor":14,"key":"Bottled Flame"},{"floor":20,"key":"Shovel"},{"floor":20,"key":"Sundial"},{"floor":24,"key":"Pen Nib"},{"floor":24,"key":"HornCleat"}],"event_choices":[],"is_beta":false,"boss_relics":[{"not_picked":["Guardian:StasisSlotReductionRelic","Busted Crown","Calling Bell"]}],"items_purged_floors":[4],"is_endless":false,"potions_floor_spawned":[3,8,15,19,21,23],"killed_by":"Gremlin Leader","ascension_level":4}}