{"host":"30jsp143e4v19aze","time":1608914731,"event":{"mods":["BaseMod","Colored Map","Colored Powertips","Curses Come First","DeckTracker","Highlight Path","Minty Spire (QoL Compilation)","Quick Restart","Relic Stats","StSLib","everything is the same but u backflip on backflip","slay the spire mod where everything is the same but ironclad has a cowboy hat"],"gold_per_floor":[118,118,118,137,137,172,172,197,197,224,242,260,260,295,295,369,369,381,391,391,402,402,402,428,428,428,453,553,572,572,572,572,572,572],"floor_reached":33,"playtime":1515,"items_purged":[],"score":697,"play_id":"c2dab437-d688-43ff-8721-10f95744271d","local_time":"20201225174531","is_ascension_mode":true,"campfire_choices":[{"data":"Whirlwind","floor":7,"key":"SMITH"},{"data":"Inflame","floor":13,"key":"SMITH"},{"floor":15,"key":"REST"},{"data":"True Grit","floor":23,"key":"SMITH"},{"data":"Intimidate","floor":25,"key":"SMITH"},{"data":"Limit Break","floor":30,"key":"SMITH"},{"floor":32,"key":"REST"}],"circlet_count":0,"master_deck":["AscendersBane","Defend_R","Defend_R","Defend_R","Defend_R","Bash+1","Flame Barrier","True Grit+1","Inflame+1","Whirlwind+1","Shrug It Off","Evolve","Burning Pact","Pummel","Berserk+1","Intimidate+1","Flex+1","Whirlwind+1","Feel No Pain+1","Limit Break+1","Bite","Bite","Bite","Bite","Bite"],"relics":["Burning Blood","Unceasing Top","Whetstone","HornCleat","TungstenRod","Mark of Pain","Enchiridion","Bronze Scales","Turnip","Frozen Egg 2","Charon\u0027s Ashes","Bottled Tornado"],"acts_visited":["Exordium","TheCity"],"potions_floor_usage":[6,10,24,33],"damage_taken":[{"damage":7,"enemies":"Small Slimes","floor":1,"turns":4},{"damage":0,"enemies":"2 Louse","floor":4,"turns":4},{"damage":31,"enemies":"Gremlin Nob","floor":6,"turns":4},{"damage":21,"enemies":"Lagavulin","floor":8,"turns":6},{"damage":0,"enemies":"3 Sentries","floor":10,"turns":1},{"damage":0,"enemies":"Jaw Worm","floor":11,"turns":3},{"damage":1,"enemies":"2 Fungi Beasts","floor":12,"turns":2},{"damage":48,"enemies":"Gremlin Nob","floor":14,"turns":5},{"damage":29,"enemies":"Slime Boss","floor":16,"turns":8},{"damage":5,"enemies":"Chosen","floor":18,"turns":4},{"damage":0,"enemies":"3 Byrds","floor":19,"turns":4},{"damage":14,"enemies":"Snake Plant","floor":21,"turns":3},{"damage":12,"enemies":"Gremlin Leader","floor":24,"turns":4},{"damage":26,"enemies":"Book of Stabbing","floor":27,"turns":5},{"damage":15,"enemies":"Colosseum Slavers","floor":28,"turns":2},{"damage":39,"enemies":"Colosseum Nobs","floor":28,"turns":4},{"damage":0,"enemies":"Snecko","floor":29,"turns":5},{"damage":76,"enemies":"Automaton","floor":33,"turns":6}],"seed_played":"-3252152440512546696","potions_obtained":[{"floor":1,"key":"BloodPotion"},{"floor":4,"key":"DuplicationPotion"},{"floor":6,"key":"SmokeBomb"},{"floor":18,"key":"PowerPotion"},{"floor":19,"key":"DistilledChaos"},{"floor":21,"key":"FairyPotion"},{"floor":28,"key":"Fire Potion"}],"is_trial":false,"path_per_floor":["M","?","?","M","?","E","R","E","T","E","M","M","R","E","R","B",null,"M","M","?","M","?","R","E","R","T","E","?","M","R","?","R","B"],"character_chosen":"IRONCLAD","items_purchased":[],"campfire_rested":2,"item_purchase_floors":[],"current_hp_per_floor":[67,72,72,78,54,45,45,30,30,36,44,51,51,11,35,14,64,67,75,75,69,52,52,48,48,48,30,30,38,38,38,62,0,0],"gold":572,"neow_bonus":"UPGRADE_CARD","is_daily":false,"chose_seed":false,"campfire_upgraded":5,"win_rate":0.0,"timestamp":1608914731,"path_taken":["M","?","?","M","?","E","R","E","T","E","M","M","R","E","R","BOSS","M","M","?","?","?","R","E","R","T","E","?","M","R","?","R","BOSS"],"items_purchased_type":[],"build_version":"2020-12-22","purchased_purges":0,"victory":false,"max_hp_per_floor":[75,80,80,80,80,80,80,80,80,80,80,80,80,80,80,80,80,80,80,80,80,80,80,80,80,80,80,80,80,80,80,80,80,80],"relic_stats":{"counters":[18,74],"Bronze Scales":[72],"Turnip":[0],"Charon\u0027s Ashes":[21],"Whetstone":["Strike_R","Strike_R"],"obtain_stats":[{"Enchiridion":22,"Charon\u0027s Ashes":28,"Whetstone":8,"Frozen Egg 2":27,"Bottled Tornado":28,"Burning Blood":0,"Blood Vial":10,"HornCleat":9,"Bronze Scales":24,"Mark of Pain":17,"Turnip":26,"Unceasing Top":6,"TungstenRod":14},{"Enchiridion":12,"Charon\u0027s Ashes":16,"Whetstone":4,"Frozen Egg 2":14,"Bottled Tornado":16,"Burning Blood":0,"Blood Vial":5,"HornCleat":4,"Bronze Scales":13,"Mark of Pain":9,"Turnip":13,"Unceasing Top":3,"TungstenRod":8},{"Enchiridion":48,"Charon\u0027s Ashes":63,"Whetstone":18,"Frozen Egg 2":57,"Bottled Tornado":63,"Burning Blood":0,"Blood Vial":19,"HornCleat":18,"Bronze Scales":52,"Mark of Pain":37,"Turnip":52,"Unceasing Top":12,"TungstenRod":29}],"Burning Blood":102,"Unceasing Top":[8],"TungstenRod":29},"card_choices":[{"not_picked":["Pummel","Ghostly Armor"],"picked":"Flame Barrier","floor":1},{"not_picked":["Perfected Strike","Heavy Blade"],"picked":"Inflame","floor":4},{"not_picked":["Sword Boomerang","Cleave"],"picked":"Whirlwind","floor":6},{"not_picked":["Cleave","Iron Wave"],"picked":"Shrug It Off","floor":8},{"not_picked":["True Grit","Armaments"],"picked":"Evolve","floor":10},{"not_picked":["Fire Breathing","Headbutt","Whirlwind"],"picked":"SKIP","floor":11},{"not_picked":["Body Slam","Evolve"],"picked":"Burning Pact","floor":12},{"not_picked":["Heavy Blade","Clash"],"picked":"Pummel","floor":14},{"not_picked":["Exhume","Juggernaut"],"picked":"Berserk","floor":16},{"not_picked":["Cleave","Flex","Rampage"],"picked":"SKIP","floor":18},{"not_picked":["Iron Wave+1","Twin Strike"],"picked":"Intimidate","floor":19},{"not_picked":["Bloodletting","Wild Strike"],"picked":"Flex+1","floor":21},{"not_picked":["True Grit","Intimidate","Barricade"],"picked":"SKIP","floor":24},{"not_picked":["Cleave","Warcry"],"picked":"Whirlwind+1","floor":27},{"not_picked":["Dark Embrace+1","Clothesline"],"picked":"Feel No Pain+1","floor":28},{"not_picked":["Ghostly Armor","Heavy Blade"],"picked":"Limit Break","floor":29}],"player_experience":3190033,"relics_obtained":[{"floor":6,"key":"Unceasing Top"},{"floor":8,"key":"Whetstone"},{"floor":9,"key":"HornCleat"},{"floor":10,"key":"Blood Vial"},{"floor":14,"key":"TungstenRod"},{"floor":22,"key":"Enchiridion"},{"floor":24,"key":"Bronze Scales"},{"floor":26,"key":"Turnip"},{"floor":27,"key":"Frozen Egg 2"},{"floor":28,"key":"Charon\u0027s Ashes"},{"floor":28,"key":"Bottled Tornado"}],"event_choices":[{"damage_healed":0,"gold_gain":0,"player_choice":"Donut","damage_taken":0,"max_hp_gain":5,"max_hp_loss":0,"event_name":"Big Fish","floor":2,"gold_loss":0},{"damage_healed":0,"gold_gain":0,"cards_transformed":["Strike_R"],"player_choice":"Change","damage_taken":0,"max_hp_gain":0,"max_hp_loss":0,"event_name":"Living Wall","floor":3,"gold_loss":0,"cards_obtained":["True Grit"]},{"damage_healed":0,"gold_gain":0,"player_choice":"Entered Light","damage_taken":24,"max_hp_gain":0,"max_hp_loss":0,"event_name":"Shining Light","floor":5,"gold_loss":0,"cards_upgraded":["Strike_R","Strike_R"]},{"damage_healed":0,"gold_gain":0,"player_choice":"Forge","damage_taken":0,"max_hp_gain":0,"max_hp_loss":0,"event_name":"Accursed Blacksmith","floor":20,"gold_loss":0,"cards_upgraded":["Berserk"]},{"damage_healed":0,"gold_gain":0,"player_choice":"Obtained Book","damage_taken":21,"max_hp_gain":0,"max_hp_loss":0,"event_name":"Cursed Tome","floor":22,"gold_loss":0},{"damage_healed":0,"gold_gain":0,"player_choice":"Fight","damage_taken":0,"max_hp_gain":0,"max_hp_loss":0,"event_name":"Colosseum","floor":28,"gold_loss":0},{"damage_healed":0,"gold_gain":0,"player_choice":"Fought Nobs","damage_taken":0,"max_hp_gain":0,"max_hp_loss":0,"event_name":"Colosseum","floor":28,"gold_loss":0},{"damage_healed":0,"gold_gain":0,"player_choice":"Became a vampire (Vial)","damage_taken":0,"max_hp_gain":0,"max_hp_loss":0,"event_name":"Vampires","floor":31,"relics_lost":["Blood Vial"],"gold_loss":0,"cards_obtained":["Bite","Bite","Bite","Bite","Bite"]}],"is_beta":false,"boss_relics":[{"not_picked":["Runic Dome","Fusion Hammer"],"picked":"Mark of Pain"}],"items_purged_floors":[],"is_endless":false,"potions_floor_spawned":[1,4,6,18,19,21,28],"killed_by":"Automaton","ascension_level":20}}