{"host":"y9jgkjnf95sujozk","time":1608907905,"event":{"mods":["2.2 Compatiblity","AchievementEnabler","Act Like it!","BaseMod","Block Reminder","Colored Map","Colored Powertips","Downfall","Friendly Minions","Gensokyo","GifTheSpireLib","Hermit","Highlight Path","HololiveMod","MarisaÅiñ∂âJÅ@ñÇóùçπÅj","Minty Spire (QoL Compilation)","Random Character Button","Rare Cards Sparkle","Replay The Spire","StSLib","SuperFastMode","The Animator","The Bug Knight","The Cursed","The Servant 0.9.4"],"gold_per_floor":[209,49,69,69,86,86,96,96,96,116,131,131,146,72,72,168,168,143,143,143,143,163,189,189,189,189,189],"floor_reached":25,"playtime":561,"items_purged":[],"score":249,"play_id":"9f0a0a75-7812-49d1-b488-db35ee5480ef","local_time":"20201225155145","is_ascension_mode":true,"campfire_choices":[{"data":"Slimebound:SplitAcid","floor":6,"key":"SMITH"},{"data":"Slimebound:SlimeBarrage","floor":8,"key":"SMITH"},{"data":"Slimebound:LeechingTouch","floor":12,"key":"SMITH"},{"floor":15,"key":"REST"},{"data":"Slimebound:SplitLeeching","floor":24,"key":"SMITH"}],"circlet_count":0,"master_deck":["Slimebound:Strike_Slimebound","Slimebound:Strike_Slimebound","Slimebound:Strike_Slimebound","Slimebound:Tackle","Slimebound:Defend_Slimebound","Slimebound:Defend_Slimebound","Slimebound:Defend_Slimebound","Slimebound:Defend_Slimebound","Slimebound:Split","Slimebound:CorrosiveSpit","Slimebound:SplitLeeching","Necronomicurse","Slimebound:Recollect","Slimebound:SplitAcid+1","Slimebound:SlimeBarrage+1","Slimebound:PressTheAttack","Slimebound:LeechingTouch+1","Slimebound:SpikyOuterGoop","Slimebound:LeadByExample","Slimebound:MassRepurpose","Slimebound:ComboTackle","Ghostly","Ghostly","Ghostly","Ghostly","Ghostly","Slimebound:CheckThePlaybook","Slimebound:SplitLeeching+1","Slimebound:PressTheAttack+1"],"relics":["Slimebound:AbsorbEndCombat","Necronomicon","Slimebound:SlimedSkullRelic","SlaversCollar","Hololive_LightStick"],"acts_visited":["Exordium","TheCity"],"potions_floor_usage":[16,16,22],"damage_taken":[{"damage":10,"enemies":"Gensokyo:2_Kodama","floor":1,"turns":3},{"damage":6,"enemies":"Gensokyo:Python","floor":3,"turns":3},{"damage":4,"enemies":"Gensokyo:Gryphon","floor":5,"turns":4},{"damage":9,"enemies":"Gensokyo:Kitsune","floor":7,"turns":4},{"damage":13,"enemies":"Gensokyo:3_Kodama","floor":10,"turns":2},{"damage":11,"enemies":"Gensokyo:VengefulSpirit","floor":11,"turns":3},{"damage":26,"enemies":"Gensokyo:Gryphon_and_Rabbit","floor":13,"turns":5},{"damage":27,"enemies":"Gensokyo:Yukari","floor":16,"turns":6},{"damage":40,"enemies":"2 Thieves","floor":18,"turns":5},{"damage":23,"enemies":"Shell Parasite","floor":22,"turns":5},{"damage":9,"enemies":"Gremlin Leader","floor":23,"turns":6},{"damage":25,"enemies":"Sentry and Sphere","floor":25,"turns":7}],"seed_played":"-8199749317118763534","potions_obtained":[{"floor":5,"key":"champ:CounterPotion"},{"floor":10,"key":"SkillPotion"},{"floor":18,"key":"Fire Potion"}],"is_trial":false,"path_per_floor":["M","?","M","$","M","R","M","R","T","M","M","R","M","$","R","B",null,"M","?","?","?","M","E","R","M"],"character_chosen":"SLIMEBOUND","items_purchased":["Slimebound:LeadByExample"],"campfire_rested":1,"item_purchase_floors":[14],"current_hp_per_floor":[60,60,60,60,60,60,60,60,60,60,60,60,54,54,60,60,60,46,36,32,29,29,29,29,0,0,0],"gold":189,"neow_bonus":"HUNDRED_GOLD","is_daily":false,"chose_seed":false,"campfire_upgraded":4,"win_rate":0.0,"timestamp":1608907905,"path_taken":["M","?","M","$","?","R","M","R","T","M","M","R","M","$","R","BOSS","M","?","?","?","?","E","R","M"],"items_purchased_type":["Card"],"build_version":"2020-12-22","purchased_purges":0,"victory":false,"max_hp_per_floor":[60,60,60,60,60,60,60,60,60,60,60,60,60,60,60,60,60,60,65,32,29,29,29,29,29,29,29],"card_choices":[{"not_picked":["Slimebound:LeadByExample","Slimebound:FinishingTackle"],"picked":"Slimebound:SplitLeeching","floor":1},{"not_picked":["Slimebound:GrowthPunch","Slimebound:FinishingTackle"],"picked":"Slimebound:Recollect","floor":3},{"not_picked":["Slimebound:ViciousTackle","Slimebound:MegaLick"],"picked":"Slimebound:SplitAcid","floor":5},{"not_picked":["Slimebound:SpikyOuterGoop","Slimebound:LevelUp"],"picked":"Slimebound:SlimeBarrage","floor":7},{"not_picked":["Slimebound:FinishingTackle","Slimebound:DisruptingSlam"],"picked":"Slimebound:PressTheAttack","floor":10},{"not_picked":["Slimebound:LeechEnergy","Slimebound:FinishingTackle"],"picked":"Slimebound:LeechingTouch","floor":11},{"not_picked":["Slimebound:BestDefense","Slimebound:LeechingTouch"],"picked":"Slimebound:SpikyOuterGoop","floor":13},{"not_picked":["Slimebound:Teamwork","Slimebound:DuplicatedForm"],"picked":"Slimebound:MassRepurpose","floor":16},{"not_picked":["Slimebound:LeechEnergy","Slimebound:SlimeSpikes"],"picked":"Slimebound:ComboTackle","floor":18},{"not_picked":["Slimebound:LeechEnergy","Slimebound:SamplingLick"],"picked":"Slimebound:SplitLeeching","floor":22},{"not_picked":["Slimebound:Dissolve+1","Slimebound:Grow+1"],"picked":"Slimebound:PressTheAttack+1","floor":23}],"player_experience":123500,"relics_obtained":[{"floor":9,"key":"Slimebound:SlimedSkullRelic"},{"floor":23,"key":"Hololive_LightStick"}],"event_choices":[{"damage_healed":0,"gold_gain":0,"player_choice":"Shed Blood","damage_taken":15,"max_hp_gain":5,"max_hp_loss":0,"event_name":"Forgotten Altar","floor":19,"gold_loss":0},{"damage_healed":0,"gold_gain":0,"player_choice":"Became a Ghost","damage_taken":0,"max_hp_gain":0,"max_hp_loss":33,"event_name":"Ghosts","floor":20,"gold_loss":0,"cards_obtained":["Ghostly","Ghostly","Ghostly","Ghostly","Ghostly"]}],"is_beta":false,"boss_relics":[{"not_picked":["Hololive_TopUpMoneyS","Empty Cage"],"picked":"SlaversCollar"}],"items_purged_floors":[],"is_endless":false,"potions_floor_spawned":[5,10,18],"killed_by":"Sentry and Sphere","ascension_level":1}}