{"host":"9tzam4717zt8ei1o","time":1608889780,"event":{"mods":["BaseMod","Colored Map","Keyboard Shortcuts","Minty Spire (QoL Compilation)","Quick Restart","StSLib","SuperFastMode"],"gold_per_floor":[362,204,204,279,279,279,292,322,322,336,336,336,88,106,106,184,184,204,254,254,269,100,100,0,11,90,90,110,110,110],"floor_reached":29,"playtime":611,"items_purged":["Strike_R","Strike_R"],"score":422,"play_id":"00197155-ba88-43dc-9366-bc2dc6990002","local_time":"20201225184940","is_ascension_mode":true,"campfire_choices":[{"data":"Carnage","floor":6.0,"key":"SMITH"},{"data":"Shrug It Off","floor":12.0,"key":"SMITH"},{"data":"Barricade","floor":15.0,"key":"SMITH"},{"data":"Pommel Strike","floor":23.0,"key":"SMITH"}],"circlet_count":0,"master_deck":["AscendersBane","Defend_R+1","Defend_R","Defend_R+1","Defend_R","Bash","Carnage+1","Evolve","Shockwave","Barricade+1","Battle Trance","Shrug It Off+1","Pommel Strike+1","Blood for Blood","Heavy Blade","Shrug It Off"],"relics":["Black Blood","Orrery","Darkstone Periapt","TheAbacus","ClockworkSouvenir","Matryoshka"],"acts_visited":["Exordium","TheCity"],"potions_floor_usage":[29],"damage_taken":[{"damage":9.0,"enemies":"2 Louse","floor":1.0,"turns":3.0},{"damage":12.0,"enemies":"Jaw Worm","floor":7.0,"turns":2.0},{"damage":0.0,"enemies":"Small Slimes","floor":10.0,"turns":2.0},{"damage":19.0,"enemies":"Exordium Wildlife","floor":14.0,"turns":5.0},{"damage":4.0,"enemies":"Hexaghost","floor":16.0,"turns":9.0},{"damage":31.0,"enemies":"3 Byrds","floor":18.0,"turns":9.0},{"damage":33.0,"enemies":"Spheric Guardian","floor":21.0,"turns":8.0},{"damage":14.0,"enemies":"Shelled Parasite and Fungi","floor":25.0,"turns":18.0},{"damage":10.0,"enemies":"Centurion and Healer","floor":28.0,"turns":8.0},{"damage":23,"enemies":"Slavers","floor":29,"turns":2}],"seed_played":"1380839711438054668","potions_obtained":[{"floor":1.0,"key":"LiquidMemories"},{"floor":7.0,"key":"LiquidMemories"},{"floor":18.0,"key":"Fire Potion"},{"floor":28.0,"key":"BlessingOfTheForge"}],"is_trial":false,"path_per_floor":["M","$","?","?","?","R","M","?","T","M","?","R","$","M","R","B",null,"M","?","?","M","$","R","$","M","T","?","M","E"],"character_chosen":"IRONCLAD","items_purchased":["Orrery","TheAbacus","ClockworkSouvenir"],"campfire_rested":0,"item_purchase_floors":[2,13,22],"current_hp_per_floor":[47,47,47,36,13,13,7,7,7,13,38,38,38,25,25,27,63,44,44,44,23,23,23,23,21,21,21,23,0,0],"gold":110,"neow_bonus":"TWO_FIFTY_GOLD","is_daily":false,"chose_seed":false,"campfire_upgraded":4,"win_rate":0.0,"timestamp":1608889780,"path_taken":["M","$","?","?","?","R","?","?","T","M","?","R","$","M","R","BOSS","M","?","?","M","$","R","$","M","T","?","M","E"],"items_purchased_type":["Relic","Relic","Relic"],"build_version":"2020-12-22","purchased_purges":2,"victory":false,"max_hp_per_floor":[75,75,75,75,75,75,75,75,75,75,75,75,75,75,75,75,75,75,75,75,75,75,75,75,75,75,75,75,75,75],"card_choices":[{"not_picked":["Disarm","Clash"],"picked":"Carnage","floor":1.0},{"not_picked":["Pummel","Armaments"],"picked":"Evolve","floor":2.0},{"not_picked":["Wild Strike","Perfected Strike"],"picked":"Shockwave","floor":2.0},{"not_picked":["Evolve","Cleave"],"picked":"Barricade","floor":2.0},{"not_picked":["Pummel","Anger"],"picked":"Battle Trance","floor":2.0},{"not_picked":["Battle Trance","True Grit","Perfected Strike"],"picked":"SKIP","floor":7.0},{"not_picked":["Armaments","Shockwave"],"picked":"Shrug It Off","floor":10.0},{"not_picked":["Sentinel","Flex","Anger"],"picked":"SKIP","floor":14.0},{"not_picked":["Anger","Body Slam"],"picked":"Pommel Strike","floor":18.0},{"not_picked":["Inflame","Havoc","Metallicize"],"picked":"SKIP","floor":21.0},{"not_picked":["Uppercut","Clash"],"picked":"Blood for Blood","floor":25.0},{"not_picked":["Whirlwind+1","Flex","Headbutt"],"picked":"SKIP","floor":28.0}],"player_experience":117766,"relics_obtained":[{"floor":9.0,"key":"Darkstone Periapt"},{"floor":26.0,"key":"Matryoshka"}],"event_choices":[{"cards_removed":["Strike_R"],"damage_healed":0.0,"max_hp_gain":0.0,"max_hp_loss":0.0,"gold_gain":0.0,"event_name":"Living Wall","player_choice":"Forget","floor":3.0,"gold_loss":0.0,"damage_taken":0.0},{"damage_healed":0.0,"max_hp_gain":0.0,"max_hp_loss":0.0,"gold_gain":75.0,"event_name":"World of Goop","player_choice":"Gather Gold","floor":4.0,"gold_loss":0.0,"damage_taken":11.0},{"damage_healed":0.0,"max_hp_gain":0.0,"max_hp_loss":0.0,"gold_gain":0.0,"event_name":"Shining Light","player_choice":"Entered Light","floor":5.0,"gold_loss":0.0,"damage_taken":23.0,"cards_upgraded":["Defend_R","Defend_R"]},{"damage_healed":0.0,"max_hp_gain":0.0,"max_hp_loss":0.0,"gold_gain":30.0,"event_name":"Dead Adventurer","player_choice":"Searched \u00272\u0027 times","floor":8.0,"gold_loss":0.0,"damage_taken":0.0},{"damage_healed":25.0,"max_hp_gain":0.0,"max_hp_loss":0.0,"gold_gain":0.0,"event_name":"Big Fish","player_choice":"Banana","floor":11.0,"gold_loss":0.0,"damage_taken":0.0},{"damage_healed":0.0,"max_hp_gain":0.0,"max_hp_loss":0.0,"gold_gain":50.0,"event_name":"Nest","player_choice":"Stole From Cult","floor":19.0,"gold_loss":0.0,"damage_taken":0.0},{"damage_healed":0.0,"max_hp_gain":0.0,"max_hp_loss":0.0,"gold_gain":0.0,"event_name":"The Mausoleum","player_choice":"Ignored","floor":20.0,"gold_loss":0.0,"damage_taken":0.0},{"damage_healed":0.0,"max_hp_gain":0.0,"max_hp_loss":0.0,"gold_gain":0.0,"cards_transformed":["Strike_R","Strike_R"],"event_name":"Drug Dealer","player_choice":"Became Test Subject","floor":27.0,"gold_loss":0.0,"damage_taken":0.0,"cards_obtained":["Heavy Blade","Shrug It Off"]}],"is_beta":false,"boss_relics":[{"not_picked":["Fusion Hammer","Black Star"],"picked":"Black Blood"}],"items_purged_floors":[13,24],"is_endless":false,"potions_floor_spawned":[1,7,14,18,28],"killed_by":"Slavers","ascension_level":20}}