{"host":"bbcqjedmotowk2e9","time":1608905394,"event":{"mods":["A Magickal Journey","AchievementEnabler","Aspiration","BaseMod","BetterRewards","Colored Powertips","Conspire","Energized Spire","GifTheSpireLib","Halation","Hubris","Hyrulean Relics","Minty Spire (QoL Compilation)","Permanent Neow","Quick Restart","Relic Stats","Replay The Spire","Spires And Sneckos","StSLib","Stuff the Spire","Synergy Search","The Disciple","vexMod"],"gold_per_floor":[16,16,116,41,58,58,58,88,166,66,95,109,109,140,140,236,236,249,35,68,68],"floor_reached":20,"playtime":747,"items_purged":["Eruption","Worship","Pray+1"],"score":316,"play_id":"9060b48b-6ee0-4af3-b327-ed2de9acbc09","local_time":"20201225170954","is_ascension_mode":true,"campfire_choices":[{"data":"Replay:AtTheReady","floor":6,"key":"SMITH"}],"circlet_count":0,"master_deck":["Strike_P","Strike_P","Defend_P","Defend_P","Defend_P","Alpha","Replay:AtTheReady+1","SpiritShield+1","Replay:AtTheReady+1","Bandage Up+1"],"relics":["PureWater","aspiration:HiddenCompartment","Toxic Egg 2","StuffTheSpire:CocoNut","Juzu Bracelet","ReplayTheSpireMod:DimensionalGlitch","Red Mask"],"acts_visited":["Exordium","TheCity"],"potions_floor_usage":[],"damage_taken":[{"damage":5,"enemies":"2 Louse","floor":1,"turns":4},{"damage":5,"enemies":"conspire:RoseBush","floor":5,"turns":4},{"damage":6,"enemies":"Replay:BlueRogue","floor":8,"turns":4},{"damage":10,"enemies":"Lagavulin","floor":11,"turns":6},{"damage":0,"enemies":"Cultist","floor":12,"turns":3},{"damage":0,"enemies":"Replay:BlueRogue","floor":14,"turns":4},{"damage":0,"enemies":"Fading Forest","floor":16,"turns":11},{"damage":5,"enemies":"Chosen","floor":18,"turns":6},{"damage":65,"enemies":"Masked Bandits","floor":20,"turns":5}],"seed_played":"3456770843845580944","potions_obtained":[{"floor":1,"key":"PowerPotion"},{"floor":5,"key":"Swift Potion"},{"floor":8,"key":"Swift Potion"},{"floor":12,"key":"DistilledChaos"},{"floor":18,"key":"Flashbang"}],"is_trial":false,"path_per_floor":["M","?","?","$","M","R","?","E","T","$","E","M","?","E","R","B",null,"M","$","?"],"character_chosen":"WATCHER","items_purchased":["Bandage Up+1"],"campfire_rested":0,"item_purchase_floors":[19],"current_hp_per_floor":[67,67,67,67,62,62,62,56,56,56,53,53,53,53,53,61,79,74,74,12,12],"gold":68,"neow_bonus":"TRANSFORM_TWO_CARDS","is_daily":false,"chose_seed":false,"campfire_upgraded":1,"win_rate":0.0,"timestamp":1608905394,"path_taken":["M","?","?","$","?","R","?","E","T","?","E","M","?","E","R","BOSS","M","$","?"],"items_purchased_type":["Card"],"build_version":"2020-12-22","purchased_purges":3,"victory":false,"max_hp_per_floor":[72,72,72,72,72,72,72,72,72,72,79,79,79,79,79,79,79,79,79,79,79],"relic_stats":{"counters":[9,47],"Juzu Bracelet":0,"obtain_stats":[{"StuffTheSpire:CocoNut":11,"Juzu Bracelet":14,"Red Mask":20,"PureWater":0,"Toxic Egg 2":9,"aspiration:HiddenCompartment":8,"ReplayTheSpireMod:DimensionalGlitch":17},{"StuffTheSpire:CocoNut":4,"Juzu Bracelet":6,"Red Mask":9,"PureWater":0,"Toxic Egg 2":3,"aspiration:HiddenCompartment":3,"ReplayTheSpireMod:DimensionalGlitch":7},{"StuffTheSpire:CocoNut":18,"Juzu Bracelet":25,"Red Mask":47,"PureWater":0,"Toxic Egg 2":12,"aspiration:HiddenCompartment":12,"ReplayTheSpireMod:DimensionalGlitch":36}]},"card_choices":[{"not_picked":["LikeWater","Protect","Indignation"],"picked":"SKIP","floor":1},{"not_picked":["Perseverance","CutThroughFate"],"picked":"Replay:AtTheReady","floor":5},{"not_picked":["CutThroughFate","EmptyMind","FlurryOfBlows"],"picked":"SKIP","floor":8},{"not_picked":["ConjureBlade+1","PathToVictory+1"],"picked":"SpiritShield+1","floor":11},{"not_picked":["Replay:Battleflow+1","Vengeance+1","BattleHymn"],"picked":"SKIP","floor":12},{"not_picked":["FollowUp","LikeWater","Conclude"],"picked":"SKIP","floor":14},{"not_picked":["JustLucky","FollowUp","WreathOfFlame+1"],"picked":"SKIP","floor":18}],"player_experience":541830,"relics_obtained":[{"floor":8,"key":"aspiration:HiddenCompartment"},{"floor":9,"key":"Toxic Egg 2"},{"floor":11,"key":"StuffTheSpire:CocoNut"},{"floor":14,"key":"Juzu Bracelet"},{"floor":20,"key":"Red Mask"}],"event_choices":[{"damage_healed":0,"gold_gain":100,"player_choice":"Pray","damage_taken":0,"max_hp_gain":0,"max_hp_loss":0,"event_name":"Golden Shrine","floor":3,"gold_loss":0},{"damage_healed":0,"gold_gain":0,"player_choice":"Searched \u00271\u0027 times","damage_taken":0,"max_hp_gain":0,"max_hp_loss":0,"event_name":"Dead Adventurer","floor":7,"gold_loss":0},{"damage_healed":0,"gold_gain":0,"player_choice":"Leave","damage_taken":0,"max_hp_gain":0,"max_hp_loss":0,"event_name":"conspire:Investor","floor":13,"gold_loss":0},{"damage_healed":0,"gold_gain":0,"player_choice":"Fought Bandits","damage_taken":0,"max_hp_gain":0,"max_hp_loss":0,"event_name":"Masked Bandits","floor":20,"gold_loss":0}],"is_beta":false,"boss_relics":[{"not_picked":["halation:MonkeysPaw","halation:CatFaceCupcake"],"picked":"ReplayTheSpireMod:DimensionalGlitch"}],"items_purged_floors":[4,10,19],"is_endless":false,"potions_floor_spawned":[1,5,8,12,14,18],"killed_by":"Masked Bandits","ascension_level":4}}