{"host":"l8lm1goh5xm9tkuw","time":1608889968,"event":{"mods":["Act Like it!","Alarm Clock","Astrologer","BaseMod","Colored Map","Colored Powertips","GungeonMod","Hermit","KomeijiMod","Library of Ruina","Library of Ruina Extra","Lobotomy","LobotomyExtend","Marisa（F雨　魔理沙）","Minty Spire (QoL Compilation)","MostiFishMod","Quick Restart","Replay The Spire","StSLib","TestMod","The Animator","The Bug Knight","The Hierophant","UnlockEverythingMod","[IsaacMod]以撒尖塔","vexMod","【遗物卡牌】REMEMod","残留之物"],"gold_per_floor":[116,266,278,328,338,365,365,392,392,152,152,164,164,179,179,253,253,264,664,664,726,558,592,262,281,281,306,323,341,369,380,380,455,455,467,467,513,531,549,580,580,614,614,629,629,644,644,663,663,663,663,663,663,663,490,524,524],"floor_reached":58,"playtime":1272,"items_purged":["Doubt"],"score":3349,"play_id":"aa7992c7-4fcd-4f9d-b9e2-5d0a9658a483","local_time":"20201225175248","is_ascension_mode":true,"campfire_choices":[{"data":"DegradedShockwave","floor":7,"key":"SMITH"},{"floor":15,"key":"RECALL"},{"floor":32,"key":"DIG"},{"data":"DegradedPillar","floor":45,"key":"SMITH"},{"data":"DegradedChain","floor":49,"key":"SMITH"},{"data":"DegradedChain","floor":54,"key":"SMITH"}],"circlet_count":0,"master_deck":["DegradedFairy","DegradedFairy","DegradedChain+1","DegradedChain+1","DegradedLock+1","DegradedPillar+1","DegradedPillar+1","DegradedShockwave+1"],"relics":["PageOfLibrarian","testmod-TestBox","REME_ComplimentaryCards","HushsDoor","GuppysHead","testmod-InjuryResistance","ImprovedEquipment","ReplayTheSpireMod:TigerMarble","SynthV:TestCard","LetterFromLob","Quantum Egg","Bag of Preparation","PreservedInsect","PageOfBloodbath","Ice Cream","PageOfPorccubus","Heaven_r","Runic Pyramid","testmod-TurbochargingSystem","REME_HandOfSuture","Replay:Baseball","testmod-Charity","Divine Protection","DemoMod:BlueGuonStone","DeathBook","RhineCircuit","DemoMod:GlassGuonStoneRelic","testmod-ArcanaOfDestiny","GnawedLeaf","vexMod:BarristanHead","Eternal Feather","HonorFeather","Moonlight_r","ChiLing","Chi","Ling","Chaos"],"acts_visited":["Exordium","TheCity","TheBeyond","TheEnding"],"potions_floor_usage":[],"damage_taken":[{"damage":0,"enemies":"2 Louse","floor":1,"turns":1},{"damage":0,"enemies":"Cultist","floor":3,"turns":1},{"damage":4,"enemies":"Hiden Room Battle","floor":4,"turns":3},{"damage":0,"enemies":"Small Slimes","floor":5,"turns":1},{"damage":0,"enemies":"Replay:BlueRogue","floor":6,"turns":2},{"damage":0,"enemies":"3 Sentries","floor":8,"turns":1},{"damage":0,"enemies":"3 Louse","floor":12,"turns":1},{"damage":0,"enemies":"Gremlin Nob","floor":13,"turns":2},{"damage":0,"enemies":"Exordium Thugs","floor":14,"turns":1},{"damage":0,"enemies":"Hexaghost","floor":16,"turns":5},{"damage":0,"enemies":"3 Byrds","floor":18,"turns":2},{"damage":0,"enemies":"Slavers","floor":23,"turns":2},{"damage":0,"enemies":"Chosen","floor":25,"turns":1},{"damage":0,"enemies":"Replay:Snechameleon","floor":27,"turns":1},{"damage":0,"enemies":"Centurion and Healer","floor":28,"turns":1},{"damage":0,"enemies":"Snake Plant","floor":29,"turns":1},{"damage":0,"enemies":"Gremlin Leader","floor":30,"turns":1},{"damage":0,"enemies":"Sentry and Sphere","floor":31,"turns":1},{"damage":1,"enemies":"RedHoodMercenary","floor":33,"turns":6},{"damage":0,"enemies":"3 Darklings","floor":35,"turns":2},{"damage":0,"enemies":"3 Shapes","floor":38,"turns":1},{"damage":0,"enemies":"3 Darklings","floor":39,"turns":1},{"damage":0,"enemies":"Nemesis","floor":40,"turns":1},{"damage":0,"enemies":"R_Hoarder","floor":42,"turns":2},{"damage":0,"enemies":"4 Shapes","floor":44,"turns":1},{"damage":0,"enemies":"Maw","floor":46,"turns":1},{"damage":0,"enemies":"Maw","floor":47,"turns":1},{"damage":0,"enemies":"Spire Growth","floor":48,"turns":2},{"damage":0,"enemies":"Replay:Hell Engine","floor":50,"turns":3},{"damage":0,"enemies":"Time Eater","floor":51,"turns":2},{"damage":0,"enemies":"Shield and Spear","floor":56,"turns":1},{"damage":0,"enemies":"The Heart","floor":57,"turns":3}],"seed_played":"6371819262635372465","potions_obtained":[{"floor":5,"key":"Block Potion"},{"floor":6,"key":"ColorlessPotion"},{"floor":14,"key":"LiquidMemories"}],"is_trial":false,"path_per_floor":["M","?","M","?","M","E","R","E","T","$","?","M","E","M","R","B",null,"M","?","?","?","$","E","$","M","T","E","M","M","E","M","R_BF","B",null,"M","?","?","M","M","E","?","E","T","M","R","M","?","M","R","B","B",null,null,"R","$","E","B",null],"character_chosen":"Librarian","items_purchased":["PageOfPorccubus","testmod-TurbochargingSystem","Replay:Baseball","testmod-Charity","ChiLing"],"campfire_rested":0,"item_purchase_floors":[10,22,24,24,55],"current_hp_per_floor":[53,53,53,49,49,49,49,49,49,49,49,49,89,89,89,89,89,89,89,89,77,77,77,77,78,78,85,86,87,88,89,89,95,118,119,119,120,121,122,123,123,130,130,131,133,134,64,65,135,135,135,135,135,135,135,136,136],"gold":524,"neow_bonus":"RANDOM_COMMON_RELIC","is_daily":false,"chose_seed":false,"campfire_upgraded":4,"win_rate":0.0,"timestamp":1608889968,"path_taken":["M","?","M","?","M","E","R","E","T","$","?","M","E","M","R","BOSS","M","?","?","?","?","E","$","M","T","E","M","M","E","M","R_BF","BOSS","M","?","?","M","?","E","?","E","T","M","R","M","?","M","R","BOSS","BOSS","R","$","E","BOSS"],"items_purchased_type":["Relic","Relic","Relic","Relic","Relic"],"build_version":"2020-12-22","purchased_purges":1,"victory":true,"max_hp_per_floor":[89,89,89,89,89,89,89,89,89,89,89,89,89,89,89,89,89,89,119,119,119,119,119,119,120,120,121,122,123,124,125,125,126,126,127,127,128,129,130,131,131,132,132,133,133,134,134,135,135,135,135,135,135,135,135,136,136],"card_choices":[{"not_picked":[],"picked":"Bomb","floor":0},{"not_picked":["Outburst","Diversion","UncannyStrike","EnergyCycle","UpbeatPerformance","Quickness","Reload","AutomatedMovement","ForTheFamily"],"picked":"SKIP","floor":1},{"not_picked":["RushDown","StructuralAnalysis","SmokingPipe","TendonChords","ForcefulGesture","CircusKnives","UpbeatPerformance","Diversion","DefenseOrder","ToWhereThePrescriptPoints","ICanCookAnything"],"picked":"SKIP","floor":3},{"not_picked":["Quickness","Parry","SmokingPipe","EnergyCycle","Marionette","ViolentFlame","BindingArms","FrontalAssault","Rewind","SunsetBlade","EnergyShield"],"picked":"SKIP","floor":5},{"not_picked":["HardRehearsal","IllEndYou","SuppressingShot","EndlessBattle","Crush","DesperateStruggle","PreemptiveStrike","Quickness","Execute_lor","EnergyShield","SinglePointStab"],"picked":"SKIP","floor":6},{"not_picked":["DirtyBlow","UnforgettableMelody","DestructiveImpact","WillOfThePrescript","AsThePrescriptOrders","DesperateStruggle","YoureAHindrance","Wallop_lor","MultiBlock","DimensionalRift","GuidanceOfTheGears"],"picked":"SKIP","floor":8},{"not_picked":["Standoff","SkyClearingCut","UnforgettableMelody","ForcefulGesture","Gamble","UpbeatPerformance","StrongStrike","SetFire","DefenseOrder","QuickAttack","Bomb"],"picked":"SKIP","floor":12},{"not_picked":["FleetFootsteps","WillOfThePrescript","DarkCloud","Punishment","HandleRequest","MultiHit","AbsorbImpact","SinglePointStab","ChargeUp","Thrust","FlashingStrike"],"picked":"SKIP","floor":14},{"not_picked":["SinglePointStab","Diversion","DarkCloud","RushDown","MultiBlock","PreparedMind","HighKick","Rampage_lor","FierceCharge","Wallop_lor","Quickness"],"picked":"SKIP","floor":18},{"not_picked":["GaleKick","Leap_lor","YourShield","TrimTheIngredients","SuppressingShot+1","FierceCharge+1","Quickness","Castigation","Thrust","YoureAHindrance","UnavoidableGaze"],"picked":"SKIP","floor":23},{"not_picked":["NightInTheBackstreets","Diversion","SearingSword","HiddenBlade","StructuralAnalysis","ButterflySlash","Multislash","FierceCharge","DesperateStruggle","SpearedSweep","ProselytesBlade+1"],"picked":"SKIP","floor":25},{"not_picked":["Punishment","Track","SinglePointStab","AssaultOrder+1","UpbeatPerformance","Leap_lor","EnergyConversion+1","GuardingStance","Wallop_lor","FierceCharge","TrashDisposal"],"picked":"SKIP","floor":27},{"not_picked":["Tailoring","MultiBlock","FierceCharge","AsThePrescriptOrders","GatherIntel","Faith","LossOfSenses","InkOver","GuardingStance","AlloutWar","GuidanceOfTheGears"],"picked":"SKIP","floor":28},{"not_picked":["CrackOfDawn","BindingArms","Multislash","Overcharge","Mutilate","Standoff","HiddenBlade","EndlessBattle+1","UncannyStrike","Unlock1","QuickAttack"],"picked":"SKIP","floor":29},{"not_picked":["EnergyBeam","UncannyStrike","Pound","IllEndYou","RushDown","MindPrepared","Thirst","Punishment","Thrust","YoureAHindrance","Reload"],"picked":"SKIP","floor":30},{"not_picked":["UnavoidableGaze+1","FervidEmotions","Leap_lor","Faith","LawAndOrder","Multislash","HandleRequest","SpearedSweep+1","FleetEdge","RushDown","SetFire"],"picked":"SKIP","floor":31},{"not_picked":["Unlock1+1","StructuralAnalysis","TieShanKao","BackstreetsDash","EnergyShield+1","CircusKnives","HighKick+1","BlowItUp","Diversion","ClassAndRespect+1","SomberProcuration"],"picked":"SKIP","floor":35},{"not_picked":["Rewind+1","SinglePointStab","Pound","SunsetBlade","EndlessBattle","GuardingStance","Leap_lor","DarkCloud","Quickness","EnergyCycle+1","Diversion"],"picked":"SKIP","floor":38},{"not_picked":["Wallop_lor","QuickAttack+1","RushDown","YouOnlyLiveOnce","FierceCharge","HighKick","FlamingDragonFist","AutomatedMovement","Standoff","ExtremeEdge+1","ViolentFlame+1"],"picked":"SKIP","floor":39},{"not_picked":["PreemptiveStrike","ScatteringSlash","BlazingStrike","PuppetBlockade","BiteOff","GuardingStance","SturdyDefense","HighKick","BayonetCombat","SpearedSweep","Wallop_lor+1"],"picked":"SKIP","floor":40},{"not_picked":["DefenseOrder","CookingPrep","Transpierce","Riposte","Diversion+1","EnergyCycle","Pound","GuardingStance","ClassAndRespect","Bvapour+1","UpbeatPerformance"],"picked":"SKIP","floor":42},{"not_picked":["GuidanceOfTheGears","SunsetBlade+1","MultiHit","SkitterAway+1","BackAttack+1","Retaliate","Thrust","EnergyConversion","SomberProcuration","UpbeatPerformance","EndlessBattle+1"],"picked":"SKIP","floor":44},{"not_picked":["UpbeatPerformance","StrongStrike","Pound","FleetFootsteps","LoosenUp","Reload","TrimTheIngredients","ViolentFlame","NightInTheBackstreets","SpearedSweep","SinglePointStab+1"],"picked":"SKIP","floor":46},{"not_picked":["QuickAttack","SmokingPipe","HighKick+1","SuppressingShot","GuidanceOfTheGears+1","TraceOfFumes","Thrust+1","DriedUp","FierceCharge","HandleRequest","DesperateStruggle"],"picked":"SKIP","floor":48},{"not_picked":["SturdyDefense","FlowOfTheSword","SunsetBlade","FrontalAssault","StructuralAnalysis","GuardingStance","Multislash","Castigation","TimeForALittleTest","CutIn+1","HighKick"],"picked":"SKIP","floor":56}],"player_experience":354526,"relics_obtained":[{"floor":1,"key":"SynthV:TestCard"},{"floor":1,"key":"LetterFromLob"},{"floor":4,"key":"Quantum Egg"},{"floor":4,"key":"Bag of Preparation"},{"floor":6,"key":"PreservedInsect"},{"floor":8,"key":"PageOfBloodbath"},{"floor":9,"key":"Ice Cream"},{"floor":23,"key":"REME_HandOfSuture"},{"floor":27,"key":"Divine Protection"},{"floor":30,"key":"DemoMod:BlueGuonStone"},{"floor":32,"key":"DeathBook"},{"floor":37,"key":"testmod-ArcanaOfDestiny"},{"floor":40,"key":"GnawedLeaf"},{"floor":42,"key":"vexMod:BarristanHead"},{"floor":43,"key":"Eternal Feather"},{"floor":56,"key":"Chaos"}],"event_choices":[{"damage_healed":0,"gold_gain":150,"player_choice":"AGREE","damage_taken":0,"max_hp_gain":0,"max_hp_loss":0,"event_name":"Liars Game","floor":2,"gold_loss":0,"cards_obtained":["Doubt"]},{"damage_healed":0,"gold_gain":0,"player_choice":"Fight","damage_taken":0,"max_hp_gain":0,"max_hp_loss":0,"event_name":"HidenRoomEvent","floor":4,"gold_loss":0},{"damage_healed":0,"gold_gain":400,"player_choice":"Sell","damage_taken":0,"max_hp_gain":0,"max_hp_loss":0,"event_name":"恩洛斯的盘子","floor":19,"relics_lost":["DaveBox"],"gold_loss":0},{"damage_healed":0,"gold_gain":0,"player_choice":"Ignored","damage_taken":0,"max_hp_gain":0,"max_hp_loss":0,"event_name":"Ghosts","floor":20,"gold_loss":0},{"damage_healed":0,"gold_gain":0,"player_choice":"Ignored","damage_taken":0,"max_hp_gain":0,"max_hp_loss":0,"event_name":"给自己的盒子","floor":36,"gold_loss":0}],"is_beta":false,"boss_relics":[{"not_picked":["REME_LowDesire","HereWithMe"],"picked":"Runic Pyramid"},{"not_picked":[]},{"not_picked":["Velvet Choker","testmod-NegativeEmotionEnhancer"],"picked":"RhineCircuit"},{"not_picked":[]}],"items_purged_floors":[10],"is_endless":false,"potions_floor_spawned":[5,6,13,14,16,23,28,31,33,38,40,42,47,48,56],"ascension_level":20}}