{"host":"3srbdas3e7jgqz5l","time":1608927331,"event":{"mods":["BaseMod","Downfall","Jorbs\u0027s Wanderer Trilogy","Minty Spire (QoL Compilation)","StSLib"],"gold_per_floor":[118,132,143,143,93,134,134,153,176,201,201,201,226,264,264,353,353,371,390,414,143,143,179,179,94,94,137,137,152,152,165,165,261,261,277,291,291,304,329,364,379,379,447,289,83,96,0,31,31,31,31,31,31,74,74,74],"floor_reached":55,"playtime":9036,"items_purged":["Strike_R","Strike_R","Strike_R"],"score":1409,"play_id":"cd84bfaa-fa40-4ea5-9d60-c234cdeba823","local_time":"20201225201531","is_ascension_mode":true,"campfire_choices":[{"data":"Carnage","floor":7.0,"key":"SMITH"},{"data":"Bash","floor":11.0,"key":"SMITH"},{"data":"Intimidate","floor":15.0,"key":"SMITH"},{"data":"Ghostly Armor","floor":24.0,"key":"SMITH"},{"data":"Shrug It Off","floor":30.0,"key":"SMITH"},{"data":"Ghostly Armor","floor":32.0,"key":"SMITH"},{"data":"Heavy Blade","floor":42.0,"key":"SMITH"},{"floor":49.0,"key":"RECALL"},{"data":"Demon Form","floor":52.0,"key":"SMITH"}],"circlet_count":0,"master_deck":["AscendersBane","Strike_R+1","Defend_R","Defend_R","Defend_R","Defend_R","Bash+1","Impervious+1","Anger","Carnage+1","Headbutt","Intimidate+1","Battle Trance","Immolate+1","Clothesline","Shrug It Off+1","Ghostly Armor+1","Necronomicurse","Intimidate+1","Ghostly Armor+1","Demon Form+1","Shockwave","Heavy Blade+1","Power Through","Inflame","Seeing Red","Entrench","Demon Form+1","Battle Trance"],"relics":["Burning Blood","Golden Idol","Centennial Puzzle","Smiling Mask","MealTicket","Philosopher\u0027s Stone","Lantern","Necronomicon","Whetstone","Potion Belt","Thread and Needle","Oddly Smooth Stone","expansioncontent:StudyCardRelic","Pen Nib","Orichalcum","Red Mask","Shuriken","Ornamental Fan"],"acts_visited":["Exordium","TheCity","TheBeyond","TheEnding"],"potions_floor_usage":[55,55,55],"damage_taken":[{"damage":6.0,"enemies":"Jaw Worm","floor":1.0,"turns":6.0},{"damage":0.0,"enemies":"2 Louse","floor":2.0,"turns":3.0},{"damage":7.0,"enemies":"Small Slimes","floor":3.0,"turns":3.0},{"damage":33.0,"enemies":"3 Sentries","floor":6.0,"turns":10.0},{"damage":6.0,"enemies":"Looter","floor":8.0,"turns":2.0},{"damage":9.0,"enemies":"Red Slaver","floor":10.0,"turns":2.0},{"damage":1.0,"enemies":"Exordium Thugs","floor":13.0,"turns":3.0},{"damage":10.0,"enemies":"Lagavulin","floor":14.0,"turns":6.0},{"damage":0.0,"enemies":"Slime Boss","floor":16.0,"turns":8.0},{"damage":9.0,"enemies":"2 Thieves","floor":18.0,"turns":3.0},{"damage":2.0,"enemies":"Spheric Guardian","floor":19.0,"turns":4.0},{"damage":18.0,"enemies":"Snake Plant","floor":20.0,"turns":2.0},{"damage":6.0,"enemies":"Slavers","floor":23.0,"turns":3.0},{"damage":0.0,"enemies":"Book of Stabbing","floor":27.0,"turns":3.0},{"damage":10.0,"enemies":"Shelled Parasite and Fungi","floor":29.0,"turns":2.0},{"damage":10.0,"enemies":"Chosen and Byrds","floor":31.0,"turns":2.0},{"damage":43.0,"enemies":"Collector","floor":33.0,"turns":9.0},{"damage":0.0,"enemies":"3 Darklings","floor":35.0,"turns":5.0},{"damage":5.0,"enemies":"Orb Walker","floor":36.0,"turns":2.0},{"damage":0.0,"enemies":"Spire Growth","floor":38.0,"turns":5.0},{"damage":14.0,"enemies":"Transient","floor":39.0,"turns":5.0},{"damage":17.0,"enemies":"Giant Head","floor":40.0,"turns":6.0},{"damage":0.0,"enemies":"3 Darklings","floor":41.0,"turns":4.0},{"damage":0.0,"enemies":"Jaw Worm Horde","floor":46.0,"turns":3.0},{"damage":6.0,"enemies":"Reptomancer","floor":48.0,"turns":5.0},{"damage":9.0,"enemies":"Time Eater","floor":50.0,"turns":8.0},{"damage":30.0,"enemies":"Shield and Spear","floor":54.0,"turns":6.0},{"damage":47,"enemies":"The Heart","floor":55,"turns":3}],"seed_played":"6094673828235531669","potions_obtained":[{"floor":3.0,"key":"Block Potion"},{"floor":6.0,"key":"champ:CounterPotion"},{"floor":14.0,"key":"Ancient Potion"},{"floor":19.0,"key":"Weak Potion"},{"floor":27.0,"key":"Energy Potion"},{"floor":28.0,"key":"Fire Potion"},{"floor":28.0,"key":"SkillPotion"},{"floor":35.0,"key":"BloodPotion"},{"floor":39.0,"key":"EssenceOfSteel"},{"floor":40.0,"key":"Block Potion"},{"floor":54.0,"key":"champ:CounterPotion"}],"is_trial":false,"path_per_floor":["M","M","M","?","?","E","R","M","T","M","R","?","M","E","R","B",null,"M","M","M","$","?","E","R","?","T","E","?","M","R","M","R","B",null,"M","M","?","M","M","E","M","R","T","$","$","M","?","E","R","B",null,"R","$","E","B"],"character_chosen":"IRONCLAD","items_purchased":["Lantern","Ghostly Armor","Seeing Red","Entrench","Orichalcum"],"campfire_rested":0,"item_purchase_floors":[21,21,44,44,45],"current_hp_per_floor":[68,74,73,69,69,42,42,42,42,39,39,39,44,40,40,46,63,60,64,52,67,51,51,51,51,51,57,57,53,53,49,49,12,55,61,62,62,68,60,62,68,68,68,69,69,69,69,69,69,66,68,68,69,45,0,0],"gold":74,"neow_bonus":"ONE_RANDOM_RARE_CARD","is_daily":false,"chose_seed":false,"campfire_upgraded":8,"win_rate":0.0,"timestamp":1608927331,"path_taken":["M","M","M","?","?","E","R","M","T","M","R","?","?","E","R","BOSS","M","M","M","$","?","E","R","?","T","E","?","M","R","M","R","BOSS","M","M","?","M","M","E","M","R","T","?","$","?","?","E","R","BOSS","R","$","E","BOSS"],"items_purchased_type":["Relic","Card","Card","Card","Relic"],"build_version":"2020-12-22","purchased_purges":3,"victory":false,"max_hp_per_floor":[75,75,75,69,69,69,69,69,69,69,69,69,69,69,69,69,69,69,69,69,69,69,69,69,69,69,69,69,69,69,69,69,69,69,69,69,69,69,69,69,69,69,69,69,69,69,69,69,69,69,69,69,69,69,69,69],"card_choices":[{"not_picked":["Twin Strike","True Grit"],"picked":"Anger","floor":1.0},{"not_picked":["Havoc","Shrug It Off"],"picked":"Carnage","floor":2.0},{"not_picked":["Thunderclap","Perfected Strike","Flex"],"picked":"SKIP","floor":3.0},{"not_picked":["Dropkick","Sentinel","Rage"],"picked":"SKIP","floor":6.0},{"not_picked":["Havoc","Rupture"],"picked":"Headbutt","floor":8.0},{"not_picked":["Iron Wave","Sever Soul","Heavy Blade"],"picked":"SKIP","floor":10.0},{"not_picked":["Cleave","Limit Break"],"picked":"Intimidate","floor":13.0},{"not_picked":["Flex","Dropkick"],"picked":"Battle Trance","floor":14.0},{"not_picked":["Berserk","Demon Form"],"picked":"Immolate","floor":16.0},{"not_picked":["Cleave","Iron Wave"],"picked":"Clothesline","floor":18.0},{"not_picked":["Metallicize","Hemokinesis"],"picked":"Shrug It Off","floor":19.0},{"not_picked":["True Grit","Sword Boomerang","Thunderclap"],"picked":"SKIP","floor":20.0},{"not_picked":["Clash","Headbutt+1"],"picked":"Intimidate+1","floor":23.0},{"not_picked":["Wild Strike","Heavy Blade","Carnage"],"picked":"SKIP","floor":27.0},{"not_picked":["Evolve","Thunderclap","Warcry"],"picked":"SKIP","floor":29.0},{"not_picked":["Warcry+1","Limit Break"],"picked":"Ghostly Armor","floor":31.0},{"not_picked":["Berserk","Fiend Fire"],"picked":"Demon Form","floor":33.0},{"not_picked":["Headbutt","Clash"],"picked":"Shockwave","floor":35.0},{"not_picked":["Perfected Strike+1","Warcry"],"picked":"Heavy Blade","floor":36.0},{"not_picked":["Entrench","Armaments+1"],"picked":"Power Through","floor":38.0},{"not_picked":["Burning Pact+1","Sword Boomerang","Heavy Blade"],"picked":"SKIP","floor":39.0},{"not_picked":["Perfected Strike","Burning Pact","Carnage"],"picked":"SKIP","floor":40.0},{"not_picked":["Intimidate+1","Dual Wield"],"picked":"Inflame","floor":41.0},{"not_picked":["Headbutt+1","Body Slam"],"picked":"Demon Form","floor":46.0},{"not_picked":["Sever Soul","Flex","Evolve+1"],"picked":"SKIP","floor":48.0},{"not_picked":["Armaments+1","Whirlwind"],"picked":"Battle Trance","floor":54.0}],"player_experience":514538,"relics_obtained":[{"floor":6.0,"key":"Centennial Puzzle"},{"floor":9.0,"key":"Smiling Mask"},{"floor":14.0,"key":"MealTicket"},{"floor":22.0,"key":"Necronomicon"},{"floor":23.0,"key":"Whetstone"},{"floor":26.0,"key":"Thread and Needle"},{"floor":27.0,"key":"Oddly Smooth Stone"},{"floor":40.0,"key":"Pen Nib"},{"floor":48.0,"key":"Shuriken"},{"floor":54.0,"key":"Ornamental Fan"}],"event_choices":[{"damage_healed":0.0,"max_hp_gain":0.0,"max_hp_loss":6.0,"gold_gain":0.0,"event_name":"Golden Idol","player_choice":"Lose Max HP","floor":4.0,"gold_loss":0.0,"damage_taken":0.0,"relics_obtained":["Golden Idol"]},{"cards_removed":["Strike_R"],"damage_healed":0.0,"max_hp_gain":0.0,"max_hp_loss":0.0,"gold_gain":0.0,"event_name":"The Cleric","player_choice":"Card Removal","floor":5.0,"gold_loss":50.0,"damage_taken":0.0},{"damage_healed":0.0,"max_hp_gain":0.0,"max_hp_loss":0.0,"gold_gain":0.0,"event_name":"Living Wall","player_choice":"Grow","floor":12.0,"gold_loss":0.0,"damage_taken":0.0,"cards_upgraded":["Impervious"]},{"damage_healed":0.0,"max_hp_gain":0.0,"max_hp_loss":0.0,"gold_gain":0.0,"event_name":"Cursed Tome","player_choice":"Obtained Book","floor":22.0,"gold_loss":0.0,"damage_taken":16.0},{"damage_healed":0.0,"max_hp_gain":0.0,"max_hp_loss":0.0,"gold_gain":0.0,"event_name":"Addict","player_choice":"Obtained Relic","floor":25.0,"gold_loss":85.0,"damage_taken":0.0,"relics_obtained":["Potion Belt"]},{"damage_healed":0.0,"max_hp_gain":0.0,"max_hp_loss":0.0,"gold_gain":0.0,"event_name":"Lab","player_choice":"Got Potions","floor":28.0,"gold_loss":0.0,"damage_taken":0.0},{"damage_healed":0.0,"max_hp_gain":0.0,"max_hp_loss":0.0,"gold_gain":0.0,"event_name":"Upgrade Shrine","player_choice":"Upgraded","floor":37.0,"gold_loss":0.0,"damage_taken":0.0,"cards_upgraded":["Demon Form"]},{"damage_healed":0.0,"max_hp_gain":0.0,"max_hp_loss":0.0,"gold_gain":0.0,"event_name":"Tomb of Lord Red Mask","player_choice":"Paid","floor":47.0,"gold_loss":96.0,"damage_taken":0.0,"relics_obtained":["Red Mask"]}],"is_beta":false,"boss_relics":[{"not_picked":["Tiny House","Runic Pyramid"],"picked":"Philosopher\u0027s Stone"},{"not_picked":["Black Blood","Runic Cube"],"picked":"expansioncontent:StudyCardRelic"}],"items_purged_floors":[21,44,45],"is_endless":false,"potions_floor_spawned":[3,6,14,16,19,23,27,33,35,38,39,40,46,54],"killed_by":"The Heart","ascension_level":14}}