{"host":"l66odvkqh04jpxx0","time":1608867914,"event":{"mods":["BaseMod","Colored Powertips","Conspire","Hermit","Infinite Spire","Luminous","Minty Spire (QoL Compilation)","Quick Restart","Replay The Spire","StSLib","The Animator","The Construct","The Cursed","The Mystic","The Servant 0.9.4"],"gold_per_floor":[114,128,128,140,154,154,181,63,63,89,89,99,99,115,115,216,216,229,242,242,242,255,282,282,301,377,307,406,418,433,433,433,533,533,546,560,560,571,584,584,604,623,647,663,692,705,705,705,705],"floor_reached":48,"playtime":6740,"items_purged":["Defend_G"],"score":550,"play_id":"bab9c085-be3d-4609-a43e-5c9a4a0e50d7","local_time":"20201225114514","is_ascension_mode":false,"campfire_choices":[{"data":"Noxious Fumes","floor":6.0,"key":"SMITH"},{"floor":15,"key":"REST"},{"data":"Survivor","floor":24,"key":"SMITH"},{"floor":32,"key":"REST"},{"floor":40,"key":"REST"}],"circlet_count":0,"master_deck":["Strike_G","Strike_G","Defend_G","Defend_G","Defend_G","Defend_G","Survivor+1","Neutralize+1","Noxious Fumes+1","Corpse Explosion+1","Venomology+1","Replay:Bag of Tricks+1","Apotheosis+1","ReplayTheSpireMod:Speed Training+1","Endless Agony","infinitespire:Neurotoxin+1","Bouncing Flask+1","Escape Plan+1","Parasite"],"relics":["Snecko Scales","conspire:Dentures","Toxic Egg 2","Darkstone Periapt","Bottled Tornado","Astrolabe","Onion Ring","Mummified Hand","SacredBark","Bag of Marbles","Smiling Mask"],"acts_visited":["Exordium","TheCity","TheBeyond"],"potions_floor_usage":[12,14,16,16,22,23,25,25,29,30,33,33,33,36,38,39,39,41,42,44,45,46,48,48,48,48],"damage_taken":[{"damage":0.0,"enemies":"Jaw Worm","floor":1.0,"turns":5.0},{"damage":1.0,"enemies":"Cultist","floor":2.0,"turns":4.0},{"damage":0.0,"enemies":"Small Slimes","floor":4.0,"turns":3.0},{"damage":3.0,"enemies":"3 Louse","floor":5.0,"turns":4.0},{"damage":13.0,"enemies":"3 Sentries","floor":7.0,"turns":6.0},{"damage":14.0,"enemies":"Lagavulin","floor":10.0,"turns":6.0},{"damage":0,"enemies":"Exordium Thugs","floor":12,"turns":3},{"damage":10,"enemies":"Exordium Wildlife","floor":14,"turns":4},{"damage":1,"enemies":"Hexaghost","floor":16,"turns":7},{"damage":0,"enemies":"Shell Parasite","floor":18,"turns":4},{"damage":7,"enemies":"Spheric Guardian","floor":19,"turns":4},{"damage":0,"enemies":"3 Cultists","floor":22,"turns":2},{"damage":0,"enemies":"conspire:SneckoGhost","floor":23,"turns":5},{"damage":0,"enemies":"Centurion and Healer","floor":25,"turns":3},{"damage":0,"enemies":"conspire:HollyBat","floor":29,"turns":6},{"damage":7,"enemies":"Snake Plant","floor":30,"turns":3},{"damage":7,"enemies":"Automaton","floor":33,"turns":9},{"damage":6,"enemies":"3 Darklings","floor":35,"turns":5},{"damage":14,"enemies":"3 Shapes","floor":36,"turns":2},{"damage":0,"enemies":"Transient","floor":38,"turns":5},{"damage":12,"enemies":"4 Shapes","floor":39,"turns":1},{"damage":1,"enemies":"Writhing Mass","floor":41,"turns":5},{"damage":0,"enemies":"Maw","floor":42,"turns":5},{"damage":0,"enemies":"Transient","floor":44,"turns":5},{"damage":2,"enemies":"Nemesis","floor":45,"turns":5},{"damage":9,"enemies":"Jaw Worm Horde","floor":46,"turns":3},{"damage":60,"enemies":"conspire:OrnateMirror","floor":48,"turns":4}],"seed_played":"5133906240681804942","potions_obtained":[{"floor":1.0,"key":"Flashbang"},{"floor":4.0,"key":"AttackPotion"},{"floor":7.0,"key":"SpeedPotion"},{"floor":18,"key":"Energy Potion"},{"floor":25,"key":"Milkshake"},{"floor":30,"key":"LifebloodPotion"},{"floor":35,"key":"Poison Potion"},{"floor":38,"key":"AttackPotion"},{"floor":41,"key":"DistilledChaos"},{"floor":46,"key":"Ancient Potion"}],"is_trial":false,"path_per_floor":["M","M","?","M","M","R","E","$","T","E","?","M","?","M","R","B",null,"M","M","?","?","M","E","R","M","T","$","?","M","M","AVR","R","B",null,"M","M","?","M","M","R","M","M","T","M","E","M","?","B"],"character_chosen":"THE_SILENT","items_purchased":["Corpse Explosion+1","Endless Agony"],"campfire_rested":3,"item_purchase_floors":[8,27],"current_hp_per_floor":[70,69,69,69,66,66,53,53,53,39,39,39,39,29,50,49,70,70,63,63,63,63,63,63,63,63,63,63,63,56,56,70,63,70,64,50,50,50,38,59,64,64,64,64,62,53,53,0,0],"gold":705,"neow_bonus":"BOSS_RELIC","is_daily":false,"chose_seed":false,"campfire_upgraded":2,"win_rate":0.0,"timestamp":1608867914,"path_taken":["M","M","?","?","M","R","E","$","T","E","?","M","?","M","R","BOSS","M","M","?","?","M","E","R","?","T","$","?","M","M","AVR","R","BOSS","M","M","?","?","M","R","M","M","T","M","E","M","?","BOSS"],"items_purchased_type":["Card","Card"],"build_version":"2020-12-22","purchased_purges":1,"victory":false,"max_hp_per_floor":[70,70,70,70,70,70,70,70,70,70,70,70,70,70,70,70,70,70,70,70,70,70,70,70,70,70,70,70,70,70,70,70,70,70,70,70,70,70,70,70,76,76,76,76,76,76,76,76,76],"card_choices":[{"not_picked":["ReplayTheSpireMod:Exploit Weakness","Hidden Blade"],"picked":"Noxious Fumes","floor":1.0},{"not_picked":["Dagger Spray","Noxious Fumes","Dodge and Roll"],"picked":"SKIP","floor":2.0},{"not_picked":["Heel Hook","Caltrops","Slice"],"picked":"SKIP","floor":4.0},{"not_picked":["Distraction","ReplayTheSpireMod:Speed Training","ReplayTheSpireMod:The Works"],"picked":"SKIP","floor":5.0},{"not_picked":["PiercingWail+1","Leg Sweep+1","ReplayTheSpireMod:Speed Training+1"],"picked":"SKIP","floor":7.0},{"not_picked":["Noxious Fumes","Sneak Up+1"],"picked":"Venomology+1","floor":10.0},{"not_picked":["Fluid Movement","Deadly Poison+1","Outmaneuver+1"],"picked":"SKIP","floor":12},{"not_picked":["Underhanded Strike","Masterful Stab","ReplayTheSpireMod:The Works+1"],"picked":"SKIP","floor":14},{"not_picked":["Escape Plan+1","Slice","Outmaneuver+1"],"picked":"SKIP","floor":18},{"not_picked":["Draining Mist+1","Backflip+1","Dagger Spray+1"],"picked":"SKIP","floor":19},{"not_picked":["Sucker Punch","Deflect+1","ReplayTheSpireMod:Scrap Shanks"],"picked":"SKIP","floor":22},{"not_picked":["Sucker Punch","Deflect+1","ReplayTheSpireMod:Scrap Shanks"],"picked":"SKIP","floor":22},{"not_picked":["Tools of the Trade","Flying Knee","Predator"],"picked":"SKIP","floor":23},{"not_picked":["Quick Slash","Poisoned Stab+1","ReplayTheSpireMod:Speed Training+1"],"picked":"SKIP","floor":25},{"not_picked":["Flying Knee","Reflex+1","Dagger Spray+1"],"picked":"SKIP","floor":29},{"not_picked":["Escape Plan+1","Heel Hook","Prepared+1"],"picked":"SKIP","floor":30},{"not_picked":["Night Terror+1","ReplayTheSpireMod:From All Sides"],"picked":"infinitespire:Neurotoxin+1","floor":33},{"not_picked":["Deflect+1","Poisoned Stab","Quick Slash+1"],"picked":"SKIP","floor":35},{"not_picked":["Flying Knee","Blade Dance+1"],"picked":"Bouncing Flask+1","floor":36},{"not_picked":["Deadly Poison+1","Finisher+1","Infinite Blades"],"picked":"SKIP","floor":38},{"not_picked":["Infinite Blades+1","Sucker Punch","Quick Slash+1"],"picked":"SKIP","floor":39},{"not_picked":["Prepared+1","Tactician+1","Flechettes+1"],"picked":"SKIP","floor":41},{"not_picked":["Finisher+1","Dagger Spray","ReplayTheSpireMod:Scrap Shanks"],"picked":"SKIP","floor":42},{"not_picked":["Bane","Deadly Poison+1","Dodge and Roll+1"],"picked":"SKIP","floor":44},{"not_picked":["Blade Dance+1","Terror+1","Sucker Punch"],"picked":"SKIP","floor":45},{"not_picked":["PiercingWail+1","Poisoned Stab","Choke"],"picked":"SKIP","floor":46}],"player_experience":50038,"relics_obtained":[{"floor":7.0,"key":"Toxic Egg 2"},{"floor":9.0,"key":"Darkstone Periapt"},{"floor":10.0,"key":"Bottled Tornado"},{"floor":23,"key":"Onion Ring"},{"floor":26,"key":"Mummified Hand"},{"floor":43,"key":"Bag of Marbles"},{"floor":45,"key":"Smiling Mask"}],"event_choices":[{"damage_healed":0.0,"max_hp_gain":0.0,"max_hp_loss":0.0,"gold_gain":0.0,"event_name":"WeMeetAgain","player_choice":"Gave Potion","floor":3.0,"gold_loss":0.0,"damage_taken":0.0,"relics_obtained":["conspire:Dentures"]},{"damage_healed":0.0,"max_hp_gain":0.0,"max_hp_loss":0.0,"gold_gain":0.0,"event_name":"Living Wall","player_choice":"Grow","floor":11.0,"gold_loss":0.0,"damage_taken":0.0,"cards_upgraded":["Neutralize"]},{"damage_healed":0,"gold_gain":0,"player_choice":"Ignored","damage_taken":0,"max_hp_gain":0,"max_hp_loss":0,"event_name":"Golden Idol","floor":13,"gold_loss":0},{"damage_healed":0,"gold_gain":0,"cards_transformed":["After Image"],"player_choice":"Transformed","damage_taken":0,"max_hp_gain":0,"max_hp_loss":0,"event_name":"Transmorgrifier","floor":21,"gold_loss":0,"cards_obtained":["ReplayTheSpireMod:Speed Training"]},{"damage_healed":0,"gold_gain":99,"player_choice":"Stole From Cult","damage_taken":0,"max_hp_gain":0,"max_hp_loss":0,"event_name":"Nest","floor":28,"gold_loss":0},{"damage_healed":0,"gold_gain":0,"cards_transformed":["Heel Hook"],"player_choice":"Transformed","damage_taken":0,"max_hp_gain":0,"max_hp_loss":0,"event_name":"Transmorgrifier","floor":37,"gold_loss":0,"cards_obtained":["Escape Plan"]},{"damage_healed":0,"gold_gain":0,"player_choice":"Took Portal","damage_taken":0,"max_hp_gain":0,"max_hp_loss":0,"event_name":"SecretPortal","floor":47,"gold_loss":0}],"is_beta":false,"boss_relics":[{"not_picked":["Ectoplasm","ReplayTheSpireMod:DimensionalGlitch"],"picked":"Astrolabe"},{"not_picked":["Replay:Drink Me","Painkiller Herb"],"picked":"SacredBark"}],"items_purged_floors":[31],"is_endless":false,"potions_floor_spawned":[1,4,7,18,19,25,30,35,38,41,46],"killed_by":"conspire:OrnateMirror","ascension_level":0}}