{"host":"640uue19m79c7wbt","time":1608872550,"event":{"mods":["BaseMod","Colored Map","Googly Eyes","Highlight Path","Minty Spire (QoL Compilation)","Quick Restart","StSLib"],"gold_per_floor":[139,314,52,52,52,100,135,135,135,170,189,222,222,245,245,340,340,374,394,44,44,44,72,84,113,152,164,176,240,265,290,302,436,448,474,53,91,104,122,170,240,240,291,341,341,351,371,416,416,416,416,416,0,32,32,32],"floor_reached":55,"playtime":2915,"items_purged":["Decay","Doubt","Strike_G"],"score":1187,"play_id":"5c79e4c0-f0a6-4c2d-8953-09f0869be8e3","local_time":"20201225000230","is_ascension_mode":true,"campfire_choices":[{"floor":13.0,"key":"REST"},{"floor":15.0,"key":"REST"},{"floor":24.0,"key":"REST"},{"floor":28.0,"key":"REST"},{"floor":32.0,"key":"REST"},{"floor":42.0,"key":"RECALL"},{"floor":45.0,"key":"REST"},{"floor":49.0,"key":"REST"},{"data":"Venomology","floor":52.0,"key":"SMITH"}],"circlet_count":0,"master_deck":["Strike_G","Strike_G","Strike_G","Strike_G","Defend_G","Defend_G","Defend_G","Defend_G","Defend_G","Survivor","Neutralize","HandOfGreed","Dagger Spray","Corpse Explosion","Well Laid Plans","Cloak And Dagger","Accuracy","Concentrate","PiercingWail","Accuracy","Bullet Time","Blade Dance","Infinite Blades+1","Necronomicurse","PiercingWail+1","Blade Dance+1","Venomology+1","Leg Sweep+1","Catalyst","Night Terror","Cloak And Dagger","Predator+1","Riddle With Holes+1","Choke","Cloak And Dagger","Tactician","Finisher","Bouncing Flask","Footwork","Blade Dance+1"],"relics":["Ring of the Serpent","Happy Flower","Pear","Matryoshka","Snake Skull","Bag of Marbles","Ninja Scroll","Bronze Scales","Kunai","Letter Opener","Necronomicon","MawBank","Vajra","Dream Catcher","Busted Crown","TwistedFunnel","Anchor","Bottled Flame","CaptainsWheel","PreservedInsect","FossilizedHelix","Lizard Tail","Shuriken"],"acts_visited":["Exordium","TheCity","TheBeyond","TheEnding"],"potions_floor_usage":[55,55],"damage_taken":[{"damage":10.0,"enemies":"Jaw Worm","floor":1.0,"turns":4.0},{"damage":40.0,"enemies":"Gremlin Nob","floor":6.0,"turns":5.0},{"damage":0.0,"enemies":"Small Slimes","floor":7.0,"turns":5.0},{"damage":0.0,"enemies":"2 Louse","floor":10.0,"turns":3.0},{"damage":6.0,"enemies":"Looter","floor":11.0,"turns":3.0},{"damage":0.0,"enemies":"Blue Slaver","floor":12.0,"turns":4.0},{"damage":20.0,"enemies":"Slime Boss","floor":16.0,"turns":8.0},{"damage":3.0,"enemies":"2 Thieves","floor":18.0,"turns":3.0},{"damage":4.0,"enemies":"3 Byrds","floor":19.0,"turns":3.0},{"damage":25.0,"enemies":"Gremlin Leader","floor":23.0,"turns":5.0},{"damage":6.0,"enemies":"Snecko","floor":25.0,"turns":4.0},{"damage":0.0,"enemies":"Book of Stabbing","floor":29.0,"turns":3.0},{"damage":0.0,"enemies":"Sentry and Sphere","floor":30.0,"turns":2.0},{"damage":18.0,"enemies":"Snake Plant","floor":31.0,"turns":3.0},{"damage":41.0,"enemies":"Collector","floor":33.0,"turns":8.0},{"damage":3.0,"enemies":"Orb Walker","floor":35.0,"turns":4.0},{"damage":12.0,"enemies":"3 Shapes","floor":37.0,"turns":4.0},{"damage":0.0,"enemies":"3 Darklings","floor":38.0,"turns":2.0},{"damage":0.0,"enemies":"Sphere and 2 Shapes","floor":39.0,"turns":4.0},{"damage":2.0,"enemies":"Nemesis","floor":40.0,"turns":5.0},{"damage":0.0,"enemies":"Mind Bloom Boss Battle","floor":41.0,"turns":4.0},{"damage":19.0,"enemies":"Reptomancer","floor":44.0,"turns":4.0},{"damage":0.0,"enemies":"Jaw Worm Horde","floor":46.0,"turns":3.0},{"damage":10.0,"enemies":"Spire Growth","floor":47.0,"turns":2.0},{"damage":0.0,"enemies":"2 Orb Walkers","floor":48.0,"turns":1.0},{"damage":67.0,"enemies":"Time Eater","floor":50.0,"turns":10.0},{"damage":6.0,"enemies":"Shield and Spear","floor":54.0,"turns":5.0},{"damage":106,"enemies":"The Heart","floor":55,"turns":5}],"seed_played":"4363368911916469165","potions_obtained":[{"floor":10.0,"key":"SkillPotion"},{"floor":11.0,"key":"PowerPotion"},{"floor":12.0,"key":"Fire Potion"},{"floor":16.0,"key":"PowerPotion"},{"floor":18.0,"key":"Block Potion"},{"floor":25.0,"key":"SkillPotion"},{"floor":27.0,"key":"Ancient Potion"},{"floor":27.0,"key":"ColorlessPotion"},{"floor":29.0,"key":"Weak Potion"},{"floor":37.0,"key":"DistilledChaos"},{"floor":46.0,"key":"Energy Potion"},{"floor":47.0,"key":"PowerPotion"},{"floor":48.0,"key":"AttackPotion"},{"floor":54.0,"key":"Explosive Potion"}],"is_trial":false,"path_per_floor":["M","?","$","?","?","E","M","T","T","M","M","M","R","T","R","B",null,"M","M","$","?","?","E","R","M","T","?","R","E","M","M","R","B",null,"M","$","M","M","M","E","?","R","T","E","R","M","M","?","R","B",null,"R","$","E","B"],"character_chosen":"THE_SILENT","items_purchased":["Corpse Explosion","Well Laid Plans","Kunai","TwistedFunnel","Anchor","Lizard Tail","Bouncing Flask","Footwork"],"campfire_rested":7,"item_purchase_floors":[3,3,20,36,36,53,53,53],"current_hp_per_floor":[53,53,53,58,46,16,16,16,16,16,10,10,35,35,60,40,74,71,67,67,67,51,26,51,45,45,45,70,70,70,52,77,36,73,70,70,58,58,58,56,56,56,56,37,62,62,52,52,77,10,66,66,66,60,0,0],"gold":32,"neow_bonus":"RANDOM_COLORLESS_2","is_daily":false,"chose_seed":false,"campfire_upgraded":1,"win_rate":0.0,"timestamp":1608872550,"path_taken":["M","?","$","?","?","E","M","?","T","M","M","?","R","?","R","BOSS","M","M","$","?","?","E","R","M","T","?","R","E","M","M","R","BOSS","M","$","M","M","M","E","?","R","T","E","R","M","M","?","R","BOSS","R","$","E","BOSS"],"items_purchased_type":["Card","Card","Relic","Relic","Relic","Relic","Card","Card"],"build_version":"2020-12-22","purchased_purges":3,"victory":false,"max_hp_per_floor":[70,70,70,75,75,85,85,85,85,85,85,85,85,85,85,85,85,85,85,85,85,85,85,85,85,85,85,85,85,85,85,85,85,85,85,85,85,85,85,85,85,85,85,85,85,85,85,85,85,85,85,85,85,85,85,85],"card_choices":[{"not_picked":["Metamorphosis","Apotheosis"],"picked":"HandOfGreed","floor":0.0},{"not_picked":["Outmaneuver","Prepared"],"picked":"Dagger Spray","floor":1.0},{"not_picked":["Bane","Masterful Stab"],"picked":"Cloak And Dagger","floor":6.0},{"not_picked":["Deflect","Reflex"],"picked":"Accuracy","floor":7.0},{"not_picked":["Riddle With Holes","Leg Sweep"],"picked":"Concentrate","floor":10.0},{"not_picked":["Backflip","Catalyst"],"picked":"PiercingWail","floor":11.0},{"not_picked":["Acrobatics","Finisher"],"picked":"Accuracy","floor":12.0},{"not_picked":["Grand Finale","Glass Knife"],"picked":"Bullet Time","floor":16.0},{"not_picked":["Dagger Spray","Flying Knee"],"picked":"Blade Dance","floor":18.0},{"not_picked":["Leg Sweep","Quick Slash"],"picked":"Infinite Blades+1","floor":19.0},{"not_picked":["Terror","Poisoned Stab"],"picked":"PiercingWail+1","floor":23.0},{"not_picked":["Backflip","PiercingWail"],"picked":"Blade Dance+1","floor":25.0},{"not_picked":["Well Laid Plans+1","Dagger Throw"],"picked":"Venomology","floor":29.0},{"not_picked":["Acrobatics","Deadly Poison"],"picked":"Leg Sweep+1","floor":30.0},{"not_picked":["Acrobatics+1","Underhanded Strike"],"picked":"Catalyst","floor":31.0},{"not_picked":["Malaise","Burst"],"picked":"Night Terror","floor":33.0},{"not_picked":["Flying Knee"],"picked":"SKIP","floor":35.0},{"not_picked":[],"picked":"Cloak And Dagger","floor":37.0},{"not_picked":["Dodge and Roll"],"picked":"SKIP","floor":38.0},{"not_picked":[],"picked":"Predator+1","floor":39.0},{"not_picked":[],"picked":"Riddle With Holes+1","floor":40.0},{"not_picked":["Bane"],"picked":"SKIP","floor":44.0},{"not_picked":[],"picked":"Choke","floor":45.0},{"not_picked":[],"picked":"Cloak And Dagger","floor":46.0},{"not_picked":["Deadly Poison"],"picked":"SKIP","floor":47.0},{"not_picked":[],"picked":"Tactician","floor":48.0},{"not_picked":[],"picked":"Finisher","floor":49.0},{"not_picked":[],"picked":"Blade Dance+1","floor":54.0}],"player_experience":1222385,"relics_obtained":[{"floor":6.0,"key":"Pear"},{"floor":8.0,"key":"Matryoshka"},{"floor":9.0,"key":"Snake Skull"},{"floor":9.0,"key":"Bag of Marbles"},{"floor":14.0,"key":"Ninja Scroll"},{"floor":14.0,"key":"Bronze Scales"},{"floor":22.0,"key":"Necronomicon"},{"floor":23.0,"key":"MawBank"},{"floor":26.0,"key":"Vajra"},{"floor":29.0,"key":"Dream Catcher"},{"floor":40.0,"key":"Bottled Flame"},{"floor":41.0,"key":"CaptainsWheel"},{"floor":44.0,"key":"PreservedInsect"},{"floor":48.0,"key":"FossilizedHelix"},{"floor":54.0,"key":"Shuriken"}],"event_choices":[{"damage_healed":0.0,"max_hp_gain":0.0,"max_hp_loss":0.0,"gold_gain":175.0,"event_name":"Liars Game","player_choice":"AGREE","floor":2.0,"gold_loss":0.0,"damage_taken":0.0,"cards_obtained":["Doubt"]},{"damage_healed":0.0,"max_hp_gain":5.0,"max_hp_loss":0.0,"gold_gain":0.0,"event_name":"Big Fish","player_choice":"Donut","floor":4.0,"gold_loss":0.0,"damage_taken":0.0},{"damage_healed":0.0,"max_hp_gain":0.0,"max_hp_loss":0.0,"gold_gain":0.0,"event_name":"Scrap Ooze","player_choice":"Success","floor":5.0,"gold_loss":0.0,"damage_taken":12.0,"relics_obtained":["Happy Flower"]},{"damage_healed":0.0,"max_hp_gain":0.0,"max_hp_loss":0.0,"gold_gain":0.0,"event_name":"The Mausoleum","player_choice":"Opened","floor":21.0,"gold_loss":0.0,"damage_taken":0.0,"relics_obtained":["Letter Opener"]},{"damage_healed":0.0,"max_hp_gain":0.0,"max_hp_loss":0.0,"gold_gain":0.0,"event_name":"Cursed Tome","player_choice":"Obtained Book","floor":22.0,"gold_loss":0.0,"damage_taken":16.0},{"damage_healed":0.0,"max_hp_gain":0.0,"max_hp_loss":0.0,"gold_gain":0.0,"event_name":"Lab","player_choice":"Got Potions","floor":27.0,"gold_loss":0.0,"damage_taken":0.0},{"damage_healed":0.0,"max_hp_gain":0.0,"max_hp_loss":0.0,"gold_gain":0.0,"event_name":"MindBloom","player_choice":"Fight","floor":41.0,"gold_loss":0.0,"damage_taken":0.0},{"damage_healed":0.0,"max_hp_gain":0.0,"max_hp_loss":0.0,"gold_gain":0.0,"event_name":"Mysterious Sphere","player_choice":"Fight","floor":48.0,"gold_loss":0.0,"damage_taken":0.0}],"is_beta":false,"boss_relics":[{"not_picked":["Pandora\u0027s Box","Velvet Choker"],"picked":"Ring of the Serpent"},{"not_picked":["Runic Dome","HoveringKite"],"picked":"Busted Crown"}],"items_purged_floors":[3,20,36],"is_endless":false,"potions_floor_spawned":[10,11,12,16,18,25,29,37,38,46,47,48,54],"killed_by":"The Heart","ascension_level":9}}