{"host":"pzjm4rhuc0ce13vz","time":1608901035,"event":{"mods":["BaseMod","BetterRewards","Colored Map","Colored Powertips","DeckTracker","Highlight Path","Marisa????????","Minty Spire (QoL Compilation)","Quick Restart","StSLib","The Hierophant","The Senshi"],"gold_per_floor":[118,128,203,203,219,248,7,7,81,94,105,116,17,31,31,126,126,143,160,160,160,260,285,285,285,285,285,285,201,215,215,215,310,310,326,341,341,341,341,375,425,425,425,452,462,462,482,100,100,100],"floor_reached":51,"playtime":4727,"items_purged":["Strike_G","Strike_G","Strike_G","Strike_G"],"score":925,"play_id":"66d253d1-e23a-47e3-9925-4b0e6795de62","local_time":"20201225135715","is_ascension_mode":false,"campfire_choices":[{"data":"Noxious Fumes","floor":8,"key":"SMITH"},{"floor":15,"key":"REST"},{"data":"Accuracy","floor":25,"key":"SMITH"},{"data":"Accuracy","floor":27,"key":"SMITH"},{"data":"Noxious Fumes","floor":32,"key":"SMITH"},{"data":"Madness","floor":42,"key":"SMITH"},{"data":"Cloak And Dagger","floor":46,"key":"SMITH"},{"data":"Madness","floor":49,"key":"SMITH"}],"circlet_count":0,"master_deck":["Defend_G+1","Defend_G+1","Defend_G+1","Defend_G+1","Survivor","Neutralize+1","Accuracy+1","Madness+1","Accuracy+1","Cloak And Dagger","Backflip","Prepared","Noxious Fumes+1","Quick Slash+1","Backstab+1","Cloak And Dagger","Cloak And Dagger+1","Venomology","Flying Knee+1","Quick Slash+1","Noxious Fumes+1","Backflip","Caltrops","Doppelganger","Madness+1","Madness","Accuracy+1","Escape Plan+1","Terror+1","Accuracy","A Thousand Cuts"],"relics":["Ring of the Snake","Smiling Mask","TwistedFunnel","Molten Egg 2","Philosopher\u0027s Stone","TungstenRod","Letter Opener","MutagenicStrength","theSenshi:MoonKaleidoScopeRelic","Pantograph","Omamori","Bird Faced Urn","Potion Belt","Peace Pipe","Whetstone","OrangePellets"],"acts_visited":["Exordium","TheCity","TheBeyond"],"potions_floor_usage":[16,16,19,23,24,30,30,33,33,36,36,36,40,44,45,45,50,50,50,50],"damage_taken":[{"damage":2,"enemies":"2 Louse","floor":1,"turns":5},{"damage":0,"enemies":"Cultist","floor":2,"turns":6},{"damage":0,"enemies":"Jaw Worm","floor":5,"turns":6},{"damage":19,"enemies":"Lagavulin","floor":6,"turns":12},{"damage":7,"enemies":"Blue Slaver","floor":10,"turns":4},{"damage":7,"enemies":"Gremlin Gang","floor":11,"turns":3},{"damage":9,"enemies":"Exordium Wildlife","floor":12,"turns":3},{"damage":0,"enemies":"2 Fungi Beasts","floor":14,"turns":2},{"damage":6,"enemies":"The Guardian","floor":16,"turns":11},{"damage":6,"enemies":"Chosen","floor":18,"turns":5},{"damage":10,"enemies":"3 Byrds","floor":19,"turns":4},{"damage":7,"enemies":"Gremlin Leader","floor":23,"turns":5},{"damage":4,"enemies":"Snake Plant","floor":24,"turns":2},{"damage":4,"enemies":"Cultist and Chosen","floor":30,"turns":5},{"damage":12,"enemies":"Automaton","floor":33,"turns":7},{"damage":7,"enemies":"Orb Walker","floor":35,"turns":4},{"damage":12,"enemies":"3 Darklings","floor":36,"turns":4},{"damage":1,"enemies":"Giant Head","floor":40,"turns":8},{"damage":28,"enemies":"Mind Bloom Boss Battle","floor":41,"turns":6},{"damage":41,"enemies":"Nemesis","floor":44,"turns":5},{"damage":1,"enemies":"Writhing Mass","floor":45,"turns":4},{"damage":0,"enemies":"4 Shapes","floor":47,"turns":4},{"damage":46,"enemies":"Donu and Deca","floor":50,"turns":7}],"seed_played":"-1780075623535500052","potions_obtained":[{"floor":1,"key":"SneckoOil"},{"floor":5,"key":"SmokeBomb"},{"floor":12,"key":"Regen Potion"},{"floor":14,"key":"Strength Potion"},{"floor":18,"key":"Regen Potion"},{"floor":30,"key":"Fruit Juice"},{"floor":35,"key":"Regen Potion"},{"floor":41,"key":"DistilledChaos"},{"floor":44,"key":"CunningPotion"}],"is_trial":false,"path_per_floor":["M","M","?","?","M","E","$","R","T","M","M","M","$","M","R","B",null,"M","M","?","?","?","E","M","R","T","R","?","$","M","?","R","B",null,"M","M","?","T","?","E","?","R","T","E","M","R","M","$","R","B",null],"character_chosen":"THE_SILENT","items_purchased":["Accuracy","Madness","Noxious Fumes","TwistedFunnel","Cloak And Dagger","Caltrops","A Thousand Cuts","Whetstone","OrangePellets"],"campfire_rested":1,"item_purchase_floors":[0,0,7,7,13,29,48,48,48],"current_hp_per_floor":[60,60,49,49,49,30,30,30,30,23,16,7,7,7,28,36,70,64,63,63,54,54,47,43,43,43,43,43,43,44,44,44,32,75,68,61,53,53,53,52,47,47,47,16,25,25,35,35,35,30],"gold":100,"neow_bonus":"","is_daily":false,"chose_seed":false,"campfire_upgraded":7,"win_rate":0.0,"timestamp":1608901035,"path_taken":["M","M","?","?","?","E","$","R","T","M","M","M","?","M","R","BOSS","M","M","?","?","?","E","?","R","T","R","?","$","M","?","R","BOSS","M","M","?","?","?","E","?","R","T","E","M","R","M","?","R","BOSS"],"items_purchased_type":["Card","Card","Card","Relic","Card","Card","Card","Relic","Relic"],"build_version":"2020-12-22","purchased_purges":4,"victory":true,"max_hp_per_floor":[70,70,70,70,70,70,70,70,70,70,70,70,70,70,70,70,70,70,70,70,70,70,70,70,70,70,70,70,70,75,75,75,75,75,75,75,75,75,75,75,75,75,75,75,75,75,75,75,75,75],"card_choices":[{"not_picked":["Distraction","Flying Knee"],"picked":"Accuracy","floor":1},{"not_picked":["All Out Attack","Poisoned Stab"],"picked":"Cloak And Dagger","floor":2},{"not_picked":["Concentrate","Bane"],"picked":"Backflip","floor":5},{"not_picked":["Masterful Stab","Crippling Poison"],"picked":"Prepared","floor":6},{"not_picked":["Escape Plan","Setup"],"picked":"Quick Slash+1","floor":10},{"not_picked":["Backflip","Bullet Time"],"picked":"Backstab+1","floor":11},{"not_picked":["Well Laid Plans","Setup"],"picked":"Cloak And Dagger","floor":12},{"not_picked":["Acrobatics","Sucker Punch+1","Eviscerate+1"],"picked":"SKIP","floor":14},{"not_picked":["Bullet Time","Glass Knife+1"],"picked":"Venomology","floor":16},{"not_picked":["Sucker Punch+1","Acrobatics"],"picked":"Flying Knee+1","floor":18},{"not_picked":["PiercingWail+1","Predator+1"],"picked":"Quick Slash+1","floor":19},{"not_picked":["Deadly Poison","Slice+1"],"picked":"Backflip","floor":23},{"not_picked":["Reflex","Outmaneuver","Acrobatics+1"],"picked":"SKIP","floor":30},{"not_picked":["Phantasmal Killer","Glass Knife+1"],"picked":"Doppelganger","floor":33},{"not_picked":["Prepared+1","Dodge and Roll+1","Sucker Punch+1"],"picked":"SKIP","floor":35},{"not_picked":["Flying Knee+1","Dodge and Roll","Dagger Spray+1"],"picked":"SKIP","floor":36},{"not_picked":["Malaise","Sucker Punch+1"],"picked":"Accuracy+1","floor":40},{"not_picked":["Bane+1","Flying Knee+1"],"picked":"Escape Plan+1","floor":41},{"not_picked":["All Out Attack+1","Dodge and Roll"],"picked":"Terror+1","floor":44},{"not_picked":["Quick Slash+1","Slice+1","Dagger Spray+1"],"picked":"SKIP","floor":45},{"not_picked":["Slice+1","Heel Hook+1"],"picked":"Accuracy","floor":47}],"player_experience":212055,"relics_obtained":[{"floor":6,"key":"Smiling Mask"},{"floor":9,"key":"Molten Egg 2"},{"floor":23,"key":"TungstenRod"},{"floor":26,"key":"Letter Opener"},{"floor":38,"key":"Pantograph"},{"floor":40,"key":"Omamori"},{"floor":41,"key":"Bird Faced Urn"},{"floor":43,"key":"Potion Belt"},{"floor":44,"key":"Peace Pipe"}],"event_choices":[{"damage_healed":0,"gold_gain":75,"player_choice":"Gather Gold","damage_taken":11,"max_hp_gain":0,"max_hp_loss":0,"event_name":"World of Goop","floor":3,"gold_loss":0},{"cards_removed":["Defend_G"],"damage_healed":0,"gold_gain":0,"player_choice":"Offered Basic","damage_taken":0,"max_hp_gain":0,"max_hp_loss":0,"event_name":"Bonfire Elementals","floor":4,"gold_loss":0},{"damage_healed":0,"gold_gain":0,"player_choice":"Read","damage_taken":0,"max_hp_gain":0,"max_hp_loss":0,"event_name":"The Library","floor":20,"gold_loss":0,"cards_obtained":["Noxious Fumes"]},{"damage_healed":0,"gold_gain":0,"player_choice":"Stopped","damage_taken":9,"max_hp_gain":0,"max_hp_loss":0,"event_name":"Cursed Tome","floor":21,"gold_loss":0},{"damage_healed":0,"gold_gain":100,"player_choice":"Pray","damage_taken":0,"max_hp_gain":0,"max_hp_loss":0,"event_name":"Golden Shrine","floor":22,"gold_loss":0},{"damage_healed":0,"gold_gain":0,"player_choice":"Inject Mutagens","damage_taken":0,"relics_obtained":["MutagenicStrength"],"max_hp_gain":0,"max_hp_loss":0,"event_name":"Drug Dealer","floor":28,"gold_loss":0},{"damage_healed":0,"gold_gain":0,"player_choice":"Simplicity","damage_taken":0,"max_hp_gain":0,"max_hp_loss":0,"event_name":"Back to Basics","floor":31,"gold_loss":0,"cards_upgraded":["Strike_G","Defend_G","Defend_G","Defend_G","Defend_G"]},{"damage_healed":0,"gold_gain":0,"player_choice":"Embrace Madness","damage_taken":9,"max_hp_gain":0,"max_hp_loss":0,"event_name":"Winding Halls","floor":37,"gold_loss":0,"cards_obtained":["Madness","Madness"]},{"cards_removed":["Strike_G"],"damage_healed":0,"gold_gain":0,"player_choice":"Removed Attack","damage_taken":0,"max_hp_gain":0,"max_hp_loss":0,"event_name":"Falling","floor":39,"gold_loss":0},{"damage_healed":0,"gold_gain":0,"player_choice":"Fight","damage_taken":0,"max_hp_gain":0,"max_hp_loss":0,"event_name":"MindBloom","floor":41,"gold_loss":0}],"is_beta":false,"boss_relics":[{"not_picked":["Tiny House","Busted Crown"],"picked":"Philosopher\u0027s Stone"},{"not_picked":["Cursed Key","Calling Bell"],"picked":"theSenshi:MoonKaleidoScopeRelic"}],"items_purged_floors":[0,7,13,29],"is_endless":false,"potions_floor_spawned":[1,5,12,14,18,23,30,35,41,44],"ascension_level":0}}