{"host":"7xrfhfoo16q2v8hj","time":1608874745,"event":{"mods":["BaseMod","Colored Map","DeckTracker","Highlight Path","Minty Spire (QoL Compilation)","StSLib","SuperFastMode"],"gold_per_floor":[109,109,109,122,132,161,161,189,189,189,189],"floor_reached":10,"playtime":294,"items_purged":[],"score":80,"play_id":"b9f129a9-7da0-4eaf-8d8f-00728b76ba84","local_time":"20201224233905","is_ascension_mode":true,"campfire_choices":[{"floor":7,"key":"REST"}],"circlet_count":0,"master_deck":["Strike_G","Strike_G","Strike_G","Strike_G","Strike_G","Defend_G","Defend_G","Defend_G","Defend_G","Defend_G","Survivor","Neutralize","Finesse","Acrobatics+1","Backflip","Deadly Poison","Poisoned Stab","Tools of the Trade"],"relics":["Ring of the Snake","Darkstone Periapt","Eternal Feather","Singing Bowl"],"acts_visited":["Exordium"],"potions_floor_usage":[8],"damage_taken":[{"damage":0,"enemies":"2 Louse","floor":1,"turns":3},{"damage":0,"enemies":"Small Slimes","floor":4,"turns":3},{"damage":0,"enemies":"Cultist","floor":5,"turns":4},{"damage":59,"enemies":"Gremlin Nob","floor":6,"turns":6},{"damage":26,"enemies":"Lagavulin","floor":8,"turns":6},{"damage":16,"enemies":"Gremlin Nob","floor":10,"turns":4}],"seed_played":"-2750684679833976470","potions_obtained":[{"floor":1,"key":"LiquidMemories"}],"is_trial":false,"path_per_floor":["M","?","?","M","M","E","R","E","T","E"],"character_chosen":"THE_SILENT","items_purchased":[],"campfire_rested":1,"item_purchase_floors":[],"current_hp_per_floor":[70,70,70,70,70,11,32,6,6,0,0],"gold":189,"neow_bonus":"RANDOM_COLORLESS","is_daily":false,"chose_seed":false,"campfire_upgraded":0,"win_rate":0.0,"timestamp":1608874745,"path_taken":["M","?","?","M","M","E","R","E","T","E"],"items_purchased_type":[],"build_version":"2020-12-22","purchased_purges":0,"victory":false,"max_hp_per_floor":[70,70,70,70,70,70,70,70,70,70,70],"card_choices":[{"not_picked":["Panacea","Deep Breath"],"picked":"Finesse","floor":0},{"not_picked":["Tactician","Sucker Punch"],"picked":"Acrobatics","floor":1},{"not_picked":["Prepared","Deflect"],"picked":"Backflip","floor":4},{"not_picked":["Bane","Sucker Punch"],"picked":"Deadly Poison","floor":5},{"not_picked":["Flying Knee","Well Laid Plans"],"picked":"Poisoned Stab","floor":6},{"not_picked":["Calculated Gamble","PiercingWail"],"picked":"Tools of the Trade","floor":8}],"player_experience":542823,"relics_obtained":[{"floor":6,"key":"Darkstone Periapt"},{"floor":8,"key":"Eternal Feather"},{"floor":9,"key":"Singing Bowl"}],"event_choices":[{"damage_healed":0,"gold_gain":0,"player_choice":"Grow","damage_taken":0,"max_hp_gain":0,"max_hp_loss":0,"event_name":"Living Wall","floor":2,"gold_loss":0,"cards_upgraded":["Acrobatics"]},{"damage_healed":0,"gold_gain":0,"player_choice":"Ignored","damage_taken":0,"max_hp_gain":0,"max_hp_loss":0,"event_name":"Shining Light","floor":3,"gold_loss":0}],"is_beta":false,"boss_relics":[],"items_purged_floors":[],"is_endless":false,"potions_floor_spawned":[1],"killed_by":"Gremlin Nob","ascension_level":1}}