{"host":"tvwbxqry54t86y0v","time":1608866849,"event":{"mods":["2.2 Compatiblity","A Magickal Journey","Astrologer","BaseMod","Beaked The Cultist","BetterRewards","Block Reminder","Clockwork Mod","Colored Powertips","DeckTracker","Downfall","GungeonMod","Hermit","Hubris","Infinite Spire","Ironclad Rager","Marked Mod","Mimic Mod","Minty Spire (QoL Compilation)","Potionbrewer","Replay The Spire","Shade Mod","Somnambulant","StSLib","The Bug Knight","The Cursed","The Druid","The Elementalist","The Exalted","The Forsaken","The Hierophant","The Jungle","The Marked","The Mystic","The Problem Sleuth","The Runesmith","The Senshi","The Spell Scribe","The Valiant","The Wild Card","TheFirefly","TheHeartMod","Unceasing Turn Reminder","thorton"],"gold_per_floor":[116,132,132,152,79,114,114,141,219,219,219,247,247,247,247,346,346,374,374,394,394,407,461,461,495,535,535,535,548,548,573,573,573,573],"floor_reached":33,"playtime":2471,"items_purged":[],"score":335,"play_id":"e8a813d9-1da3-4d9d-bdcc-9efd461ef9b3","local_time":"20201225142729","is_ascension_mode":true,"campfire_choices":[{"data":"theMarked:Electrocute","floor":7,"key":"SMITH"},{"data":"theMarked:ReduceFriction","floor":7,"key":"SMITH"},{"floor":10,"key":"REST"},{"data":"theMarked:Polarize","floor":13,"key":"SMITH"},{"data":"theMarked:Generate","floor":13,"key":"SMITH"},{"floor":15,"key":"REST"},{"floor":24,"key":"REST"},{"floor":27,"key":"REST"},{"floor":30,"key":"REST"},{"floor":32,"key":"REST"}],"circlet_count":0,"master_deck":["theMarked:Strike","theMarked:Strike","theMarked:Strike","theMarked:Strike","theMarked:Strike","theMarked:Defend","theMarked:Defend+1","theMarked:Defend","theMarked:Defend+1","theMarked:SoldierOfQuellstein","theMarked:Electrocute+1","theMarked:TwofoldDefense","theMarked:Generate+1","theMarked:ReduceFriction+1","theMarked:Static","CommonCold","theMarked:Polarize+1","theWildCard:Loki","theMarked:DispelDoubt","theMarked:Polarize","hubris:Disease","theMarked:ChainLightning","theMarked:RepellingDischarge","theMarked:PowerFlow","theMarked:SuspiciousRaven","theMarked:RogueSparks"],"relics":["theMarked:ArtifactOfAir","DemoMod:AgedBell","Replay:Arrowhead","hubris:TenFootPole","Question Card","ReplayTheSpireMod:Ring of Sloth","ReplayTheSpireMod:Ring of Addiction","SacredBark","Potion Belt","Quantum Egg","SlaversCollar","Replay:Multitool","hubris:ScarierMask","Bag of Marbles","infinitespire:Lucky Rock","theMarked:VonisonLock","DemoMod:BlueGuonStone","infinitespire:Bottled Soul"],"acts_visited":["Exordium","TheCity"],"potions_floor_usage":[6,12,16,16,16,18,23,26,26,31,32],"damage_taken":[{"damage":10,"enemies":"infinitespire:Voidling","floor":1,"turns":4},{"damage":0,"enemies":"Small Slimes","floor":2,"turns":3},{"damage":1,"enemies":"Jaw Worm","floor":4,"turns":4},{"damage":24,"enemies":"Gremlin Nob","floor":6,"turns":5},{"damage":15,"enemies":"HollowMod:MossKnight","floor":8,"turns":10},{"damage":13,"enemies":"Lagavulin","floor":12,"turns":4},{"damage":47,"enemies":"Slime Boss","floor":16,"turns":11},{"damage":22,"enemies":"3 Byrds","floor":18,"turns":5},{"damage":4,"enemies":"2 Thieves","floor":20,"turns":2},{"damage":27,"enemies":"Snecko","floor":22,"turns":6},{"damage":9,"enemies":"Slavers","floor":23,"turns":5},{"damage":20,"enemies":"Replay:Snechameleon","floor":25,"turns":5},{"damage":3,"enemies":"Centurion and Healer","floor":26,"turns":2},{"damage":0,"enemies":"Centurion and Healer","floor":29,"turns":2},{"damage":2,"enemies":"Gremlin Leader","floor":31,"turns":4},{"damage":59,"enemies":"Collector","floor":33,"turns":8}],"seed_played":"-4747276876550278663","potions_obtained":[{"floor":4,"key":"potionbrewer:ToxicPotion"},{"floor":8,"key":"AttackPotion"},{"floor":11,"key":"potionbrewer:MidasPotion"},{"floor":11,"key":"ColorlessPotion"},{"floor":11,"key":"BlessingOfTheForge"},{"floor":12,"key":"Regen Potion"},{"floor":16,"key":"potionbrewer:MidasPotion"},{"floor":20,"key":"potionbrewer:BlacksmithPotion"},{"floor":22,"key":"champ:CounterPotion"},{"floor":23,"key":"potionbrewer:AcidPotion"},{"floor":29,"key":"potionbrewer:ToxicPotion"}],"is_trial":false,"path_per_floor":["M","M","?","M","$","E","R","E","T","R","?","E","R","?","R","B",null,"M","AVR","M","?","M","E","R","E","MIM","R","?","M","R","E","R","B"],"character_chosen":"THE_DEFAULT","items_purchased":["theMarked:ReduceFriction"],"campfire_rested":6,"item_purchase_floors":[5],"current_hp_per_floor":[67,67,67,66,66,42,42,27,27,48,48,35,35,35,56,58,68,46,46,42,42,15,6,25,5,2,21,21,21,40,38,57,0,0],"gold":573,"neow_bonus":"RANDOM_EVENT","is_daily":false,"chose_seed":false,"campfire_upgraded":4,"win_rate":0.0,"timestamp":1608866849,"path_taken":["M","?","?","M","$","E","R","E","T","R","?","E","R","?","R","BOSS","M","AVR","M","?","M","E","R","E","MIM","R","?","M","R","E","R","BOSS"],"items_purchased_type":["Card"],"build_version":"2020-12-22","purchased_purges":0,"victory":false,"max_hp_per_floor":[70,70,70,70,70,70,70,70,70,70,70,70,70,70,70,68,68,68,68,68,68,66,66,66,66,66,66,66,66,64,64,64,64,64],"card_choices":[{"not_picked":["theMarked:Seal","theMarked:SwordAndMagic","theMarked:Electrocute"],"picked":"SKIP","floor":1},{"not_picked":["theMarked:ElectricStrings","theMarked:Improvise"],"picked":"theMarked:TwofoldDefense","floor":2},{"not_picked":["theMarked:HeightenedSenses","theMarked:KeepCalmAndFightOn"],"picked":"theMarked:Generate","floor":4},{"not_picked":["theMarked:BanishingWave","theMarked:ResourceFulStrike","theMarked:KeepCalmAndFightOn"],"picked":"SKIP","floor":6},{"not_picked":["theMarked:EmpowerWeapon","theMarked:TakeCover"],"picked":"theMarked:Static","floor":8},{"not_picked":["theMarked:Aftermath","theMarked:TwofoldDefense","theMarked:Electrocute"],"picked":"theMarked:Polarize","floor":12},{"not_picked":["theMarked:UnarmedFury","theMarked:EternalStudent","theMarked:Defy"],"picked":"theMarked:DispelDoubt","floor":16},{"not_picked":["theMarked:Aftermath","theMarked:Improvise","theMarked:ElectricStrings","theMarked:SwordAndMagic"],"picked":"SKIP","floor":18},{"not_picked":["theMarked:WastefulDefense+1","theMarked:WastefulAttack","theMarked:BanishingStrike"],"picked":"theMarked:Polarize","floor":20},{"not_picked":["theMarked:BanishingStrike+1","theMarked:DeterminationOfTheMarked","theMarked:TakeCover"],"picked":"theMarked:ChainLightning","floor":22},{"not_picked":["theMarked:ElectricStrings+1","theMarked:SelfDefenseTraining","theMarked:WardOff"],"picked":"theMarked:RepellingDischarge","floor":23},{"not_picked":["theMarked:SwordAndMagic","theMarked:TwofoldDefense+1","theMarked:RepellingDischarge+1"],"picked":"theMarked:PowerFlow","floor":25},{"not_picked":["theMarked:ParalyzingBlade","theMarked:Parkour+1","theMarked:Electrify"],"picked":"theMarked:SuspiciousRaven","floor":29},{"not_picked":["theMarked:HeritageOfTheMarked+1","theMarked:BanishingStrike","theMarked:Static"],"picked":"theMarked:RogueSparks","floor":31}],"player_experience":1068705,"relics_obtained":[{"floor":3,"key":"DemoMod:AgedBell"},{"floor":6,"key":"Replay:Arrowhead"},{"floor":8,"key":"hubris:TenFootPole"},{"floor":9,"key":"Question Card"},{"floor":11,"key":"ReplayTheSpireMod:Ring of Sloth"},{"floor":11,"key":"ReplayTheSpireMod:Ring of Addiction"},{"floor":11,"key":"SacredBark"},{"floor":11,"key":"Potion Belt"},{"floor":12,"key":"Quantum Egg"},{"floor":23,"key":"infinitespire:Lucky Rock"},{"floor":25,"key":"theMarked:VonisonLock"},{"floor":26,"key":"DemoMod:BlueGuonStone"},{"floor":31,"key":"infinitespire:Bottled Soul"}],"event_choices":[{"damage_healed":0,"gold_gain":0,"player_choice":"Ignored","damage_taken":0,"max_hp_gain":0,"max_hp_loss":0,"event_name":"N\u0027loth","floor":28,"gold_loss":0}],"is_beta":false,"boss_relics":[{"not_picked":["Replay:Drink Me","hubris:BlackHole"],"picked":"SlaversCollar"}],"items_purged_floors":[],"is_endless":false,"potions_floor_spawned":[4,8,12,16,20,22,23,29],"killed_by":"Collector","ascension_level":1}}