{"host":"z9grmtg2w0nmz8n1","time":1608875772,"event":{"mods":["Aspiration","Bard","BaseMod","Beaked The Cultist","Better Altar","Better Match","Better Note","Better Sensory Stone","Better Skull","Better Third Choice","BetterRewards","CCEM","Colored Map","Conspire","Downfall","GifTheSpireLib","Googly Eyes","Halation","Hermit","Highlight Path","Hubris","Hunter ??","Jedi Mod","Jorbs\u0027s Wanderer Trilogy","Mad Scientist","Marisa????????","Minty Spire (QoL Compilation)","Permanent Neow","Replay The Spire","Shade Mod","Shop Mod","Spicy Shops","StSLib","Stuff the Spire","The Bug Knight","The Construct","The Necromancer","The Runesmith","The Witch"],"gold_per_floor":[212,212,228,242,262,295,315,326,350,370,420,449,573,597,609,621,621],"floor_reached":16,"playtime":1004,"items_purged":[],"score":118,"play_id":"dcdbd382-cecc-4b1d-a767-f2753c63a376","local_time":"20201225035612","is_ascension_mode":false,"campfire_choices":[{"floor":15,"key":"REST"}],"circlet_count":0,"master_deck":["MadScienceMod:Strike_MadScience","MadScienceMod:Strike_MadScience","MadScienceMod:Strike_MadScience","MadScienceMod:Defend_MadScience","MadScienceMod:Defend_MadScience","MadScienceMod:Defend_MadScience","MadScienceMod:Defend_MadScience","MadScienceMod:PoweredStrike","MadScienceMod:HideBehindJunk","MadScienceMod:AcidSpray","MadScienceMod:FragmentationGrenade","MadScienceMod:FlameCannon","MadScienceMod:AutoStrike","MadScienceMod:MinatureWeapons","MadScienceMod:JunkLaser","MadScienceMod:FragmentationGrenade","stsjorbsmod:Procrastination","MadScienceMod:AcidSpray"],"relics":["MadScienceMod:FuelTank","StuffTheSpire:TintedRock","Ring of Greed","Tiny Chest","MawBank","halation:LettersToHer"],"acts_visited":["Exordium"],"potions_floor_usage":[6,6,10],"damage_taken":[{"damage":0,"enemies":"2 Louse","floor":1,"turns":4},{"damage":0,"enemies":"Cultist","floor":3,"turns":3},{"damage":4,"enemies":"Small Slimes","floor":4,"turns":4},{"damage":6,"enemies":"3 Louse","floor":5,"turns":4},{"damage":8,"enemies":"Gremlin Nob","floor":6,"turns":4},{"damage":3,"enemies":"Blue Slaver","floor":7,"turns":3},{"damage":9,"enemies":"Red Slaver","floor":8,"turns":4},{"damage":6,"enemies":"Exordium Wildlife","floor":10,"turns":3},{"damage":3,"enemies":"2 Fungi Beasts","floor":12,"turns":3},{"damage":23,"enemies":"3 Sentries","floor":13,"turns":8},{"damage":5,"enemies":"Looter","floor":14,"turns":3},{"damage":22,"enemies":"Hexaghost","floor":16,"turns":9}],"seed_played":"-3520247705981305042","potions_obtained":[{"floor":3,"key":"Block Potion"},{"floor":5,"key":"BlessingOfTheForge"},{"floor":8,"key":"AttackPotion"},{"floor":12,"key":"Languid Potion"},{"floor":13,"key":"Weak Potion"}],"is_trial":false,"path_per_floor":["M","?","M","M","M","E","M","M","T","M","?","M","E","M","R","B"],"character_chosen":"MAD_SCIENTIST","items_purchased":[],"campfire_rested":1,"item_purchase_floors":[],"current_hp_per_floor":[75,75,75,71,65,57,54,45,45,39,39,36,13,8,30,8,8],"gold":621,"neow_bonus":"HUNDRED_GOLD","is_daily":false,"chose_seed":false,"campfire_upgraded":0,"win_rate":0.0,"timestamp":1608875772,"path_taken":["M","?","M","M","M","E","?","?","T","M","?","M","E","M","R","BOSS"],"items_purchased_type":[],"build_version":"2020-12-22","purchased_purges":0,"victory":false,"max_hp_per_floor":[75,75,75,75,75,75,75,75,75,75,75,75,75,75,75,75,75],"card_choices":[{"not_picked":["MadScienceMod:FlammableWall","MadScienceMod:Refuel"],"picked":"MadScienceMod:AcidSpray","floor":1},{"not_picked":["MadScienceMod:FlexibleSpear","MadScienceMod:ExploreOptions"],"picked":"MadScienceMod:FragmentationGrenade","floor":3},{"not_picked":["MadScienceMod:RadioactiveSword","MadScienceMod:CaptureMomentum"],"picked":"MadScienceMod:FlameCannon","floor":4},{"not_picked":["MadScienceMod:ExtractOil","MadScienceMod:Lightbulb"],"picked":"MadScienceMod:AutoStrike","floor":5},{"not_picked":["MadScienceMod:Weaponize","MadScienceMod:SoftenUp","MadScienceMod:Refuel"],"picked":"SKIP","floor":6},{"not_picked":["MadScienceMod:MechanicalClaw","MadScienceMod:ShrinkRay"],"picked":"MadScienceMod:MinatureWeapons","floor":7},{"not_picked":["MadScienceMod:FumeBlast","MadScienceMod:ShrinkRay"],"picked":"MadScienceMod:JunkLaser","floor":8},{"not_picked":["MadScienceMod:Detonate","MadScienceMod:Reconstitute","MadScienceMod:FlameCannon"],"picked":"SKIP","floor":10},{"not_picked":["MadScienceMod:Refuel","MadScienceMod:LightOnFire"],"picked":"MadScienceMod:FragmentationGrenade","floor":12},{"not_picked":["MadScienceMod:Refuel","MadScienceMod:MindControlBeam","MadScienceMod:ShrinkRay"],"picked":"SKIP","floor":13},{"not_picked":["MadScienceMod:CaptureMomentum","MadScienceMod:MechanicalClaw"],"picked":"MadScienceMod:AcidSpray","floor":14}],"player_experience":709865,"relics_obtained":[{"floor":6,"key":"StuffTheSpire:TintedRock"},{"floor":11,"key":"Ring of Greed"},{"floor":11,"key":"Tiny Chest"},{"floor":11,"key":"MawBank"},{"floor":13,"key":"halation:LettersToHer"}],"event_choices":[{"cards_removed":["MadScienceMod:Strike_MadScience"],"damage_healed":0,"gold_gain":0,"player_choice":"Purged","damage_taken":0,"max_hp_gain":0,"max_hp_loss":0,"event_name":"Purifier","floor":2,"gold_loss":0}],"is_beta":false,"boss_relics":[],"items_purged_floors":[],"is_endless":false,"potions_floor_spawned":[3,5,8,12,13],"killed_by":"Hexaghost","ascension_level":0}}