{"host":"3srbdas3e7jgqz5l","time":1608916588,"event":{"mods":["BaseMod","Downfall","Jorbs\u0027s Wanderer Trilogy","Minty Spire (QoL Compilation)","StSLib"],"gold_per_floor":[112,124,29,46,60,60,95,95,95,110,137,137,151,180,180,282,282,294,305,305,325,133,133,151,185,236,268,268,281,281,281],"floor_reached":30,"playtime":2364,"items_purged":["Strike_P"],"score":321,"play_id":"4baf5c0a-4663-476f-bfc7-84654aa4610c","local_time":"20201225171628","is_ascension_mode":true,"campfire_choices":[{"data":"EmptyFist","floor":6.0,"key":"SMITH"},{"data":"LikeWater","floor":8.0,"key":"SMITH"},{"floor":15.0,"key":"REST"},{"floor":23.0,"key":"REST"},{"floor":28.0,"key":"REST"}],"circlet_count":0,"master_deck":["Strike_P","Strike_P","Strike_P","Defend_P","Defend_P","Defend_P","Defend_P","Eruption","Vigilance","SashWhip","SandsOfTime","EmptyFist+1","Wireheading","Prostrate","InnerPeace","LikeWater+1","ThirdEye","WindmillStrike+1","Nirvana","Prostrate","Scrawl","ThirdEye","Pray","Pray","DevaForm","Prostrate","Omniscience","TalkToTheHand","ForeignInfluence+1","EmptyFist+1"],"relics":["Philosopher\u0027s Stone","Matryoshka","Orichalcum","Shuriken","Tiny Chest","SacredBark","Potion Belt","Ancient Tea Set","Strawberry","Pen Nib"],"acts_visited":["Exordium","TheCity"],"potions_floor_usage":[],"damage_taken":[{"damage":0.0,"enemies":"Cultist","floor":1.0,"turns":2.0},{"damage":1.0,"enemies":"Jaw Worm","floor":2.0,"turns":2.0},{"damage":0.0,"enemies":"Small Slimes","floor":4.0,"turns":2.0},{"damage":1.0,"enemies":"Blue Slaver","floor":5.0,"turns":3.0},{"damage":19.0,"enemies":"Gremlin Nob","floor":7.0,"turns":3.0},{"damage":12.0,"enemies":"Lots of Slimes","floor":10.0,"turns":5.0},{"damage":9.0,"enemies":"3 Sentries","floor":11.0,"turns":6.0},{"damage":9.0,"enemies":"Large Slime","floor":13.0,"turns":4.0},{"damage":7.0,"enemies":"Gremlin Nob","floor":14.0,"turns":3.0},{"damage":17.0,"enemies":"Slime Boss","floor":16.0,"turns":8.0},{"damage":6.0,"enemies":"Chosen","floor":18.0,"turns":4.0},{"damage":18.0,"enemies":"2 Thieves","floor":19.0,"turns":4.0},{"damage":12.0,"enemies":"Cultist and Chosen","floor":21.0,"turns":5.0},{"damage":22.0,"enemies":"Snecko","floor":24.0,"turns":5.0},{"damage":8.0,"enemies":"Book of Stabbing","floor":25.0,"turns":5.0},{"damage":28.0,"enemies":"Gremlin Leader","floor":27.0,"turns":11.0},{"damage":13.0,"enemies":"Centurion and Healer","floor":29.0,"turns":12.0},{"damage":43,"enemies":"Slavers","floor":30,"turns":3}],"seed_played":"-4823388592570777197","potions_obtained":[{"floor":1.0,"key":"Ambrosia"},{"floor":7.0,"key":"Ancient Potion"},{"floor":11.0,"key":"SpeedPotion"},{"floor":13.0,"key":"StancePotion"},{"floor":18.0,"key":"PowerPotion"},{"floor":27.0,"key":"Regen Potion"}],"is_trial":false,"path_per_floor":["M","M","$","M","M","R","E","R","T","M","E","?","M","E","R","B",null,"M","M","?","M","$","R","M","E","T","E","R","M","E"],"character_chosen":"WATCHER","items_purchased":["EmptyFist","Wireheading","DevaForm","Prostrate"],"campfire_rested":3,"item_purchase_floors":[3,3,22,22],"current_hp_per_floor":[72,71,71,71,70,70,51,51,51,39,30,30,21,14,35,18,72,66,48,48,36,36,57,35,27,34,6,29,71,28,28],"gold":281,"neow_bonus":"BOSS_RELIC","is_daily":false,"chose_seed":false,"campfire_upgraded":2,"win_rate":0.0,"timestamp":1608916588,"path_taken":["M","M","$","?","M","R","E","R","T","M","E","?","?","E","R","BOSS","M","M","?","M","$","R","M","E","T","E","R","M","E"],"items_purchased_type":["Card","Card","Card","Card"],"build_version":"2020-12-22","purchased_purges":1,"victory":false,"max_hp_per_floor":[72,72,72,72,72,72,72,72,72,72,72,72,72,72,72,72,72,72,72,72,72,72,72,72,72,79,79,79,79,79,79],"card_choices":[{"not_picked":["LikeWater","CrushJoints"],"picked":"SashWhip","floor":1.0},{"not_picked":["Adaptation","SashWhip"],"picked":"SandsOfTime","floor":2.0},{"not_picked":["ClearTheMind","CutThroughFate"],"picked":"Prostrate","floor":4.0},{"not_picked":["DeceiveReality","Crescendo"],"picked":"InnerPeace","floor":5.0},{"not_picked":["Conclude","EmptyBody"],"picked":"LikeWater","floor":7.0},{"not_picked":["SignatureMove","Ragnarok"],"picked":"ThirdEye","floor":10.0},{"not_picked":["Study","CutThroughFate"],"picked":"WindmillStrike","floor":11.0},{"not_picked":["Conclude","EmptyBody"],"picked":"Nirvana","floor":13.0},{"not_picked":["CrushJoints","FlurryOfBlows"],"picked":"Prostrate","floor":14.0},{"not_picked":["Omniscience","Blasphemy"],"picked":"Scrawl","floor":16.0},{"not_picked":["BowlingBash","Evaluate"],"picked":"ThirdEye","floor":18.0},{"not_picked":["FlyingSleeves+1","Protect"],"picked":"Pray","floor":19.0},{"not_picked":["ThirdEye","Indignation+1"],"picked":"Pray","floor":21.0},{"not_picked":["FlyingSleeves","BowlingBash"],"picked":"Omniscience","floor":24.0},{"not_picked":["FlyingSleeves","Prostrate"],"picked":"TalkToTheHand","floor":25.0},{"not_picked":["Nirvana","EmptyFist"],"picked":"ForeignInfluence+1","floor":27.0},{"not_picked":["Perseverance","Crescendo+1"],"picked":"EmptyFist+1","floor":29.0}],"player_experience":511437,"relics_obtained":[{"floor":7.0,"key":"Matryoshka"},{"floor":9.0,"key":"Orichalcum"},{"floor":11.0,"key":"Shuriken"},{"floor":14.0,"key":"Tiny Chest"},{"floor":25.0,"key":"Potion Belt"},{"floor":26.0,"key":"Ancient Tea Set"},{"floor":26.0,"key":"Strawberry"},{"floor":27.0,"key":"Pen Nib"}],"event_choices":[{"damage_healed":0.0,"max_hp_gain":0.0,"max_hp_loss":0.0,"gold_gain":0.0,"event_name":"Upgrade Shrine","player_choice":"Upgraded","floor":12.0,"gold_loss":0.0,"damage_taken":0.0,"cards_upgraded":["WindmillStrike"]}],"is_beta":false,"boss_relics":[{"not_picked":["Runic Dome","Calling Bell"],"picked":"SacredBark"}],"items_purged_floors":[22],"is_endless":false,"potions_floor_spawned":[1,7,11,13,18,19,27],"killed_by":"Slavers","ascension_level":2}}