{"host":"9tzam4717zt8ei1o","time":1608888855,"event":{"mods":["BaseMod","Colored Map","Keyboard Shortcuts","Minty Spire (QoL Compilation)","Quick Restart","StSLib","SuperFastMode"],"gold_per_floor":[215,215,9,22,39,39,64,84,84,98,21,41,57,57,57,130,130,149,419,419,419],"floor_reached":20,"playtime":451,"items_purged":["Strike_R"],"score":352,"play_id":"d42e7c7d-6d33-4bf5-88be-b9c0a2ef52bb","local_time":"20201225183415","is_ascension_mode":true,"campfire_choices":[{"data":"Hemokinesis","floor":6.0,"key":"SMITH"},{"data":"Sever Soul","floor":15.0,"key":"SMITH"}],"circlet_count":0,"master_deck":["AscendersBane","Strike_R","Strike_R","Strike_R","Strike_R","Defend_R","Defend_R","Defend_R","Defend_R","Bash","Pommel Strike+1","Fire Breathing","Shrug It Off","Hemokinesis+1","Feel No Pain","Inflame+1","Feel No Pain+1","Sever Soul+1","Seeing Red","Feed"],"relics":["Burning Blood","Happy Flower","Frozen Egg 2","Velvet Choker"],"acts_visited":["Exordium","TheCity"],"potions_floor_usage":[16,16],"damage_taken":[{"damage":6.0,"enemies":"2 Louse","floor":1.0,"turns":3.0},{"damage":1.0,"enemies":"Cultist","floor":4.0,"turns":3.0},{"damage":15.0,"enemies":"Jaw Worm","floor":5.0,"turns":5.0},{"damage":17.0,"enemies":"3 Sentries","floor":7.0,"turns":5.0},{"damage":16.0,"enemies":"Large Slime","floor":8.0,"turns":4.0},{"damage":20.0,"enemies":"Lots of Slimes","floor":10.0,"turns":3.0},{"damage":3.0,"enemies":"3 Louse","floor":12.0,"turns":4.0},{"damage":15.0,"enemies":"2 Fungi Beasts","floor":13.0,"turns":4.0},{"damage":31,"enemies":"Hexaghost","floor":16,"turns":9},{"damage":7,"enemies":"Chosen","floor":18,"turns":7},{"damage":32,"enemies":"3 Byrds","floor":20,"turns":2}],"seed_played":"2861948361035787666","potions_obtained":[{"floor":1.0,"key":"BlessingOfTheForge"},{"floor":8.0,"key":"AttackPotion"},{"floor":12.0,"key":"Regen Potion"},{"floor":13.0,"key":"Block Potion"}],"is_trial":false,"path_per_floor":["M","?","$","M","M","R","E","M","T","M","$","M","M","?","R","B",null,"M","?","M"],"character_chosen":"IRONCLAD","items_purchased":["Fire Breathing","Shrug It Off","Feel No Pain+1"],"campfire_rested":0,"item_purchase_floors":[3,3,11],"current_hp_per_floor":[68,68,68,73,64,64,53,43,43,29,29,32,23,23,23,13,60,59,32,0,0],"gold":419,"neow_bonus":"HUNDRED_GOLD","is_daily":false,"chose_seed":false,"campfire_upgraded":2,"win_rate":0.0,"timestamp":1608888855,"path_taken":["M","?","$","M","M","R","E","M","T","M","$","?","M","?","R","BOSS","M","?","?"],"items_purchased_type":["Card","Card","Card"],"build_version":"2020-12-22","purchased_purges":1,"victory":false,"max_hp_per_floor":[75,75,75,75,75,75,75,75,75,75,75,75,75,75,75,75,75,75,75,75,75],"card_choices":[{"not_picked":["Flame Barrier","Warcry"],"picked":"Pommel Strike","floor":1.0},{"not_picked":["Armaments","Headbutt"],"picked":"Hemokinesis","floor":4.0},{"not_picked":["Thunderclap","Bloodletting"],"picked":"Feel No Pain","floor":5.0},{"not_picked":["Brutality","Whirlwind","Flex"],"picked":"SKIP","floor":7.0},{"not_picked":["Flex","Perfected Strike","Metallicize"],"picked":"SKIP","floor":8.0},{"not_picked":["Armaments","Cleave"],"picked":"Inflame+1","floor":10.0},{"not_picked":["True Grit","Thunderclap"],"picked":"Sever Soul","floor":12.0},{"not_picked":["True Grit","Flex"],"picked":"Seeing Red","floor":13.0},{"not_picked":["Reaper","Bludgeon"],"picked":"Feed","floor":16},{"not_picked":["Headbutt","Clothesline","Pommel Strike"],"picked":"SKIP","floor":18}],"player_experience":115842,"relics_obtained":[{"floor":7.0,"key":"Happy Flower"},{"floor":9.0,"key":"Frozen Egg 2"}],"event_choices":[{"damage_healed":0.0,"max_hp_gain":0.0,"max_hp_loss":0.0,"gold_gain":0.0,"event_name":"Accursed Blacksmith","player_choice":"Forge","floor":2.0,"gold_loss":0.0,"damage_taken":0.0,"cards_upgraded":["Pommel Strike"]},{"damage_healed":0.0,"max_hp_gain":0.0,"max_hp_loss":0.0,"gold_gain":0.0,"event_name":"Shining Light","player_choice":"Ignored","floor":14.0,"gold_loss":0.0,"damage_taken":0.0},{"damage_healed":0,"gold_gain":270,"player_choice":"GOLD GOLD GOLD ","damage_taken":27,"max_hp_gain":0,"max_hp_loss":0,"event_name":"Knowing Skull","floor":19,"potions_obtained":[],"gold_loss":0,"cards_obtained":[]}],"is_beta":false,"boss_relics":[{"not_picked":["Empty Cage","Philosopher\u0027s Stone"],"picked":"Velvet Choker"}],"items_purged_floors":[3],"is_endless":false,"potions_floor_spawned":[1,8,12,13],"killed_by":"3 Byrds","ascension_level":20}}