{"host":"5jn3rki867005t18","time":1608907476,"event":{"mods":["AchievementEnabler","BaseMod","Colored Map","DeckTracker","Highlight Path","Minty Spire (QoL Compilation)","Permanent Neow","Quick Restart","StSLib","SuperFastMode"],"gold_per_floor":[112,112,122,137,147,175,195,195,220,220,233,233,243,256,256,356,356,340,357,357,373,391,391,410,420,420,420,420,420],"floor_reached":28,"playtime":1486,"items_purged":[],"score":253,"play_id":"2f4fe0d8-5d4b-4766-bdc2-ec00510aed6d","local_time":"20201225234436","is_ascension_mode":false,"campfire_choices":[{"data":"Turbo","floor":8,"key":"SMITH"},{"data":"Lockon","floor":10,"key":"SMITH"},{"data":"Leap","floor":15,"key":"SMITH"},{"floor":23,"key":"REST"},{"floor":27,"key":"REST"}],"circlet_count":0,"master_deck":["Strike_B","Strike_B","Strike_B","Strike_B","Defend_B","Defend_B","Defend_B","Defend_B","Zap","Dualcast","Coolheaded","Go for the Eyes","Leap+1","Blizzard","Lockon+1","Turbo+1","Ball Lightning","Static Discharge","Sweeping Beam","Machine Learning","Aggregate"],"relics":["Cracked Core","Darkstone Periapt","Juzu Bracelet","Busted Crown","Frozen Egg 2"],"acts_visited":["Exordium","TheCity"],"potions_floor_usage":[5,6,6,16,16,18,19,21,24,25,28],"damage_taken":[{"damage":11,"enemies":"Jaw Worm","floor":1,"turns":5},{"damage":0,"enemies":"Cultist","floor":3,"turns":4},{"damage":0,"enemies":"2 Louse","floor":4,"turns":3},{"damage":3,"enemies":"Looter","floor":5,"turns":3},{"damage":14,"enemies":"Gremlin Nob","floor":6,"turns":4},{"damage":0,"enemies":"Blue Slaver","floor":7,"turns":4},{"damage":14,"enemies":"3 Louse","floor":11,"turns":3},{"damage":5,"enemies":"2 Fungi Beasts","floor":13,"turns":3},{"damage":12,"enemies":"Blue Slaver","floor":14,"turns":3},{"damage":5,"enemies":"Hexaghost","floor":16,"turns":9},{"damage":16,"enemies":"2 Thieves","floor":18,"turns":4},{"damage":12,"enemies":"Spheric Guardian","floor":19,"turns":4},{"damage":11,"enemies":"Shelled Parasite and Fungi","floor":21,"turns":6},{"damage":17,"enemies":"Centurion and Healer","floor":22,"turns":8},{"damage":17,"enemies":"Chosen and Byrds","floor":24,"turns":6},{"damage":21,"enemies":"Cultist and Chosen","floor":25,"turns":6},{"damage":15,"enemies":"Colosseum Slavers","floor":28,"turns":5},{"damage":31,"enemies":"Colosseum Nobs","floor":28,"turns":3}],"seed_played":"4911807335972627490","potions_obtained":[{"floor":2,"key":"GamblersBrew"},{"floor":2,"key":"SteroidPotion"},{"floor":2,"key":"FocusPotion"},{"floor":3,"key":"FocusPotion"},{"floor":4,"key":"FocusPotion"},{"floor":7,"key":"Dexterity Potion"},{"floor":13,"key":"SpeedPotion"},{"floor":14,"key":"PowerPotion"},{"floor":16,"key":"SkillPotion"},{"floor":18,"key":"Ancient Potion"},{"floor":19,"key":"AttackPotion"},{"floor":22,"key":"SteroidPotion"},{"floor":24,"key":"Ancient Potion"}],"is_trial":false,"path_per_floor":["M","?","M","M","M","E","M","R","T","R","M","?","M","M","R","B",null,"M","M","?","M","M","R","M","M","T","R","?"],"character_chosen":"DEFECT","items_purchased":[],"campfire_rested":2,"item_purchase_floors":[],"current_hp_per_floor":[71,71,71,71,68,54,54,54,54,54,40,45,40,28,28,23,87,71,59,42,31,14,41,24,3,3,30,0,0],"gold":420,"neow_bonus":"TEN_PERCENT_HP_BONUS","is_daily":false,"chose_seed":false,"campfire_upgraded":3,"win_rate":0.0,"timestamp":1608907476,"path_taken":["M","?","M","M","M","E","M","R","T","R","M","?","M","M","R","BOSS","M","M","?","M","M","R","M","M","T","R","?"],"items_purchased_type":[],"build_version":"2020-12-22","purchased_purges":0,"victory":false,"max_hp_per_floor":[82,82,82,82,82,82,82,82,82,82,82,87,87,87,87,87,87,87,87,92,92,92,92,92,92,92,92,92,92],"card_choices":[{"not_picked":["Ball Lightning","Hello World"],"picked":"Coolheaded","floor":1},{"not_picked":["Redo","Lockon"],"picked":"Go for the Eyes","floor":3},{"not_picked":["Steam Power","Go for the Eyes"],"picked":"Leap","floor":4},{"not_picked":["Leap","Reprogram"],"picked":"Blizzard","floor":5},{"not_picked":["Creative AI","Consume"],"picked":"Lockon","floor":6},{"not_picked":["Consume","Lockon"],"picked":"Turbo","floor":7},{"not_picked":["Undo","Go for the Eyes"],"picked":"Ball Lightning","floor":11},{"not_picked":["Tempest","Leap"],"picked":"Static Discharge","floor":13},{"not_picked":["Rebound","Leap"],"picked":"Sweeping Beam","floor":14},{"not_picked":["Core Surge","Biased Cognition"],"picked":"Machine Learning","floor":16},{"not_picked":["Force Field"],"picked":"SKIP","floor":18},{"not_picked":["Hologram"],"picked":"SKIP","floor":19},{"not_picked":["Redo"],"picked":"SKIP","floor":21},{"not_picked":["Scrape"],"picked":"SKIP","floor":22},{"not_picked":["Redo"],"picked":"SKIP","floor":24},{"not_picked":[],"picked":"Aggregate","floor":25}],"player_experience":135409,"relics_obtained":[{"floor":6,"key":"Darkstone Periapt"},{"floor":9,"key":"Juzu Bracelet"},{"floor":26,"key":"Frozen Egg 2"}],"event_choices":[{"damage_healed":0,"gold_gain":0,"player_choice":"Got Potions","damage_taken":0,"max_hp_gain":0,"max_hp_loss":0,"event_name":"Lab","floor":2,"gold_loss":0},{"damage_healed":0,"gold_gain":0,"player_choice":"Donut","damage_taken":0,"max_hp_gain":5,"max_hp_loss":0,"event_name":"Big Fish","floor":12,"gold_loss":0},{"damage_healed":0,"gold_gain":0,"player_choice":"Shed Blood","damage_taken":22,"max_hp_gain":5,"max_hp_loss":0,"event_name":"Forgotten Altar","floor":20,"gold_loss":0},{"damage_healed":0,"gold_gain":0,"player_choice":"Fight","damage_taken":0,"max_hp_gain":0,"max_hp_loss":0,"event_name":"Colosseum","floor":28,"gold_loss":0},{"damage_healed":0,"gold_gain":0,"player_choice":"Fought Nobs","damage_taken":0,"max_hp_gain":0,"max_hp_loss":0,"event_name":"Colosseum","floor":28,"gold_loss":0}],"is_beta":false,"boss_relics":[{"not_picked":["Calling Bell","Coffee Dripper"],"picked":"Busted Crown"}],"items_purged_floors":[],"is_endless":false,"potions_floor_spawned":[3,4,7,13,14,16,18,19,22,24],"killed_by":"Colosseum Nobs","ascension_level":0}}