{"host":"jjunaul04msmo6r1","time":1608930934,"event":{"mods":["BaseMod","Better Third Choice","Booster Modes","Colored Map","Downfall","Minty Spire (QoL Compilation)","Relic Stats","StSLib","UnlockEverythingMod","everything is the same but u backflip on backflip"],"gold_per_floor":[99,109,120,120,120,120,143,153,166,195,209,119,149,165,184,282,282,132,152,170,186,202,228,228,228,240,240,240,275,344,372,383,486,486,411,425,340,359,375,395,442,475,493,528,211,226,253,266,278,278,278,306,93,93,93],"floor_reached":56,"playtime":6760,"items_purged":["Guardian:Strike_Guardian","Guardian:Strike_Guardian","Guardian:Defend_Guardian"],"score":1710,"play_id":"983a5b4f-7be1-4d27-b53e-2772880c1c74","local_time":"20201225141534","is_ascension_mode":true,"campfire_choices":[{"floor":1,"key":"RECALL"},{"data":"Guardian:BaubleBeam","floor":6,"key":"SMITH"},{"data":"Guardian:CurlUp","floor":18,"key":"SMITH"},{"data":"Guardian:RevengeProtocol","floor":35,"key":"SMITH"},{"data":"Guardian:Suspension","floor":54,"key":"SMITH"}],"circlet_count":0,"master_deck":["Guardian:Strike_Guardian+1","Guardian:CurlUp+1","Guardian:TwinSlam+1","Guardian:BaubleBeam+1","Guardian:Planning","Guardian:FloatingOrbs","Guardian:ShieldCharger","Guardian:SentryBeam+1","Guardian:Incinerate+1","Guardian:PrismaticBeam+1","Guardian:Clone","Guardian:RevengeProtocol+1","Guardian:Suspension+1","Panache","Guardian:Gem_White","Guardian:TimeCapacitor","Guardian:BaubleBeam+1","Flash of Steel"],"relics":["Guardian:ModeShifter","Happy Flower","Meat on the Bone","Vajra","Coffee Dripper","downfall:HeartBlessingRed","downfall:HeartBlessingGreen","Bag of Marbles","Mercury Hourglass","Gambling Chip","InkBottle","Ancient Tea Set","Empty Cage","downfall:HeartBlessingBlue","Bag of Preparation","Lantern","Whetstone","Bottled Flame","DollysMirror","Ginger","Akabeko"],"acts_visited":["Exordium","TheCity","TheBeyond","TheEnding"],"potions_floor_usage":[13,13],"damage_taken":[{"damage":6,"enemies":"Jaw Worm","floor":2,"turns":5},{"damage":0,"enemies":"Small Slimes","floor":3,"turns":3},{"damage":0,"enemies":"Cultist","floor":8,"turns":4},{"damage":17,"enemies":"Gremlin Gang","floor":9,"turns":6},{"damage":23,"enemies":"Lagavulin","floor":10,"turns":9},{"damage":2,"enemies":"Blue Slaver","floor":11,"turns":4},{"damage":5,"enemies":"downfall:FleeingMerchant","floor":12,"turns":4},{"damage":16,"enemies":"Gremlin Nob","floor":13,"turns":4},{"damage":11,"enemies":"2 Fungi Beasts","floor":14,"turns":5},{"damage":7,"enemies":"Blue Slaver","floor":15,"turns":4},{"damage":33,"enemies":"downfall:Defect","floor":16,"turns":12},{"damage":0,"enemies":"Chosen","floor":19,"turns":4},{"damage":0,"enemies":"Shelled Parasite and Fungi","floor":20,"turns":4},{"damage":7,"enemies":"Snake Plant","floor":21,"turns":5},{"damage":0,"enemies":"Snecko","floor":22,"turns":4},{"damage":0,"enemies":"Book of Stabbing","floor":23,"turns":4},{"damage":6,"enemies":"Centurion and Healer","floor":26,"turns":4},{"damage":0,"enemies":"Gremlin Leader","floor":29,"turns":3},{"damage":0,"enemies":"Slavers","floor":31,"turns":4},{"damage":0,"enemies":"Sentry and Sphere","floor":32,"turns":3},{"damage":0,"enemies":"downfall:Silent","floor":33,"turns":5},{"damage":0,"enemies":"3 Darklings","floor":36,"turns":2},{"damage":0,"enemies":"downfall:FleeingMerchant","floor":37,"turns":3},{"damage":0,"enemies":"Orb Walker","floor":38,"turns":2},{"damage":0,"enemies":"Sphere and 2 Shapes","floor":39,"turns":2},{"damage":0,"enemies":"Jaw Worm Horde","floor":40,"turns":3},{"damage":4,"enemies":"Nemesis","floor":42,"turns":3},{"damage":0,"enemies":"Maw","floor":43,"turns":3},{"damage":0,"enemies":"Giant Head","floor":44,"turns":2},{"damage":0,"enemies":"3 Darklings","floor":46,"turns":2},{"damage":0,"enemies":"Nemesis","floor":47,"turns":3},{"damage":0,"enemies":"Jaw Worm Horde","floor":48,"turns":2},{"damage":0,"enemies":"Spire Growth","floor":49,"turns":2},{"damage":0,"enemies":"downfall:Ironclad","floor":50,"turns":3},{"damage":0,"enemies":"downfall:CharBossMerchant","floor":52,"turns":3},{"damage":0,"enemies":"downfall:NeowBoss","floor":55,"turns":9}],"seed_played":"1660078566302252583","potions_obtained":[{"floor":8,"key":"Fire Potion"},{"floor":10,"key":"champ:CounterPotion"},{"floor":11,"key":"PowerPotion"},{"floor":16,"key":"Fire Potion"},{"floor":19,"key":"DuplicationPotion"}],"is_trial":false,"path_per_floor":["R","M","M","?","?","R","T","M","M","E","M","$","E","M","M","B",null,"R","M","M","M","M","E","T","?","M","?","?","E","T","E","M","B",null,"R","M","$","M","M","M","T","E","M","E","$","M","E","M","M","B",null,"E","$","R","B",null],"character_chosen":"GUARDIAN","items_purchased":["Guardian:FloatingOrbs","Panache","Bag of Preparation","Guardian:TimeCapacitor","DollysMirror","Flash of Steel"],"campfire_rested":0,"item_purchase_floors":[12,37,37,45,45,53],"current_hp_per_floor":[72,66,66,71,71,71,71,71,54,31,41,48,44,45,50,29,77,77,77,77,70,70,70,70,70,64,64,64,64,64,64,64,64,77,87,87,87,87,87,87,87,83,83,83,83,83,83,83,83,83,87,87,87,87,87],"gold":93,"neow_bonus":"THREE_RARE_CARDS","is_daily":false,"chose_seed":false,"campfire_upgraded":4,"win_rate":0.0,"timestamp":1608930934,"path_taken":["R","M","M","?","?","R","T","M","M","E","M","$","E","M","M","BOSS","R","M","M","?","M","E","T","?","?","?","?","E","?","E","M","BOSS","R","M","$","M","M","M","T","E","M","E","$","M","E","M","M","BOSS","E","$","R","BOSS"],"items_purchased_type":["Card","Card","Relic","Card","Relic","Card"],"build_version":"2020-12-22","purchased_purges":3,"victory":true,"max_hp_per_floor":[72,72,72,77,77,77,77,77,77,77,77,77,77,77,77,77,77,77,77,77,77,77,77,77,77,77,77,77,77,77,77,77,77,77,87,87,87,87,87,87,87,87,87,87,87,87,87,87,87,87,87,87,87,87,87],"relic_stats":{"Happy Flower":[45],"counters":[36,144],"Gambling Chip":[38],"Bag of Preparation":[26],"Whetstone":["Guardian:Strike_Guardian","Guardian:TwinSlam"],"Ginger":[4],"obtain_stats":[{"Lantern":41,"Happy Flower":7,"downfall:HeartBlessingRed":18,"Guardian:ModeShifter":0,"Vajra":13,"downfall:HeartBlessingGreen":18,"Bag of Preparation":37,"Whetstone":42,"Ginger":47,"Ancient Tea Set":31,"Empty Cage":34,"Akabeko":52,"Mercury Hourglass":24,"Bottled Flame":44,"downfall:HeartBlessingBlue":35,"DollysMirror":45,"Gambling Chip":27,"Coffee Dripper":17,"Bag of Marbles":23,"InkBottle":29,"Meat on the Bone":10},{"Lantern":26,"Happy Flower":2,"downfall:HeartBlessingRed":11,"Guardian:ModeShifter":0,"Vajra":8,"downfall:HeartBlessingGreen":11,"Bag of Preparation":23,"Whetstone":27,"Ginger":31,"Ancient Tea Set":19,"Empty Cage":21,"Akabeko":35,"Mercury Hourglass":16,"Bottled Flame":29,"downfall:HeartBlessingBlue":21,"DollysMirror":29,"Gambling Chip":17,"Coffee Dripper":11,"Bag of Marbles":16,"InkBottle":18,"Meat on the Bone":5},{"Lantern":112,"Happy Flower":8,"downfall:HeartBlessingRed":60,"Guardian:ModeShifter":0,"Vajra":39,"downfall:HeartBlessingGreen":60,"Bag of Preparation":105,"Whetstone":115,"Ginger":125,"Ancient Tea Set":92,"Empty Cage":100,"Akabeko":135,"Mercury Hourglass":81,"Bottled Flame":120,"downfall:HeartBlessingBlue":100,"DollysMirror":120,"Gambling Chip":85,"Coffee Dripper":60,"Bag of Marbles":81,"InkBottle":88,"Meat on the Bone":27}],"InkBottle":[55],"Meat on the Bone":72,"Mercury Hourglass":[196]},"card_choices":[{"not_picked":["Guardian:HyperBeam_Guardian","Guardian:ExploitGems"],"picked":"Guardian:BaubleBeam","floor":0},{"not_picked":["Guardian:RollAttack","Guardian:TemporalShield","Guardian:TemporalStrike"],"picked":"SKIP","floor":2},{"not_picked":["Guardian:ChargeCore","Guardian:EvasiveProtocol"],"picked":"Guardian:Gem_Cyan","floor":3},{"not_picked":["Guardian:SpikerProtocol","Guardian:ArmoredProtocol"],"picked":"Guardian:Gem_Yellow","floor":8},{"not_picked":["Guardian:CrystalBeam","Guardian:TemporalStrike","Guardian:Emergency"],"picked":"SKIP","floor":9},{"not_picked":["Guardian:Emergency","Guardian:ConstructionForm","Guardian:GuardianWhirl"],"picked":"SKIP","floor":10},{"not_picked":["Guardian:Incinerate","Guardian:Gem_Lightblue"],"picked":"Guardian:Planning","floor":11},{"not_picked":["Guardian:Clone","Guardian:Planning"],"picked":"Guardian:Gem_Blue","floor":12},{"not_picked":["Guardian:CrystalBeam","Guardian:GatlingBeam"],"picked":"Guardian:Gem_White","floor":13},{"not_picked":["Guardian:DecasProtection","Guardian:PiercingHide"],"picked":"Guardian:ShieldCharger","floor":14},{"not_picked":["Guardian:PiercingHide","Guardian:GuardianWhirl"],"picked":"Guardian:Gem_Purple","floor":15},{"not_picked":["Guardian:GatlingBeam","Guardian:FierceBash"],"picked":"Guardian:Gem_Synthetic","floor":16},{"not_picked":["Guardian:WalkerClaw","Guardian:TemporalShield"],"picked":"Guardian:Gem_White","floor":19},{"not_picked":["Guardian:Gem_Yellow","Guardian:Incinerate"],"picked":"Guardian:Gem_Green","floor":20},{"not_picked":["Guardian:WalkerClaw","Guardian:ShieldCharger","Guardian:VentSteam"],"picked":"SKIP","floor":21},{"not_picked":["Guardian:Recover+1","Guardian:TimeBomb"],"picked":"Guardian:SentryBeam+1","floor":22},{"not_picked":["Guardian:ArmoredProtocol","Guardian:PiercingHide+1"],"picked":"Guardian:Gem_Crimson","floor":23},{"not_picked":["Guardian:Orbwalk+1","Guardian:Planning"],"picked":"Guardian:Gem_Blue","floor":26},{"not_picked":["Guardian:FloatingOrbs","Guardian:WalkerClaw"],"picked":"Guardian:Incinerate+1","floor":29},{"not_picked":["Guardian:PrimingBeam","Guardian:Planning"],"picked":"Guardian:PrismaticBeam+1","floor":31},{"not_picked":["Guardian:Gem_Lightblue","Guardian:FuturePlans"],"picked":"Guardian:Clone","floor":32},{"not_picked":["Guardian:StasisEngine","Guardian:StasisField"],"picked":"Guardian:RevengeProtocol","floor":33},{"not_picked":["Guardian:WalkerClaw+1","Guardian:VentSteam+1","Guardian:Gem_Red"],"picked":"SKIP","floor":36},{"not_picked":["Guardian:Gem_Cyan","Guardian:Gem_Red"],"picked":"Guardian:Suspension","floor":37},{"not_picked":["Guardian:Gem_Yellow","Guardian:Recover+1","Guardian:ChargeCore"],"picked":"SKIP","floor":38},{"not_picked":["Guardian:ShieldCharger","Guardian:Gem_Cyan","Guardian:TimeBomb+1"],"picked":"SKIP","floor":39},{"not_picked":["Guardian:SentryBeam","Guardian:FuturePlans","Guardian:PrismaticBarrier"],"picked":"SKIP","floor":40},{"not_picked":["Guardian:Suspension","Guardian:Gem_Green"],"picked":"Guardian:Gem_Orange","floor":42},{"not_picked":["Guardian:EvasiveProtocol","Guardian:Gem_Cyan","Guardian:Incinerate+1"],"picked":"SKIP","floor":43},{"not_picked":["Guardian:TemporalShield+1","Guardian:Suspension+1"],"picked":"Guardian:Gem_White","floor":44},{"not_picked":["Guardian:Gem_Lightblue","Guardian:Orbwalk+1","Guardian:Recover+1"],"picked":"SKIP","floor":46},{"not_picked":["Guardian:Reroute+1","Guardian:Gem_Cyan","Guardian:PrismaticBarrier+1"],"picked":"SKIP","floor":47},{"not_picked":["Guardian:Gem_Cyan","Guardian:Planning","Guardian:Gem_Green"],"picked":"SKIP","floor":48},{"not_picked":["Guardian:Suspension","Guardian:DecasProtection+1","Guardian:Reroute"],"picked":"SKIP","floor":49},{"not_picked":["Guardian:Recover","Guardian:DonusPower+1","Guardian:TemporalShield"],"picked":"SKIP","floor":52}],"player_experience":439384,"relics_obtained":[{"floor":7,"key":"Happy Flower"},{"floor":10,"key":"Meat on the Bone"},{"floor":13,"key":"Vajra"},{"floor":23,"key":"Bag of Marbles"},{"floor":24,"key":"Mercury Hourglass"},{"floor":29,"key":"InkBottle"},{"floor":31,"key":"Ancient Tea Set"},{"floor":41,"key":"Lantern"},{"floor":42,"key":"Whetstone"},{"floor":44,"key":"Bottled Flame"},{"floor":47,"key":"Ginger"},{"floor":52,"key":"Akabeko"}],"event_choices":[{"damage_healed":0,"gold_gain":0,"player_choice":"Donut","damage_taken":0,"max_hp_gain":5,"max_hp_loss":0,"event_name":"Big Fish","floor":4,"gold_loss":0},{"cards_removed":["Guardian:Defend_Guardian"],"damage_healed":0,"gold_gain":0,"player_choice":"Offered Basic","damage_taken":0,"max_hp_gain":0,"max_hp_loss":0,"event_name":"Bonfire Elementals","floor":25,"gold_loss":0}],"is_beta":false,"boss_relics":[{"not_picked":["SlaversCollar","Snecko Eye"],"picked":"Coffee Dripper"},{"not_picked":["Tiny House","Busted Crown"],"picked":"Empty Cage"}],"items_purged_floors":[37,45,53],"is_endless":false,"potions_floor_spawned":[8,10,11,16,19,21,23,26,38,40,44,46,48,49,52],"ascension_level":1}}