{"host":"daa8jqyg4gqfaysm","time":1608921015,"event":{"mods":["BaseMod","Colored Powertips","Minty Spire (QoL Compilation)","StSLib"],"gold_per_floor":[110,124,49,49,61,61,80,80,80,106,106,125,150,150,150,227,227,243,261,261,279,114,114,114,114],"floor_reached":24,"playtime":559,"items_purged":["Strike_B"],"score":412,"play_id":"0096a5c4-03d7-411e-9f58-6fc909f394b5","local_time":"20201226023015","is_ascension_mode":true,"campfire_choices":[{"data":"Defragment","floor":6,"key":"SMITH"},{"data":"Reinforced Body","floor":8,"key":"SMITH"},{"data":"Zap","floor":11,"key":"SMITH"},{"floor":15,"key":"REST"},{"floor":23,"key":"REST"}],"circlet_count":0,"master_deck":["AscendersBane","Strike_B","Strike_B","Defend_B","Defend_B","Defend_B","Defend_B","Zap+1","Dualcast","Reinforced Body+1","Defragment+1","FTL","Auto Shields","Conserve Battery","Hyperbeam","Sweeping Beam","Defragment","Capacitor"],"relics":["Cracked Core","Regal Pillow","Letter Opener","Torii","Orichalcum","Pantograph","Fusion Hammer"],"acts_visited":["Exordium","TheCity"],"potions_floor_usage":[2,10,10,16],"damage_taken":[{"damage":2,"enemies":"Jaw Worm","floor":1,"turns":4},{"damage":4,"enemies":"Small Slimes","floor":2,"turns":4},{"damage":0,"enemies":"Cultist","floor":5,"turns":4},{"damage":2,"enemies":"Looter","floor":7,"turns":3},{"damage":19,"enemies":"Gremlin Nob","floor":10,"turns":4},{"damage":0,"enemies":"2 Fungi Beasts","floor":12,"turns":3},{"damage":10,"enemies":"Lagavulin","floor":13,"turns":6},{"damage":29,"enemies":"Slime Boss","floor":16,"turns":10},{"damage":10,"enemies":"2 Thieves","floor":18,"turns":4},{"damage":8,"enemies":"Chosen","floor":19,"turns":6},{"damage":40,"enemies":"Snake Plant","floor":21,"turns":6},{"damage":49,"enemies":"Gremlin Leader","floor":24,"turns":5}],"seed_played":"3705463756062332853","potions_obtained":[{"floor":1,"key":"SkillPotion"},{"floor":4,"key":"SteroidPotion"},{"floor":4,"key":"Fire Potion"},{"floor":12,"key":"Dexterity Potion"},{"floor":13,"key":"Fire Potion"},{"floor":18,"key":"Explosive Potion"}],"is_trial":false,"path_per_floor":["M","M","?","?","M","R","M","R","T","E","R","M","E","?","R","B",null,"M","M","?","M","$","R","E"],"character_chosen":"DEFECT","items_purchased":["Capacitor"],"campfire_rested":2,"item_purchase_floors":[22],"current_hp_per_floor":[62,58,58,58,58,58,56,56,56,37,37,37,27,1,37,33,62,52,44,44,4,4,40,0,0],"gold":114,"neow_bonus":"RANDOM_COMMON_RELIC","is_daily":false,"chose_seed":false,"campfire_upgraded":3,"win_rate":0.0,"timestamp":1608921015,"path_taken":["M","M","?","?","M","R","?","R","T","E","R","M","E","?","R","BOSS","M","M","?","?","$","R","E"],"items_purchased_type":["Card"],"build_version":"2020-12-22","purchased_purges":1,"victory":false,"max_hp_per_floor":[71,71,71,71,71,71,71,71,71,71,71,71,71,71,71,71,71,71,71,71,71,71,71,71,71],"card_choices":[{"not_picked":["Chill","Turbo"],"picked":"Reinforced Body","floor":1},{"not_picked":["Double Energy","Leap"],"picked":"Defragment","floor":2},{"not_picked":["Gash","Fusion"],"picked":"FTL","floor":5},{"not_picked":["Rebound","Ball Lightning"],"picked":"Auto Shields","floor":7},{"not_picked":["Stack","Gash","Redo"],"picked":"SKIP","floor":10},{"not_picked":["Beam Cell","Turbo"],"picked":"Conserve Battery","floor":12},{"not_picked":["Blizzard","Aggregate"],"picked":"Hyperbeam","floor":13},{"not_picked":["White Noise","Leap"],"picked":"Sweeping Beam","floor":18},{"not_picked":["Redo","Gash","Beam Cell"],"picked":"SKIP","floor":19},{"not_picked":["Chaos","Leap"],"picked":"Defragment","floor":21}],"player_experience":734229,"relics_obtained":[{"floor":9,"key":"Letter Opener"},{"floor":10,"key":"Torii"},{"floor":13,"key":"Orichalcum"}],"event_choices":[{"cards_removed":["Strike_B"],"damage_healed":0,"gold_gain":0,"player_choice":"Card Removal","damage_taken":0,"max_hp_gain":0,"max_hp_loss":0,"event_name":"The Cleric","floor":3,"gold_loss":75},{"damage_healed":0,"gold_gain":0,"player_choice":"Got Potions","damage_taken":0,"max_hp_gain":0,"max_hp_loss":0,"event_name":"Lab","floor":4,"gold_loss":0},{"damage_healed":0,"gold_gain":0,"player_choice":"Success","damage_taken":26,"relics_obtained":["Pantograph"],"max_hp_gain":0,"max_hp_loss":0,"event_name":"Scrap Ooze","floor":14,"gold_loss":0},{"damage_healed":0,"gold_gain":0,"player_choice":"Ignored","damage_taken":0,"max_hp_gain":0,"max_hp_loss":0,"event_name":"N\u0027loth","floor":20,"gold_loss":0}],"is_beta":false,"boss_relics":[{"not_picked":["Pandora\u0027s Box","Sozu"],"picked":"Fusion Hammer"}],"items_purged_floors":[22],"is_endless":false,"potions_floor_spawned":[1,5,7,12,13,18],"killed_by":"Gremlin Leader","ascension_level":20}}