{"host":"sum4dy402bbv9y4o","time":1608925442,"event":{"mods":["Aspiration","BaseMod","Conspire","Highlight Path","Minty Spire (QoL Compilation)","StSLib"],"gold_per_floor":[12,26,101,113,113,113,61,61,87,112,112,112,112,112,112],"floor_reached":14,"playtime":338,"items_purged":[],"score":172,"play_id":"f17e1557-6479-40e7-ae78-b4a70c94a0dd","local_time":"20201225224402","is_ascension_mode":true,"campfire_choices":[{"data":"Eruption","floor":6,"key":"SMITH"},{"data":"Adaptation","floor":8,"key":"SMITH"},{"floor":12,"key":"REST"}],"circlet_count":0,"master_deck":["AscendersBane","Strike_P","Strike_P","Strike_P","Defend_P","Defend_P","Defend_P","Eruption+1","Vigilance","Adaptation+1","MentalFortress+1","LikeWater","Injury","SashWhip+1","LikeWater","Parasite"],"relics":["PureWater","Molten Egg 2","MealTicket","TeardropLocket"],"acts_visited":["Exordium"],"potions_floor_usage":[10,10,14],"damage_taken":[{"damage":0,"enemies":"Cultist","floor":1,"turns":3},{"damage":0,"enemies":"Small Slimes","floor":2,"turns":3},{"damage":5,"enemies":"Jaw Worm","floor":4,"turns":4},{"damage":38,"enemies":"3 Sentries","floor":10,"turns":10},{"damage":44,"enemies":"Gremlin Nob","floor":14,"turns":3}],"seed_played":"-8423091214710655895","potions_obtained":[{"floor":1,"key":"EssenceOfSteel"},{"floor":4,"key":"Swift Potion"},{"floor":10,"key":"LiquidMemories"}],"is_trial":false,"path_per_floor":["M","M","?","M","?","R","$","R","T","E","?","R","?","E"],"character_chosen":"WATCHER","items_purchased":["SashWhip+1"],"campfire_rested":1,"item_purchase_floors":[7],"current_hp_per_floor":[61,61,50,45,45,45,45,45,45,7,24,44,44,0,0],"gold":112,"neow_bonus":"REMOVE_TWO","is_daily":false,"chose_seed":false,"campfire_upgraded":2,"win_rate":0.0,"timestamp":1608925442,"path_taken":["M","M","?","M","?","R","?","R","T","E","?","R","?","E"],"items_purchased_type":["Card"],"build_version":"2020-12-22","purchased_purges":0,"victory":false,"max_hp_per_floor":[68,68,68,68,68,68,68,68,68,68,68,68,68,68,68],"card_choices":[{"not_picked":["WheelKick","EmptyMind"],"picked":"Adaptation","floor":1},{"not_picked":["Vengeance","Evaluate"],"picked":"MentalFortress","floor":2},{"not_picked":["BattleHymn","Crescendo"],"picked":"LikeWater","floor":4},{"not_picked":["Collect","Ragnarok+1"],"picked":"LikeWater","floor":10}],"player_experience":2842596,"relics_obtained":[{"floor":9,"key":"MealTicket"},{"floor":10,"key":"TeardropLocket"}],"event_choices":[{"damage_healed":0,"gold_gain":75,"player_choice":"Gather Gold","damage_taken":11,"max_hp_gain":0,"max_hp_loss":0,"event_name":"World of Goop","floor":3,"gold_loss":0},{"damage_healed":17,"gold_gain":0,"player_choice":"Healed and dodged fight","damage_taken":0,"max_hp_gain":0,"max_hp_loss":0,"event_name":"Mushrooms","floor":11,"gold_loss":0,"cards_obtained":["Parasite"]},{"damage_healed":0,"gold_gain":0,"player_choice":"Grow","damage_taken":0,"max_hp_gain":0,"max_hp_loss":0,"event_name":"Living Wall","floor":13,"gold_loss":0,"cards_upgraded":["MentalFortress"]}],"is_beta":false,"boss_relics":[],"items_purged_floors":[],"is_endless":false,"potions_floor_spawned":[1,4,10],"killed_by":"Gremlin Nob","ascension_level":20}}