{"host":"f6tqpspb2ou2a4h5","time":1608871246,"event":{"mods":["2.2 Compatiblity","Ascension Unlocker","BaseMod","Colored Map","DeckTracker","Hermit","Highlight Path","KOR Keyword Fix","Keyboard Shortcuts","Minty Spire (QoL Compilation)","Permanent Neow","Quick Restart","Random Character Button","StSLib","SuperFastMode","The Poker Player","everything is the same but u backflip on backflip"],"gold_per_floor":[19,19,30,48,62,62,62,62],"floor_reached":7,"playtime":278,"items_purged":[],"score":86,"play_id":"ac3dfa60-40f9-4b1a-be3a-70c8a7c975d4","local_time":"20201225134046","is_ascension_mode":true,"campfire_choices":[{"floor":6,"key":"REST"}],"circlet_count":0,"master_deck":["AscendersBane","Strike_G","Strike_G","Strike_G","Strike_G","Strike_G","Defend_G","Defend_G","Defend_G","Defend_G","Defend_G","Survivor","Neutralize","Burst","Poisoned Stab","Cloak And Dagger","Dagger Spray"],"relics":["Ring of the Snake"],"acts_visited":["Exordium"],"potions_floor_usage":[5],"damage_taken":[{"damage":20,"enemies":"Jaw Worm","floor":1,"turns":7},{"damage":3,"enemies":"Small Slimes","floor":3,"turns":5},{"damage":1,"enemies":"Cultist","floor":4,"turns":4},{"damage":12,"enemies":"Gremlin Gang","floor":5,"turns":3},{"damage":37,"enemies":"3 Sentries","floor":7,"turns":7}],"seed_played":"-7965587753555274446","potions_obtained":[{"floor":1,"key":"ColorlessPotion"}],"is_trial":false,"path_per_floor":["M","$","M","M","M","R","E"],"character_chosen":"THE_SILENT","items_purchased":[],"campfire_rested":1,"item_purchase_floors":[],"current_hp_per_floor":[39,39,36,35,23,42,5,5],"gold":62,"neow_bonus":"THREE_RARE_CARDS","is_daily":false,"chose_seed":false,"campfire_upgraded":0,"win_rate":0.0,"timestamp":1608871246,"path_taken":["M","$","M","M","M","R","E"],"items_purchased_type":[],"build_version":"2020-12-22","purchased_purges":0,"victory":false,"max_hp_per_floor":[66,66,66,66,66,66,66,66],"card_choices":[{"not_picked":["Doppelganger","Malaise"],"picked":"Burst","floor":0},{"not_picked":["Escape Plan","Deflect"],"picked":"Poisoned Stab","floor":1},{"not_picked":["Dodge and Roll","Outmaneuver"],"picked":"Cloak And Dagger","floor":3},{"not_picked":["Outmaneuver","Concentrate","PiercingWail"],"picked":"SKIP","floor":4},{"not_picked":["Bane","Quick Slash"],"picked":"Dagger Spray","floor":5}],"player_experience":50002,"relics_obtained":[],"event_choices":[],"is_beta":false,"boss_relics":[],"items_purged_floors":[],"is_endless":false,"potions_floor_spawned":[1],"killed_by":"3 Sentries","ascension_level":20}}