{"host":"htqwg582tjjtn9p7","time":1608899700,"event":{"mods":["2.2 Compatiblity","AchievementEnabler","Act Like it!","Aspiration","BaseMod","Better Third Choice","Colored Map","Conspire","Curses Come First","Displayed Cursed Tome","Energized Spire","Force Act Four","GifTheSpireLib","Hermit","Highlight Path","JesterMod","Mad Scientist","Minty Spire (QoL Compilation)","Pale of the Ancients","Permanent Neow","Random Character Button","Relic Stats","Replay The Spire","Robot Space Explorer","Somnambulant","Spicy Shops","Spikes Relics","StSLib","Stuff the Spire","The Blue Laboratory","The Disciple","The Dragon Tamer","The Forsaken","The Gatherer","The Judge","The Jungle","The Marked","The Runesmith","The Servant 0.9.4"],"gold_per_floor":[109,125,144,154,154,154,165,194,194,194,221,186,217,230,230,307,307,294,308,308,146,156,156,189,206,230,249,249,264,295,313,313,384,384,384,384],"floor_reached":35,"playtime":2109,"items_purged":[],"score":889,"play_id":"a1a5a923-7a0c-40d9-980e-874966e7af8b","local_time":"20201225133500","is_ascension_mode":true,"campfire_choices":[{"data":"theForsaken:Smite","floor":6,"key":"SMITH"},{"data":"theForsaken:Confusion","floor":10,"key":"SMITH"},{"data":"theForsaken:WardingHymn","floor":15,"key":"SMITH"},{"data":"theForsaken:Smite","floor":23,"key":"SMITH"},{"data":"theForsaken:SpinAttack","floor":32,"key":"SMITH"}],"circlet_count":0,"master_deck":["AscendersBane","conspire:GhostlyStrike","conspire:GhostlyStrike","conspire:GhostlyStrike","conspire:GhostlyStrike","conspire:GhostlyDefend","conspire:GhostlyDefend","conspire:GhostlyDefend","conspire:GhostlyDefend","theForsaken:Smite+1","theForsaken:Penitence","theForsaken:Confusion+1","theForsaken:Tranquility","theForsaken:WardingHymn+1","theForsaken:Confusion","theForsaken:Smite+1","theForsaken:SpinAttack+1","theForsaken:Devotion","theForsaken:DivineGuidance","theForsaken:DivineGuidance"],"relics":["theForsaken:JudgementScales","Unceasing Top","Snack Pack","aspiration:Lifesprig","PreservedInsect","Ring of Chaos","Orichalcum","Letter Opener","Bag of Marbles","ReplayTheSpireMod:TigerMarble","Black Star"],"acts_visited":["Exordium","TheCity","TheBeyond"],"potions_floor_usage":[8,28,33],"damage_taken":[{"damage":4,"enemies":"Cultist","floor":1,"turns":4},{"damage":10,"enemies":"Small Slimes","floor":2,"turns":4},{"damage":9,"enemies":"2 Louse","floor":3,"turns":4},{"damage":8,"enemies":"Blue Slaver","floor":4,"turns":5},{"damage":11,"enemies":"Exordium Thugs","floor":7,"turns":10},{"damage":0,"enemies":"Gremlin Nob","floor":8,"turns":3},{"damage":20,"enemies":"Lagavulin","floor":11,"turns":5},{"damage":21,"enemies":"Gremlin Nob","floor":13,"turns":4},{"damage":10,"enemies":"3 Louse","floor":14,"turns":8},{"damage":17,"enemies":"Slime Boss","floor":16,"turns":6},{"damage":11,"enemies":"2 Thieves","floor":18,"turns":4},{"damage":15,"enemies":"Shell Parasite","floor":19,"turns":7},{"damage":73,"enemies":"Centurion and Healer","floor":22,"turns":15},{"damage":73,"enemies":"conspire:SneckoGhost","floor":24,"turns":12},{"damage":32,"enemies":"Shelled Parasite and Fungi","floor":25,"turns":9},{"damage":22,"enemies":"Chosen and Byrds","floor":27,"turns":10},{"damage":94,"enemies":"Gremlin Leader","floor":28,"turns":11},{"damage":17,"enemies":"Centurion and Healer","floor":29,"turns":10},{"damage":6,"enemies":"Replay:Snechameleon","floor":30,"turns":5},{"damage":0,"enemies":"Cultist and Chosen","floor":31,"turns":4},{"damage":259,"enemies":"Champ","floor":33,"turns":31},{"damage":88,"enemies":"3 Darklings","floor":35,"turns":8}],"seed_played":"-755903429395392271","potions_obtained":[{"floor":4,"key":"SmokeBomb"},{"floor":7,"key":"Block Potion"},{"floor":8,"key":"Ancient Potion"},{"floor":22,"key":"Venom Potion"},{"floor":29,"key":"blueLaboratory:PolymorphPotion"},{"floor":30,"key":"Flashbang"}],"is_trial":false,"path_per_floor":["M","M","M","M","?","R","M","E","T","R","E","?","E","M","R","B",null,"M","M","?","$","M","R","E","M","T","M","E","M","E","M","R","B",null,"M"],"character_chosen":"THE_FORSAKEN","items_purchased":["Orichalcum"],"campfire_rested":0,"item_purchase_floors":[21],"current_hp_per_floor":[56,49,43,38,38,38,51,56,56,56,41,56,40,45,45,42,56,51,51,51,51,61,61,61,61,61,61,27,61,58,61,61,61,61,0,0],"gold":384,"neow_bonus":"ONE_RANDOM_RARE_CARD","is_daily":false,"chose_seed":false,"campfire_upgraded":5,"win_rate":0.0,"timestamp":1608899700,"path_taken":["M","M","M","?","?","R","M","E","T","R","E","?","E","M","R","BOSS","M","M","?","$","?","R","E","M","T","M","E","M","E","M","R","BOSS","M"],"items_purchased_type":["Relic"],"build_version":"2020-12-22","purchased_purges":0,"victory":false,"max_hp_per_floor":[61,61,61,61,61,61,61,61,61,61,61,61,61,61,61,61,61,61,61,61,61,61,61,61,61,61,61,61,61,61,61,61,61,61,61,61],"relic_stats":{"counters":[22,179],"PreservedInsect":122,"Black Star":0,"Letter Opener":[20],"Orichalcum":[468],"obtain_stats":[{"aspiration:Lifesprig":11,"PreservedInsect":13,"Ring of Chaos":17,"Snack Pack":9,"Bag of Marbles":26,"ReplayTheSpireMod:TigerMarble":30,"Black Star":34,"Letter Opener":24,"Orichalcum":21,"theForsaken:JudgementScales":0,"Unceasing Top":8},{"aspiration:Lifesprig":7,"PreservedInsect":8,"Ring of Chaos":10,"Snack Pack":6,"Bag of Marbles":15,"ReplayTheSpireMod:TigerMarble":19,"Black Star":21,"Letter Opener":14,"Orichalcum":12,"theForsaken:JudgementScales":0,"Unceasing Top":6},{"aspiration:Lifesprig":35,"PreservedInsect":39,"Ring of Chaos":53,"Snack Pack":30,"Bag of Marbles":100,"ReplayTheSpireMod:TigerMarble":136,"Black Star":171,"Letter Opener":91,"Orichalcum":64,"theForsaken:JudgementScales":0,"Unceasing Top":30}],"Unceasing Top":[0]},"card_choices":[{"not_picked":["theForsaken:Thunderbolt","theForsaken:ChargeAttack","theForsaken:Parry"],"picked":"SKIP","floor":1},{"not_picked":["theForsaken:BindingThorns","theForsaken:ShieldCharge"],"picked":"theForsaken:Tranquility","floor":2},{"not_picked":["theForsaken:Backlash","theForsaken:RainingSunlight","theForsaken:Eulogy"],"picked":"SKIP","floor":3},{"not_picked":["theForsaken:HorrifyingStrike","theForsaken:Preservation"],"picked":"theForsaken:WardingHymn","floor":4},{"not_picked":["theForsaken:PowerUp","theForsaken:ShieldCharge","theForsaken:BattleHymn"],"picked":"SKIP","floor":7},{"not_picked":["theForsaken:CorruptedWord","theForsaken:Backlash","theForsaken:LightRoll"],"picked":"SKIP","floor":8},{"not_picked":["theForsaken:Parry","theForsaken:CorruptedForm","theForsaken:Tranquility"],"picked":"SKIP","floor":11},{"not_picked":["theForsaken:ChargeAttack","theForsaken:PowerUp","theForsaken:PanicDive"],"picked":"SKIP","floor":13},{"not_picked":["theForsaken:BlessedWeapon","theForsaken:Tranquility","theForsaken:HymnOfRest"],"picked":"SKIP","floor":14},{"not_picked":["theForsaken:CorruptedForm","theForsaken:CorruptDeck"],"picked":"theForsaken:Confusion","floor":16},{"not_picked":["theForsaken:ShieldCharge","theForsaken:ShieldBash","theForsaken:Backlash"],"picked":"SKIP","floor":18},{"not_picked":["theForsaken:FatRoll","theForsaken:RainingSunlight","theForsaken:QuickAttack+1"],"picked":"SKIP","floor":19},{"not_picked":["theForsaken:CreepingInfection","theForsaken:RainingSunlight","theForsaken:BindingThorns"],"picked":"SKIP","floor":22},{"not_picked":["theForsaken:BindingThorns","theForsaken:Thunderbolt","theForsaken:Preservation"],"picked":"SKIP","floor":24},{"not_picked":["theForsaken:PanicDive","theForsaken:Enfeeble","theForsaken:CreepingInfection"],"picked":"SKIP","floor":25},{"not_picked":["theForsaken:WordOfPower","theForsaken:QuickAttack"],"picked":"theForsaken:SpinAttack","floor":27},{"not_picked":["theForsaken:QuickAttack","theForsaken:RainingSunlight+1","theForsaken:WordsOfMight"],"picked":"SKIP","floor":29},{"not_picked":["theForsaken:Eulogy","theForsaken:Parry"],"picked":"theForsaken:Devotion","floor":30},{"not_picked":["theForsaken:Backlash","theForsaken:PanicDive"],"picked":"theForsaken:DivineGuidance","floor":31},{"not_picked":["theForsaken:CorruptDeck","theForsaken:Retribution"],"picked":"theForsaken:DivineGuidance","floor":33}],"player_experience":1782510,"relics_obtained":[{"floor":8,"key":"Unceasing Top"},{"floor":9,"key":"Snack Pack"},{"floor":11,"key":"aspiration:Lifesprig"},{"floor":13,"key":"PreservedInsect"},{"floor":24,"key":"Letter Opener"},{"floor":26,"key":"Bag of Marbles"},{"floor":30,"key":"ReplayTheSpireMod:TigerMarble"}],"event_choices":[{"damage_healed":0,"gold_gain":0,"player_choice":"Agree","damage_taken":0,"max_hp_gain":0,"max_hp_loss":0,"event_name":"conspire:LoneGhost","floor":5,"gold_loss":0},{"damage_healed":15,"gold_gain":0,"player_choice":"Healed","damage_taken":0,"max_hp_gain":0,"max_hp_loss":0,"event_name":"The Cleric","floor":12,"gold_loss":35},{"damage_healed":0,"gold_gain":0,"player_choice":"1 cards matched","damage_taken":0,"max_hp_gain":0,"max_hp_loss":0,"event_name":"Match and Keep!","floor":20,"gold_loss":0,"cards_obtained":["theForsaken:Smite"]}],"is_beta":false,"boss_relics":[{"not_picked":["Fusion Hammer","Astrolabe"],"picked":"Ring of Chaos"},{"not_picked":["CosmicIsotope","aspiration:PoetsPen_weak"],"picked":"Black Star"}],"items_purged_floors":[],"is_endless":false,"potions_floor_spawned":[4,7,8,14,16,22,24,29,30,31],"killed_by":"3 Darklings","ascension_level":16}}