{"host":"4myl0piycjadqnwl","time":1608854541,"event":{"mods":["BaseMod","Colored Map","Downfall","Minty Spire (QoL Compilation)","StSLib"],"gold_per_floor":[99,115,126,190,190,222,275,34,34,52,64,64,76,89,99,99,99,99],"floor_reached":16,"playtime":1240,"items_purged":["champ:Strike"],"score":130,"play_id":"c2130e5d-4a04-4a51-99d9-abc21f066948","local_time":"20201225010221","is_ascension_mode":true,"campfire_choices":[{"data":"champ:FocusedGladiator","floor":1,"key":"SMITH"},{"data":"champ:Taunt","floor":9,"key":"SMITH"},{"data":"champ:EnchantSword","floor":12,"key":"SMITH"}],"circlet_count":0,"master_deck":["champ:Strike","champ:Defend","champ:Defend","champ:Defend","champ:Execute","champ:Taunt+1","champ:PerfectForm","champ:FocusedGladiator+1","champ:RecklessLeap","champ:FanOfKnives","champ:GladiatorsShout","champ:BladeFlurry","champ:EnchantSword+1"],"relics":["champ:ChampionCrown","Singing Bowl","champ:GladiatorsBookOfMartialProwess","Potion Belt","Lee\u0027s Waffle"],"acts_visited":["Exordium"],"potions_floor_usage":[16,16,16],"damage_taken":[{"damage":10,"enemies":"Cultist","floor":2,"turns":5},{"damage":15,"enemies":"2 Louse","floor":3,"turns":2},{"damage":48,"enemies":"3 Sentries","floor":4,"turns":6},{"damage":46,"enemies":"Gremlin Nob","floor":6,"turns":4},{"damage":32,"enemies":"downfall:FleeingMerchant","floor":8,"turns":4},{"damage":15,"enemies":"Small Slimes","floor":10,"turns":2},{"damage":9,"enemies":"Exordium Wildlife","floor":11,"turns":3},{"damage":5,"enemies":"3 Louse","floor":13,"turns":2},{"damage":9,"enemies":"2 Fungi Beasts","floor":14,"turns":3},{"damage":37,"enemies":"Gremlin Gang","floor":15,"turns":3},{"damage":75,"enemies":"downfall:Silent","floor":16,"turns":11}],"seed_played":"-1438998087758205096","potions_obtained":[{"floor":2,"key":"LiquidBronze"},{"floor":6,"key":"BlessingOfTheForge"},{"floor":13,"key":"SpeedPotion"},{"floor":14,"key":"Fire Potion"},{"floor":15,"key":"hexamod:EctoCoolerPotion"}],"is_trial":false,"path_per_floor":["R","M","M","?","?","E","T","$","R","M","M","R","M","M","M","B"],"character_chosen":"THE_CHAMP","items_purchased":["Lee\u0027s Waffle"],"campfire_rested":0,"item_purchase_floors":[8],"current_hp_per_floor":[81,79,79,56,56,33,33,92,92,92,83,83,85,83,68,0,0,0],"gold":99,"neow_bonus":"TRANSFORM_TWO_CARDS","is_daily":false,"chose_seed":false,"campfire_upgraded":3,"win_rate":0.0,"timestamp":1608854541,"path_taken":["R","M","?","?","?","E","T","$","R","M","M","R","M","?","M","BOSS"],"items_purchased_type":["Relic"],"build_version":"2020-12-22","purchased_purges":1,"victory":false,"max_hp_per_floor":[81,81,81,83,83,83,83,92,92,92,92,92,94,96,98,98,98,98],"card_choices":[{"not_picked":["champ:StanceDance","champ:GutPunch"],"picked":"champ:RecklessLeap","floor":2},{"not_picked":["champ:GutPunch","champ:GladiatorsShout"],"picked":"champ:FanOfKnives","floor":3},{"not_picked":["champ:ShieldSigil","champ:GutPunch","champ:StanceDance"],"picked":"Singing Bowl","floor":4},{"not_picked":["champ:FaceSlap","champ:Haymaker"],"picked":"champ:GladiatorsShout","floor":6},{"not_picked":["champ:StanceDance","champ:EnGarde","champ:DefensiveShout"],"picked":"Singing Bowl","floor":8},{"not_picked":["champ:BerserkersShout","champ:PerfectedStrike"],"picked":"champ:BladeFlurry","floor":10},{"not_picked":["champ:Circumvent","champ:BladeFlurry"],"picked":"champ:EnchantSword","floor":11},{"not_picked":["champ:EnragedBash","champ:Backstep","champ:PerfectedStrike"],"picked":"Singing Bowl","floor":13},{"not_picked":["champ:BerserkersShout","champ:RapidStrikes","champ:FanOfKnives"],"picked":"Singing Bowl","floor":14},{"not_picked":["champ:StrikeOfGenius","champ:Circumvent","champ:FanOfKnives"],"picked":"Singing Bowl","floor":15}],"player_experience":1383008,"relics_obtained":[{"floor":4,"key":"Singing Bowl"},{"floor":6,"key":"champ:GladiatorsBookOfMartialProwess"},{"floor":7,"key":"Potion Belt"}],"event_choices":[],"is_beta":false,"boss_relics":[],"items_purged_floors":[8],"is_endless":false,"potions_floor_spawned":[2,6,13,14,15],"killed_by":"downfall:Silent","ascension_level":5}}