{"host":"zjtj3u1rbhtoz6hq","time":1608870808,"event":{"mods":["BaseMod","Downfall","Minty Spire (QoL Compilation)","StSLib"],"gold_per_floor":[117,131,131,131,131,131,23,56,56,56,85,104,123,137,137,241,241,224,224,243,7,27,27,60,60,106,37,37,56,89,99,99,204,504,518,571,588,210,210,210,210,210,236,261,261,281,281,3,3,3],"floor_reached":51,"playtime":6792,"items_purged":[],"score":920,"play_id":"82ef19d5-101f-4667-a2a5-6cc475fc36e3","local_time":"20201224233328","is_ascension_mode":true,"campfire_choices":[{"floor":6.0,"key":"REST"},{"data":"Noxious Fumes","floor":10.0,"key":"SMITH"},{"data":"Dodge and Roll","floor":15.0,"key":"SMITH"},{"floor":23.0,"key":"REST"},{"data":"Apotheosis","floor":25.0,"key":"SMITH"},{"data":"Distraction","floor":32.0,"key":"SMITH"},{"floor":40.0,"key":"REST"},{"floor":42,"key":"DIG"},{"floor":45,"key":"REST"},{"floor":49,"key":"REST"}],"circlet_count":0,"master_deck":["Strike_G+1","Strike_G+1","Strike_G+1","Strike_G+1","Strike_G+1","Defend_G+1","Defend_G+1","Defend_G+1","Defend_G+1","Defend_G+1","Survivor","Neutralize","Prepared","Sucker Punch","Noxious Fumes+1","Leg Sweep","Cloak And Dagger","Noxious Fumes","Blade Dance","Dodge and Roll+1","Cloak And Dagger","Poisoned Stab","Leg Sweep","Bullet Time","Flying Knee","PiercingWail","Dash","Apotheosis+1","Deadly Poison","Noxious Fumes","Dash","Distraction+1","Crippling Poison","Cloak And Dagger+1","Phantasmal Killer","CurseOfTheBell","Infinite Blades+1","Deadly Poison","Footwork+1","Corpse Explosion","Madness","Bullet Time","Madness","Madness","expansioncontent:DefensiveStance","Footwork"],"relics":["Ring of the Snake","NeowsBlessing","Darkstone Periapt","Prayer Wheel","Mercury Hourglass","Ninja Scroll","SacredBark","FossilizedHelix","Regal Pillow","Ice Cream","Calling Bell","Lantern","Matryoshka","Old Coin","Shovel","Oddly Smooth Stone","Mummified Hand","InkBottle","Art of War","Omamori","Anchor"],"acts_visited":[],"potions_floor_usage":[44,50],"damage_taken":[{"damage":0.0,"enemies":"2 Louse","floor":1.0,"turns":1.0},{"damage":0.0,"enemies":"Small Slimes","floor":2.0,"turns":1.0},{"damage":0.0,"enemies":"Gremlin Nob","floor":8.0,"turns":1.0},{"damage":9.0,"enemies":"Lagavulin","floor":11.0,"turns":7.0},{"damage":0.0,"enemies":"Cultist","floor":12.0,"turns":4.0},{"damage":0.0,"enemies":"3 Louse","floor":13.0,"turns":2.0},{"damage":0.0,"enemies":"Looter","floor":14.0,"turns":3.0},{"damage":8.0,"enemies":"Hexaghost","floor":16.0,"turns":9.0},{"damage":8.0,"enemies":"2 Thieves","floor":18.0,"turns":4.0},{"damage":0.0,"enemies":"Shell Parasite","floor":20.0,"turns":5.0},{"damage":1.0,"enemies":"Cultist and Chosen","floor":22.0,"turns":6.0},{"damage":32.0,"enemies":"Book of Stabbing","floor":24.0,"turns":8.0},{"damage":9.0,"enemies":"Snecko","floor":29.0,"turns":6.0},{"damage":3.0,"enemies":"Slavers","floor":30.0,"turns":5.0},{"damage":2.0,"enemies":"Shelled Parasite and Fungi","floor":31.0,"turns":6.0},{"damage":13.0,"enemies":"Automaton","floor":33.0,"turns":11.0},{"damage":4.0,"enemies":"Orb Walker","floor":35.0,"turns":4.0},{"damage":61.0,"enemies":"2 Orb Walkers","floor":36.0,"turns":7.0},{"damage":0.0,"enemies":"3 Shapes","floor":37.0,"turns":5.0},{"damage":10,"enemies":"Nemesis","floor":44,"turns":5},{"damage":26,"enemies":"Sphere and 2 Shapes","floor":46,"turns":6},{"damage":108,"enemies":"Time Eater","floor":50,"turns":14}],"seed_played":"1645126532653672136","potions_obtained":[{"floor":2.0,"key":"SmokeBomb"},{"floor":8.0,"key":"Swift Potion"},{"floor":12.0,"key":"EntropicBrew"},{"floor":14.0,"key":"Regen Potion"},{"floor":29.0,"key":"Block Potion"},{"floor":30.0,"key":"FairyPotion"},{"floor":33.0,"key":"Regen Potion"},{"floor":37.0,"key":"DuplicationPotion"},{"floor":46,"key":"sneckomod:MuddlingPotion"}],"is_trial":false,"path_per_floor":["M","M","?","$","?","R","$","E","T","R","E","M","M","M","R","B",null,"M","?","M","$","M","R","E","R","T","$","?","M","E","M","R","B",null,"M","?","M","$","?","R","?","R","T","E","R","M","?","$","R","B",null],"character_chosen":"THE_SILENT","items_purchased":["Noxious Fumes","Leg Sweep","Apotheosis","Deadly Poison","Dash","Oddly Smooth Stone","Corpse Explosion","LiquidBronze","Anchor","expansioncontent:DefensiveStance","Footwork"],"campfire_rested":5,"item_purchase_floors":[7,7,21,21,27,38,38,38,48,48,48],"current_hp_per_floor":[70,70,52,52,52,70,70,70,70,70,61,61,61,61,61,53,66,58,58,58,58,57,70,65,65,65,65,59,50,47,45,45,32,67,63,36,36,36,36,73,73,73,73,63,76,50,40,40,76,27],"gold":3,"neow_bonus":"THREE_ENEMY_KILL","is_daily":false,"chose_seed":false,"campfire_upgraded":4,"win_rate":0.0,"timestamp":1608870808,"path_taken":["M","M","?","$","?","R","$","E","T","R","E","M","M","M","R","BOSS","M","?","M","$","M","R","E","R","T","$","?","M","E","M","R","BOSS","M","?","M","$","?","R","?","R","T","E","R","?","?","$","R","BOSS"],"items_purchased_type":["Card","Card","Card","Card","Card","Relic","Card","Potion","Relic","Card","Card"],"build_version":"2020-12-22","purchased_purges":0,"victory":true,"max_hp_per_floor":[70,70,70,70,70,70,70,70,70,70,70,70,70,70,70,70,70,70,70,70,70,70,70,70,70,70,70,70,70,70,70,70,70,76,76,76,76,76,76,76,76,76,76,76,76,76,76,76,76,76],"card_choices":[{"not_picked":["Underhanded Strike","Slice"],"picked":"Prepared","floor":1.0},{"not_picked":["Quick Slash","Flying Knee"],"picked":"Sucker Punch","floor":2.0},{"not_picked":["Phantasmal Killer","Dagger Throw"],"picked":"Cloak And Dagger","floor":8.0},{"not_picked":["Deflect","Leg Sweep"],"picked":"Noxious Fumes","floor":11.0},{"not_picked":["Underhanded Strike","Acrobatics"],"picked":"Blade Dance","floor":12.0},{"not_picked":["Flying Knee","Quick Slash"],"picked":"Dodge and Roll","floor":12.0},{"not_picked":["Acrobatics","Choke"],"picked":"Cloak And Dagger","floor":13.0},{"not_picked":["Dodge and Roll","Flechettes","Concentrate"],"picked":"SKIP","floor":13.0},{"not_picked":["Bouncing Flask","Dodge and Roll"],"picked":"Poisoned Stab","floor":14.0},{"not_picked":["Dagger Throw","Acrobatics"],"picked":"Leg Sweep","floor":14.0},{"not_picked":["Phantasmal Killer","Unload"],"picked":"Bullet Time","floor":16.0},{"not_picked":["Quick Slash+1","Reflex"],"picked":"Flying Knee","floor":18.0},{"not_picked":["Dagger Throw","All Out Attack","Acrobatics"],"picked":"SKIP","floor":18.0},{"not_picked":["Deadly Poison+1","Blade Dance"],"picked":"PiercingWail","floor":20.0},{"not_picked":["Blade Dance+1","Outmaneuver"],"picked":"Dash","floor":20.0},{"not_picked":["Blade Dance","Cloak And Dagger"],"picked":"Noxious Fumes","floor":22.0},{"not_picked":["Expertise+1","Dodge and Roll+1","Masterful Stab"],"picked":"SKIP","floor":22.0},{"not_picked":["Eviscerate","Deflect","Concentrate"],"picked":"SKIP","floor":24.0},{"not_picked":["Unload","Dagger Spray"],"picked":"Distraction","floor":29.0},{"not_picked":["Sucker Punch","Dagger Spray","Riddle With Holes"],"picked":"SKIP","floor":29.0},{"not_picked":["Dodge and Roll","Backflip+1"],"picked":"Crippling Poison","floor":30.0},{"not_picked":["Bouncing Flask","Predator"],"picked":"Cloak And Dagger+1","floor":31.0},{"not_picked":["Choke","Prepared","Predator"],"picked":"SKIP","floor":31.0},{"not_picked":["Adrenaline","Tools of the Trade"],"picked":"Phantasmal Killer","floor":33.0},{"not_picked":["Noxious Fumes+1","Flying Knee"],"picked":"Infinite Blades+1","floor":35.0},{"not_picked":["Prepared+1","Backstab+1"],"picked":"Deadly Poison","floor":35.0},{"not_picked":["Expertise","Prepared"],"picked":"Footwork+1","floor":37.0},{"not_picked":["Reflex+1","Prepared","Calculated Gamble+1"],"picked":"SKIP","floor":37.0},{"not_picked":["Chrysalis","Blind"],"picked":"Madness","floor":39.0},{"not_picked":["Dash","Unload","Sucker Punch+1"],"picked":"SKIP","floor":44},{"not_picked":["Underhanded Strike+1","Distraction+1","Eviscerate"],"picked":"SKIP","floor":46},{"not_picked":["Prepared","Dagger Spray+1","Sucker Punch"],"picked":"SKIP","floor":46}],"player_experience":1215360,"relics_obtained":[{"floor":8.0,"key":"Prayer Wheel"},{"floor":9.0,"key":"Mercury Hourglass"},{"floor":11.0,"key":"Ninja Scroll"},{"floor":24.0,"key":"FossilizedHelix"},{"floor":26.0,"key":"Regal Pillow"},{"floor":30.0,"key":"Ice Cream"},{"floor":34.0,"key":"Lantern"},{"floor":34.0,"key":"Matryoshka"},{"floor":34.0,"key":"Old Coin"},{"floor":36.0,"key":"Shovel"},{"floor":42,"key":"Mummified Hand"},{"floor":43,"key":"InkBottle"},{"floor":43,"key":"Art of War"},{"floor":44,"key":"Omamori"}],"event_choices":[{"damage_healed":0.0,"max_hp_gain":0.0,"max_hp_loss":0.0,"gold_gain":0.0,"event_name":"Scrap Ooze","player_choice":"Success","floor":3.0,"gold_loss":0.0,"damage_taken":18.0,"relics_obtained":["Darkstone Periapt"]},{"damage_healed":0.0,"max_hp_gain":0.0,"max_hp_loss":0.0,"gold_gain":0.0,"event_name":"The Cleric","player_choice":"Leave","floor":5.0,"gold_loss":0.0,"damage_taken":0.0},{"damage_healed":0.0,"max_hp_gain":0.0,"max_hp_loss":0.0,"gold_gain":0.0,"event_name":"Back to Basics","player_choice":"Simplicity","floor":19.0,"gold_loss":0.0,"damage_taken":0.0,"cards_upgraded":["Strike_G","Strike_G","Strike_G","Strike_G","Strike_G","Defend_G","Defend_G","Defend_G","Defend_G","Defend_G"]},{"damage_healed":0.0,"max_hp_gain":0.0,"max_hp_loss":0.0,"gold_gain":0.0,"event_name":"Knowing Skull","player_choice":"","floor":28.0,"potions_obtained":[],"gold_loss":0.0,"damage_taken":6.0,"cards_obtained":[]},{"damage_healed":0.0,"max_hp_gain":0.0,"max_hp_loss":0.0,"gold_gain":0.0,"event_name":"Mysterious Sphere","player_choice":"Fight","floor":36.0,"gold_loss":0.0,"damage_taken":0.0},{"damage_healed":0.0,"max_hp_gain":0.0,"max_hp_loss":0.0,"gold_gain":0.0,"event_name":"SensoryStone","player_choice":"Memory 1","floor":39.0,"gold_loss":0.0,"damage_taken":0.0},{"damage_healed":0,"gold_gain":0,"player_choice":"Copied","damage_taken":0,"max_hp_gain":0,"max_hp_loss":0,"event_name":"Duplicator","floor":41,"gold_loss":0,"cards_obtained":["Bullet Time"]},{"damage_healed":0,"gold_gain":0,"player_choice":"Embrace Madness","damage_taken":10,"max_hp_gain":0,"max_hp_loss":0,"event_name":"Winding Halls","floor":47,"gold_loss":0,"cards_obtained":["Madness","Madness"]}],"is_beta":false,"boss_relics":[{"not_picked":["Runic Dome","Coffee Dripper"],"picked":"SacredBark"},{"not_picked":["Black Star","Tiny House"],"picked":"Calling Bell"}],"items_purged_floors":[],"is_endless":false,"potions_floor_spawned":[2,8,12,14,20,22,29,30,33,37,46],"ascension_level":5}}