{"host":"iak1zw6udsaqx1iy","time":1608911151,"event":{"mods":["BaseMod","Hermit","Minty Spire (QoL Compilation)","Replay The Spire","StSLib","The Alterego","The Cursed","The Servant 0.9.4","WarShipGirlsR/战舰少女R mod"],"gold_per_floor":[116,132,150,162,175,175,200,219,219,294,294,294,314,344,344,440,440,451,462,0,12,24,24,24,24,24,53,53,53,71,41,41,54,54,159,159,175,185,185,56,56,87,87,87,87,87,99,118,118,137,137,137],"floor_reached":53,"playtime":4004,"items_purged":[],"score":639,"play_id":"d0438e18-0cd6-49e4-a1e8-a02cf63b91b1","local_time":"20201225234551","is_ascension_mode":true,"campfire_choices":[{"data":"TheCursedMod:Torture","floor":6.0,"key":"SMITH"},{"data":"TheCursedMod:HellfireBreathing","floor":12.0,"key":"SMITH"},{"floor":15.0,"key":"DIG"},{"floor":23.0,"key":"REST"},{"data":"TheCursedMod:SpitefulPray","floor":26.0,"key":"SMITH"},{"data":"TheCursedMod:ForbiddenAlchemy","floor":29.0,"key":"SMITH"},{"floor":34,"key":"DIG"},{"floor":43,"key":"DIG"},{"floor":46,"key":"DIG"},{"floor":49,"key":"DIG"},{"floor":51,"key":"DIG"}],"circlet_count":1,"master_deck":["TheCursedMod:Strike_TheCursed","TheCursedMod:Strike_TheCursed","TheCursedMod:Strike_TheCursed","TheCursedMod:Strike_TheCursed","TheCursedMod:Defend_TheCursed","TheCursedMod:Defend_TheCursed","TheCursedMod:Defend_TheCursed","TheCursedMod:Defend_TheCursed","TheCursedMod:CursedWand","TheCursedMod:CleanUpWorkshop","TheCursedMod:Dregs","TheCursedMod:Torture+1","TheCursedMod:SpitefulStrike","TheCursedMod:SaltUponWound","TheCursedMod:Mangle","TheCursedMod:CursedBlade","TheCursedMod:FuryStrike","TheCursedMod:HellfireBreathing+1","Amnesia","TheCursedMod:AntiAging","TheCursedMod:SpitefulPlan","TheCursedMod:CircleOfAbyss","TheCursedMod:WearCloak","TheCursedMod:SpitefulPray+1","TheCursedMod:SpitefulStrike","TheCursedMod:StingEye","TheCursedMod:SmokeScreen","TheCursedMod:FleshFromBone+1","TheCursedMod:HellfireBreathing","Finesse","TheCursedMod:CursedShiv+1","TheCursedMod:CursedSpellbook+1","TheCursedMod:ForbiddenAlchemy+1","TheCursedMod:Obscuration","TheCursedMod:ReleasedKnowledge","TheCursedMod:Stigma","TheCursedMod:CircleOfFlame","TheCursedMod:OutForBlood","TheCursedMod:SaltUponWound","TheCursedMod:VoidForm","TheCursedMod:CursedMace+1","TheCursedMod:VitalStrike+1","TheCursedMod:VoidForm","TheCursedMod:CursedBlade","ReplayTheSpireMod:Uncanny Aura","Panache","TheCursedMod:Evocation+1","CommonCold","TheCursedMod:CircleOfCorruption+1","TheCursedMod:UltimatePain","TheCursedMod:CursedBlade"],"relics":["TheCursedMod:BlackMagic101","Potion Belt","Ancient Tea Set","Unceasing Top","Odd Mushroom","TheCursedMod:FourLeafCloverCharm","BargainBundle","Kunai","Circlet","ReplayTheSpireMod:Ninjato","ReplayTheSpireMod:Shallot","alterego_mod:FleetingLove","Shovel","Replay:Grab Bag","ChewingGum","Cursed Key","Honey Jar","SacredBark","MealTicket","Pet Ghost","Replay:Rubber Ducky","TungstenRod","Centennial Puzzle"],"acts_visited":["Exordium","TheCity","TheBeyond"],"potions_floor_usage":[33,35,35,35,35,35,38,38,38,38,42,42,42,47,47,47,47,47,48,48,48,48,48,48,48,50,50,50,50,50,50,50,52,52,52,52,52,52,52,52,52],"damage_taken":[{"damage":0.0,"enemies":"Cultist","floor":1.0,"turns":5.0},{"damage":0.0,"enemies":"Small Slimes","floor":2.0,"turns":4.0},{"damage":0.0,"enemies":"2 Louse","floor":3.0,"turns":3.0},{"damage":6.0,"enemies":"2 Fungi Beasts","floor":4.0,"turns":4.0},{"damage":2.0,"enemies":"Blue Slaver","floor":5.0,"turns":4.0},{"damage":35.0,"enemies":"3 Sentries","floor":7.0,"turns":9.0},{"damage":5.0,"enemies":"Large Slime","floor":8.0,"turns":5.0},{"damage":9.0,"enemies":"Exordium Thugs","floor":13.0,"turns":3.0},{"damage":2.0,"enemies":"The Mushroom Lair","floor":14.0,"turns":3.0},{"damage":42.0,"enemies":"Hexaghost","floor":16.0,"turns":6.0},{"damage":20.0,"enemies":"Shell Parasite","floor":18.0,"turns":7.0},{"damage":9.0,"enemies":"2 Thieves","floor":19.0,"turns":5.0},{"damage":27.0,"enemies":"3 Cultists","floor":21.0,"turns":6.0},{"damage":1.0,"enemies":"Snecko","floor":22.0,"turns":4.0},{"damage":0.0,"enemies":"Book of Stabbing","floor":27.0,"turns":4.0},{"damage":13.0,"enemies":"Snake Plant","floor":30.0,"turns":5.0},{"damage":22,"enemies":"Chosen and Byrds","floor":33,"turns":8},{"damage":5,"enemies":"Champ","floor":35,"turns":8},{"damage":0,"enemies":"3 Shapes","floor":37,"turns":2},{"damage":12,"enemies":"3 Darklings","floor":38,"turns":3},{"damage":11,"enemies":"Reptomancer","floor":42,"turns":4},{"damage":0,"enemies":"Transient","floor":47,"turns":5},{"damage":0,"enemies":"4 Shapes","floor":48,"turns":2},{"damage":0,"enemies":"Jaw Worm Horde","floor":50,"turns":1},{"damage":0,"enemies":"Replay:Hell Engine","floor":52,"turns":6}],"seed_played":"-5404598972933191076","potions_obtained":[{"floor":4.0,"key":"SmokeBomb"},{"floor":5.0,"key":"Swift Potion"},{"floor":7.0,"key":"Toxic Potion"},{"floor":13.0,"key":"SneckoOil"},{"floor":14.0,"key":"Flashbang"},{"floor":16.0,"key":"FearPotion"},{"floor":19.0,"key":"Swift Potion"},{"floor":22.0,"key":"SkillPotion"},{"floor":33,"key":"Milkshake"},{"floor":37,"key":"DuplicationPotion"},{"floor":47,"key":"GamblersBrew"},{"floor":50,"key":"Fire Potion"}],"is_trial":false,"path_per_floor":["M","M","M","M","M","R","E","M","T","?","?","R","M","?","R","B",null,"M","M","$","M","M","R","PTL","PTL","R","E","T","R","M","?","?","M","R","B",null,"M","M","?","$","?","E","R","?","T","R","M","M","R","M","R","B",null],"character_chosen":"THE_CURSED","items_purchased":["BargainBundle","Kunai","TheCursedMod:SpitefulStrike","TheCursedMod:StingEye","TheCursedMod:SmokeScreen","TheCursedMod:FleshFromBone+1","TheCursedMod:HellfireBreathing","Finesse","Dexterity Potion","SneckoOil","SkillPotion","TheCursedMod:VoidForm","TheCursedMod:CursedBlade"],"campfire_rested":1,"item_purchase_floors":[20,20,20,20,20,20,20,20,20,20,20,40,40],"current_hp_per_floor":[75,75,75,69,67,67,32,27,27,16,75,75,66,66,66,26,79,61,52,52,25,26,50,50,50,50,62,62,62,63,63,63,56,56,51,83,85,75,75,75,70,61,61,61,61,61,61,71,71,71,71,71],"gold":137,"neow_bonus":"RANDOM_COMMON_RELIC","is_daily":false,"chose_seed":false,"campfire_upgraded":4,"win_rate":0.0,"timestamp":1608911151,"path_taken":["M","M","?","M","M","R","E","M","T","?","?","R","M","?","R","BOSS","M","M","$","M","M","R","PTL","PTL","R","E","T","R","M","?","?","M","R","BOSS","M","M","?","?","?","E","R","?","T","R","M","?","R","M","R","BOSS"],"items_purchased_type":["Relic","Relic","Card","Card","Card","Card","Card","Card","Potion","Potion","Potion","Card","Card"],"build_version":"2020-12-22","purchased_purges":0,"victory":true,"max_hp_per_floor":[75,75,75,75,75,75,75,75,75,75,75,75,75,77,77,79,79,81,81,81,81,83,83,83,83,83,83,83,83,83,83,83,83,83,83,83,85,87,87,87,87,89,89,85,85,85,85,85,85,85,85,85],"card_choices":[{"not_picked":["TheCursedMod:RavingStaff","TheCursedMod:Wield"],"picked":"TheCursedMod:Torture","floor":1.0},{"not_picked":["TheCursedMod:RapidMovement","TheCursedMod:ReleasedKnowledge"],"picked":"TheCursedMod:SpitefulStrike","floor":2.0},{"not_picked":["TheCursedMod:CursedMace","TheCursedMod:CircleOfCorruption"],"picked":"TheCursedMod:SaltUponWound","floor":3.0},{"not_picked":["TheCursedMod:CursedShiv","TheCursedMod:EmpowerCircles"],"picked":"TheCursedMod:Mangle","floor":4.0},{"not_picked":["TheCursedMod:StingEye","TheCursedMod:SurpriseAttack"],"picked":"TheCursedMod:CursedBlade","floor":5.0},{"not_picked":["TheCursedMod:CursedMace","TheCursedMod:PrepareRite"],"picked":"TheCursedMod:FuryStrike","floor":7.0},{"not_picked":["TheCursedMod:Torture","TheCursedMod:CircleOfCorruption"],"picked":"TheCursedMod:HellfireBreathing","floor":8.0},{"not_picked":["TheCursedMod:FuryStrike","TheCursedMod:Stigma"],"picked":"TheCursedMod:AntiAging","floor":13.0},{"not_picked":["TheCursedMod:CircleOfCorruption","TheCursedMod:RavingStaff"],"picked":"TheCursedMod:SpitefulPlan","floor":14.0},{"not_picked":["TheCursedMod:DarkBarrier","TheCursedMod:ParallelWorld"],"picked":"TheCursedMod:CircleOfAbyss","floor":16.0},{"not_picked":["TheCursedMod:CircleOfFlame","TheCursedMod:CursedShiv+1"],"picked":"TheCursedMod:WearCloak","floor":18.0},{"not_picked":["TheCursedMod:SurpriseAttack","TheCursedMod:CursedShiv"],"picked":"TheCursedMod:SpitefulPray","floor":19.0},{"not_picked":["TheCursedMod:Wield","TheCursedMod:Stigma"],"picked":"TheCursedMod:CursedShiv+1","floor":21.0},{"not_picked":["TheCursedMod:AshesToAshes","TheCursedMod:Wield"],"picked":"TheCursedMod:CursedSpellbook+1","floor":22.0},{"not_picked":["TheCursedMod:ReleasedStrength","TheCursedMod:FleshFromBone+1"],"picked":"TheCursedMod:ForbiddenAlchemy","floor":27.0},{"not_picked":["TheCursedMod:Torture","TheCursedMod:CursedMace"],"picked":"TheCursedMod:Obscuration","floor":30.0},{"not_picked":[],"picked":"TheCursedMod:ReleasedKnowledge","floor":31.0},{"not_picked":[],"picked":"TheCursedMod:Stigma","floor":31.0},{"not_picked":[],"picked":"TheCursedMod:CircleOfFlame","floor":31.0},{"not_picked":[],"picked":"TheCursedMod:OutForBlood","floor":31.0},{"not_picked":["TheCursedMod:EmpowerCircles","TheCursedMod:SoulReap"],"picked":"TheCursedMod:SaltUponWound","floor":33},{"not_picked":["TheCursedMod:NeowsMight","TheCursedMod:StunningStrike"],"picked":"TheCursedMod:VoidForm","floor":35},{"not_picked":["TheCursedMod:VitalStrike+1","TheCursedMod:Obscuration","TheCursedMod:SpitefulStrike+1"],"picked":"TheCursedMod:CursedMace+1","floor":37},{"not_picked":["TheCursedMod:CursedAmulet","TheCursedMod:Torture","TheCursedMod:OutForBlood"],"picked":"TheCursedMod:VitalStrike+1","floor":38},{"not_picked":["Replay:Bootleg Shield Generator","Dark Shackles","Discovery"],"picked":"ReplayTheSpireMod:Uncanny Aura","floor":41},{"not_picked":["Blind","Replay:BasicMightCard","Enlightenment"],"picked":"Panache","floor":41},{"not_picked":["TheCursedMod:CircleOfFocus","TheCursedMod:Obscuration+1","TheCursedMod:TacticalStrike"],"picked":"TheCursedMod:Evocation+1","floor":42},{"not_picked":["TheCursedMod:FleshFromBone","TheCursedMod:VitalStrike+1","TheCursedMod:Stigma+1"],"picked":"TheCursedMod:CircleOfCorruption+1","floor":47},{"not_picked":["TheCursedMod:SpitefulStrike+1","TheCursedMod:CircleOfCorruption","TheCursedMod:TacticalStrike"],"picked":"TheCursedMod:UltimatePain","floor":48},{"not_picked":["TheCursedMod:Torture","TheCursedMod:CursedMace","TheCursedMod:BlessingInDisguise"],"picked":"TheCursedMod:CursedBlade","floor":50}],"player_experience":236213,"relics_obtained":[{"floor":7.0,"key":"Ancient Tea Set"},{"floor":9.0,"key":"Unceasing Top"},{"floor":14.0,"key":"Odd Mushroom"},{"floor":15.0,"key":"Dead Branch"},{"floor":27.0,"key":"ReplayTheSpireMod:Ninjato"},{"floor":28.0,"key":"ReplayTheSpireMod:Shallot"},{"floor":34,"key":"Shovel"},{"floor":42,"key":"MealTicket"},{"floor":43,"key":"Pet Ghost"},{"floor":46,"key":"Replay:Rubber Ducky"},{"floor":49,"key":"TungstenRod"},{"floor":51,"key":"Centennial Puzzle"}],"event_choices":[{"damage_healed":0.0,"max_hp_gain":0.0,"max_hp_loss":0.0,"gold_gain":75.0,"event_name":"World of Goop","player_choice":"Gather Gold","floor":10.0,"gold_loss":0.0,"damage_taken":11.0},{"damage_healed":0.0,"max_hp_gain":0.0,"max_hp_loss":0.0,"gold_gain":0.0,"event_name":"Mushrooms","player_choice":"Fought Mushrooms","floor":14.0,"gold_loss":0.0,"damage_taken":0.0},{"damage_healed":0.0,"max_hp_gain":0.0,"max_hp_loss":0.0,"gold_gain":0.0,"event_name":"爱的神圣花园","player_choice":"Choice 1","floor":32.0,"gold_loss":0.0,"damage_taken":0.0,"relics_obtained":["alterego_mod:FleetingLove"]},{"damage_healed":0,"gold_gain":0,"player_choice":"Bought 0 Potions","damage_taken":0,"max_hp_gain":0,"max_hp_loss":0,"event_name":"The Woman in Blue","floor":39,"gold_loss":0},{"damage_healed":0,"gold_gain":0,"player_choice":"Memory 2","damage_taken":5,"max_hp_gain":0,"max_hp_loss":0,"event_name":"SensoryStone","floor":41,"gold_loss":0},{"damage_healed":0,"gold_gain":0,"player_choice":"Max HP","damage_taken":0,"max_hp_gain":0,"max_hp_loss":4,"event_name":"Winding Halls","floor":44,"gold_loss":0}],"is_beta":false,"boss_relics":[{"not_picked":["Calling Bell","Replay:Bronze Core"],"picked":"TheCursedMod:FourLeafCloverCharm"},{"not_picked":["Snecko Eye","Ring of Chaos"],"picked":"Replay:Grab Bag"},{"not_picked":["Runic Dome","Fusion Hammer"],"picked":"ChewingGum"},{"not_picked":["Sozu","SlaversCollar"],"picked":"Cursed Key"},{"not_picked":["Empty Cage","Black Star"],"picked":"Honey Jar"},{"not_picked":["TheCursedMod:BlackMagicAdvanced","Astrolabe"],"picked":"SacredBark"}],"items_purged_floors":[],"is_endless":false,"potions_floor_spawned":[4,5,7,13,14,16,19,22,33,37,47,50],"ascension_level":1}}