{"host":"cm56dopeulr50jn0","time":1608870625,"event":{"mods":["BaseMod","Bestiary","Better Match","Better Third Choice","Downfall","Minty Spire (QoL Compilation)","Relic Stats","StSLib"],"gold_per_floor":[99,116,136,156,176,196,221,5,32,46,46,78,78,78,93,93,93,93],"floor_reached":16,"playtime":1403,"items_purged":["champ:Strike"],"score":114,"play_id":"f1e5cc13-64f6-41c5-9fbe-04441beb23d9","local_time":"20201224203025","is_ascension_mode":false,"campfire_choices":[{"data":"champ:Taunt","floor":1,"key":"SMITH"},{"data":"champ:IgnorePain","floor":11,"key":"SMITH"},{"data":"champ:SkillfulDodge","floor":13,"key":"SMITH"}],"circlet_count":0,"master_deck":["champ:Strike","champ:Strike","champ:Strike","champ:Defend","champ:Defend","champ:Defend","champ:Defend","champ:Execute","champ:Taunt+1","champ:DefensiveStyle","champ:GutPunch","champ:Haymaker","champ:IgnorePain+1","champ:DefensiveShout","champ:DancingMaster","champ:BerserkersShout","champ:AdrenalArmor","champ:SkillfulDodge+1","champ:Lariat"],"relics":["champ:ChampionCrown","Bronze Scales","Happy Flower","Centennial Puzzle","Incense Burner"],"acts_visited":["Exordium"],"potions_floor_usage":[9,9],"damage_taken":[{"damage":19,"enemies":"Cultist","floor":2,"turns":4},{"damage":5,"enemies":"Jaw Worm","floor":3,"turns":4},{"damage":11,"enemies":"Small Slimes","floor":4,"turns":4},{"damage":13,"enemies":"Blue Slaver","floor":5,"turns":4},{"damage":11,"enemies":"Large Slime","floor":6,"turns":7},{"damage":5,"enemies":"downfall:FleeingMerchant","floor":8,"turns":4},{"damage":18,"enemies":"3 Sentries","floor":9,"turns":7},{"damage":10,"enemies":"2 Fungi Beasts","floor":10,"turns":4},{"damage":40,"enemies":"Lagavulin","floor":12,"turns":7},{"damage":18,"enemies":"Lots of Slimes","floor":15,"turns":3},{"damage":21,"enemies":"downfall:Watcher","floor":16,"turns":4}],"seed_played":"-8223287884981433169","potions_obtained":[{"floor":2,"key":"champ:CounterPotion"},{"floor":4,"key":"Explosive Potion"},{"floor":6,"key":"SteroidPotion"}],"is_trial":false,"path_per_floor":["R","M","M","M","M","M","T","$","E","M","R","E","R","?","M","B"],"character_chosen":"THE_CHAMP","items_purchased":["champ:DefensiveShout","champ:DancingMaster"],"campfire_rested":0,"item_purchase_floors":[8,8],"current_hp_per_floor":[99,90,90,87,79,79,79,79,66,59,59,45,45,27,14,0,0,0],"gold":93,"neow_bonus":"TEN_PERCENT_HP_BONUS","is_daily":false,"chose_seed":false,"campfire_upgraded":3,"win_rate":0.0,"timestamp":1608870625,"path_taken":["R","M","?","M","M","M","T","$","E","M","R","E","R","?","M","BOSS"],"items_purchased_type":["Card","Card"],"build_version":"2020-12-22","purchased_purges":1,"victory":false,"max_hp_per_floor":[99,99,99,99,99,99,99,99,99,99,99,99,99,99,99,99,99,99],"relic_stats":{"Centennial Puzzle":[6],"Happy Flower":[6],"counters":[11,52],"Bronze Scales":[59],"obtain_stats":[{"Centennial Puzzle":12,"Happy Flower":9,"Bronze Scales":7,"champ:ChampionCrown":0,"Incense Burner":14},{"Centennial Puzzle":9,"Happy Flower":7,"Bronze Scales":5,"champ:ChampionCrown":0,"Incense Burner":9},{"Centennial Puzzle":45,"Happy Flower":34,"Bronze Scales":23,"champ:ChampionCrown":0,"Incense Burner":45}]},"card_choices":[{"not_picked":["champ:GutPunch","champ:FocusedGladiator"],"picked":"champ:DefensiveStyle","floor":2},{"not_picked":["champ:Circumvent","champ:GladiatorsShout"],"picked":"champ:GutPunch","floor":3},{"not_picked":["champ:CrookedStrike","champ:FalseCounter"],"picked":"champ:Haymaker","floor":4},{"not_picked":["champ:BringItOn","champ:FlashCut","champ:FocusedGladiator"],"picked":"SKIP","floor":5},{"not_picked":["champ:TornadoPunch","champ:RapidStrikes","champ:GutPunch"],"picked":"SKIP","floor":6},{"not_picked":["champ:PreciseThrust","champ:PerfectedStrike"],"picked":"champ:IgnorePain","floor":8},{"not_picked":["champ:Circumvent","champ:Duel"],"picked":"champ:BerserkersShout","floor":9},{"not_picked":["champ:HeartStrike","champ:GutPunch"],"picked":"champ:AdrenalArmor","floor":10},{"not_picked":["champ:Circumvent","champ:PreciseThrust"],"picked":"champ:SkillfulDodge","floor":12},{"not_picked":["champ:RapidStrikes","champ:CrookedStrike"],"picked":"champ:Lariat","floor":15}],"player_experience":1358965,"relics_obtained":[{"floor":7,"key":"Bronze Scales"},{"floor":9,"key":"Happy Flower"},{"floor":12,"key":"Centennial Puzzle"}],"event_choices":[{"damage_healed":0,"gold_gain":0,"player_choice":"Relic ","damage_taken":18,"max_hp_gain":0,"max_hp_loss":0,"event_name":"betterThird:BetterScrap","floor":14,"gold_loss":0,"cards_obtained":["Offering"]}],"is_beta":false,"boss_relics":[],"items_purged_floors":[8],"is_endless":false,"potions_floor_spawned":[2,4,6],"killed_by":"downfall:Watcher","ascension_level":0}}