{"host":"3jpwrwmmgyabjceh","time":1608898545,"event":{"mods":["AchievementEnabler","BaseMod","Colored Map","Colored Powertips","Highlight Path","Minty Spire (QoL Compilation)","Quick Restart","StSLib"],"gold_per_floor":[110,110,124,143,157,157,177,188,188,188,205,205,224,224,224,323,323,333,351,209,229,229,229],"floor_reached":22,"playtime":593,"items_purged":["Strike_B"],"score":218,"play_id":"1248ce08-8a1d-4cf9-90fa-8b00eedec154","local_time":"20201225151545","is_ascension_mode":true,"campfire_choices":[{"data":"Dualcast","floor":6.0,"key":"SMITH"},{"floor":10.0,"key":"REST"},{"floor":12.0,"key":"REST"},{"floor":15.0,"key":"REST"}],"circlet_count":0,"master_deck":["Strike_B","Strike_B+1","Strike_B","Defend_B+1","Defend_B","Defend_B","Defend_B","Zap+1","Dualcast+1","Redo+1","Consume","Turbo","Blizzard","Buffer","Machine Learning","Loop","Loop","Stack+1"],"relics":["Cracked Core","Torii","Sozu"],"acts_visited":["Exordium","TheCity"],"potions_floor_usage":[],"damage_taken":[{"damage":2.0,"enemies":"Jaw Worm","floor":1.0,"turns":3.0},{"damage":1.0,"enemies":"Cultist","floor":3.0,"turns":3.0},{"damage":2.0,"enemies":"2 Louse","floor":4.0,"turns":2.0},{"damage":35.0,"enemies":"Gremlin Gang","floor":5.0,"turns":4.0},{"damage":10.0,"enemies":"2 Fungi Beasts","floor":7.0,"turns":3.0},{"damage":11.0,"enemies":"Large Slime","floor":8.0,"turns":5.0},{"damage":21.0,"enemies":"Gremlin Gang","floor":11.0,"turns":4.0},{"damage":14.0,"enemies":"Lots of Slimes","floor":13.0,"turns":4.0},{"damage":27.0,"enemies":"Hexaghost","floor":16.0,"turns":11.0},{"damage":19.0,"enemies":"Spheric Guardian","floor":18.0,"turns":4.0},{"damage":0,"enemies":"Chosen","floor":19,"turns":4},{"damage":50,"enemies":"Sentry and Sphere","floor":21,"turns":6},{"damage":8,"enemies":"Snake Plant","floor":22,"turns":1}],"seed_played":"-8540200666244474514","potions_obtained":[{"floor":5.0,"key":"AttackPotion"},{"floor":11.0,"key":"GamblersBrew"},{"floor":13.0,"key":"FocusPotion"},{"floor":16.0,"key":"Ancient Potion"}],"is_trial":false,"path_per_floor":["M","?","M","M","M","R","M","M","T","R","M","R","M","?","R","B",null,"M","M","$","M","M"],"character_chosen":"DEFECT","items_purchased":["Loop"],"campfire_rested":3,"item_purchase_floors":[20],"current_hp_per_floor":[73,73,72,70,35,35,25,14,14,36,15,37,23,8,30,3,75,56,56,56,6,0,0],"gold":229,"neow_bonus":"UPGRADE_CARD","is_daily":false,"chose_seed":false,"campfire_upgraded":1,"win_rate":0.0,"timestamp":1608898545,"path_taken":["M","?","M","M","?","R","M","M","T","R","M","R","M","?","R","BOSS","M","M","$","M","M"],"items_purchased_type":["Card"],"build_version":"2020-12-22","purchased_purges":1,"victory":false,"max_hp_per_floor":[75,75,75,75,75,75,75,75,75,75,75,75,75,75,75,75,75,75,75,75,75,75,75],"card_choices":[{"not_picked":["Compile Driver","Go for the Eyes"],"picked":"Redo","floor":1.0},{"not_picked":["Cold Snap","BootSequence","Rebound"],"picked":"SKIP","floor":3.0},{"not_picked":["Ball Lightning","Compile Driver"],"picked":"Consume","floor":4.0},{"not_picked":["Hello World","Stack","Go for the Eyes"],"picked":"SKIP","floor":5.0},{"not_picked":["Consume","Stack"],"picked":"Turbo","floor":7.0},{"not_picked":["Redo","Stack"],"picked":"Blizzard","floor":8.0},{"not_picked":["Lockon","Fusion"],"picked":"Buffer","floor":11.0},{"not_picked":["Stack","Rebound","Genetic Algorithm"],"picked":"SKIP","floor":13.0},{"not_picked":["All For One","Hyperbeam"],"picked":"Machine Learning","floor":16.0},{"not_picked":["Hologram","Static Discharge","Hello World"],"picked":"SKIP","floor":18.0},{"not_picked":["Compile Driver","Go for the Eyes"],"picked":"Loop","floor":19},{"not_picked":["Static Discharge+1","Barrage+1"],"picked":"Stack+1","floor":21}],"player_experience":276124,"relics_obtained":[{"floor":9.0,"key":"Torii"}],"event_choices":[{"damage_healed":0.0,"max_hp_gain":0.0,"max_hp_loss":0.0,"gold_gain":0.0,"event_name":"Upgrade Shrine","player_choice":"Upgraded","floor":2.0,"gold_loss":0.0,"damage_taken":0.0,"cards_upgraded":["Redo"]},{"damage_healed":0.0,"max_hp_gain":0.0,"max_hp_loss":0.0,"gold_gain":0.0,"event_name":"Shining Light","player_choice":"Entered Light","floor":14.0,"gold_loss":0.0,"damage_taken":15.0,"cards_upgraded":["Defend_B","Strike_B"]}],"is_beta":false,"boss_relics":[{"not_picked":["Pandora\u0027s Box","Ectoplasm"],"picked":"Sozu"}],"items_purged_floors":[20],"is_endless":false,"potions_floor_spawned":[5,11,13,16,21],"killed_by":"Snake Plant","ascension_level":4}}