{"host":"6vv0uythevi5qk1w","time":1608877269,"event":{"mods":["Act Like it!","BaseMod","Downfall","Gensokyo","Minty Spire (QoL Compilation)","Remilia£®¿Ÿ√◊¿Ú—«£©","Replay The Spire","StSLib"],"gold_per_floor":[119,15,95,95,110,110,140,152,152,162,847,874,974,1001,1001,1099,1099,1113,1113,72,81,81,81,124,124,200,200,239,239,255,255,255,372,372,382,382,27,42,319,319,328,328,328,328,369,15,15,26,26,26,26,26,26,52,52],"floor_reached":56,"playtime":3689,"items_purged":["Strike_B","Defend_B"],"score":1760,"play_id":"de71dba6-f746-4bdf-a4d1-06e4eebdc9a3","local_time":"20201225142109","is_ascension_mode":true,"campfire_choices":[{"data":"Dualcast","floor":6.0,"key":"SMITH"},{"data":"BasicCrystalCard","floor":15.0,"key":"SMITH"},{"data":"Coolheaded","floor":23.0,"key":"SMITH"},{"data":"ReplayUltimateDefense","floor":25.0,"key":"SMITH"},{"data":"Defragment","floor":32,"key":"SMITH"},{"data":"Gensokyo:RainbowDanmaku","floor":42,"key":"SMITH"},{"floor":44,"key":"RECALL"},{"data":"Mirror Shield","floor":47,"key":"SMITH"},{"data":"Turbo","floor":49,"key":"SMITH"},{"data":"Rainbow","floor":52,"key":"SMITH"}],"circlet_count":0,"master_deck":["Strike_B","Defend_B","Defend_B","Zap","BasicCrystalCard+1","Coolheaded+1","Hologram","Glacier","FIFO Queue","Barrage","Turbo+1","Defragment+1","All For One","Machine Learning","ReplayUltimateDefense+1","Replay:SS_hec_4","expansioncontent:DefensiveStance","Gensokyo:TekeTeke","Beam Cell+1","Meteor Strike","Gensokyo:ShootingStar","All For One","Rainbow+1","Gensokyo:RainbowDanmaku+1","Mirror Shield+1","All For One","Compile Driver"],"relics":["Cracked Core","NeowsBlessing","Replay:Antivirus Software","Gensokyo:OccultBall","Cables","The Courier","Strawberry","Juzu Bracelet","Snecko Eye","ReplayTheSpireMod:ShopPack","sneckomod:BlankCard","Centennial Puzzle","Emotion Chip","Blue Doll","CeramicFish","Chameleon Ring","Vajra","sneckomod:SuperSneckoEye","Gensokyo:RedStar","Carrot","Gensokyo:SongOfSouls","Replay:WaspNest","sneckomod:SneckoTalon","Runic Capacitor","Ice Cream","Garlic","Onion Ring","Blue Candle","Bronze Scales"],"acts_visited":["Exordium","Gensokyo:Gensokyo","Gensokyo:Gensokyoer","TheEnding"],"potions_floor_usage":[55,55,55],"damage_taken":[{"damage":0.0,"enemies":"Gensokyo:Python","floor":1.0,"turns":1.0},{"damage":0.0,"enemies":"Gensokyo:3_Fairies","floor":5.0,"turns":1.0},{"damage":0.0,"enemies":"Gensokyo:Aya","floor":7.0,"turns":1.0},{"damage":14.0,"enemies":"Gensokyo:Gryphon","floor":8.0,"turns":4.0},{"damage":0.0,"enemies":"Gensokyo:LivingMonolith","floor":10.0,"turns":3.0},{"damage":27.0,"enemies":"Gensokyo:Kitsune","floor":11.0,"turns":7.0},{"damage":10.0,"enemies":"Gensokyo:Cirno","floor":12.0,"turns":6.0},{"damage":0.0,"enemies":"Gensokyo:Aya","floor":14.0,"turns":1.0},{"damage":17.0,"enemies":"Gensokyo:Kokoro","floor":16.0,"turns":14.0},{"damage":1.0,"enemies":"Gensokyo:Chomper","floor":18.0,"turns":6.0},{"damage":13.0,"enemies":"Gensokyo:Tenshi","floor":24.0,"turns":5.0},{"damage":0.0,"enemies":"Gensokyo:Reisen","floor":28.0,"turns":2.0},{"damage":0,"enemies":"Gensokyo:AngelMirror","floor":30,"turns":2},{"damage":0,"enemies":"Gensokyo:Eternal_Rivals","floor":33,"turns":6},{"damage":0,"enemies":"Gensokyo:3_Bats","floor":35,"turns":1},{"damage":3,"enemies":"Gensokyo:AncientGuardian","floor":38,"turns":3},{"damage":0,"enemies":"Gensokyo:AtlasGolem","floor":39,"turns":6},{"damage":39,"enemies":"Gensokyo:AtlasGolem","floor":41,"turns":6},{"damage":4,"enemies":"Gensokyo:Doremy","floor":45,"turns":3},{"damage":0,"enemies":"Gensokyo:SeedOfUnknown","floor":48,"turns":2},{"damage":0,"enemies":"Gensokyo:Yuyuko","floor":50,"turns":1},{"damage":0,"enemies":"Shield and Spear","floor":54,"turns":1},{"damage":30,"enemies":"The Heart","floor":55,"turns":5}],"seed_played":"-8466156540511746033","potions_obtained":[{"floor":1.0,"key":"GamblersBrew"},{"floor":5.0,"key":"AttackPotion"},{"floor":10.0,"key":"SteroidPotion"},{"floor":12.0,"key":"Regen Potion"},{"floor":16.0,"key":"Ancient Potion"},{"floor":24.0,"key":"BlessingOfTheForge"},{"floor":33,"key":"Languid Potion"},{"floor":48,"key":"Adrenaline Potion"}],"is_trial":false,"path_per_floor":["M","COS","?","?","M","R","E","M","T","M","M","E","?","E","R","B",null,"M","?","$","?","?","R","E","R","T","?","E","?","M","?","R","B",null,"M","?","COS","M","M","?","?","R","T","R","E","$","R","M","R","B",null,"R","$","E","B",null],"character_chosen":"DEFECT","items_purchased":["ReplayTheSpireMod:ShopPack","sneckomod:BlankCard","Centennial Puzzle","Emotion Chip","Blue Doll","CeramicFish","Chameleon Ring","Blue Candle","All For One","Compile Driver"],"campfire_rested":0,"item_purchase_floors":[20,20,20,20,20,20,20,46,46,46],"current_hp_per_floor":[68,68,68,68,68,68,68,54,54,54,34,24,24,24,24,22,67,66,66,66,66,66,66,53,53,53,53,53,53,53,53,53,69,69,69,69,69,66,66,39,39,39,39,39,35,35,35,35,35,35,61,61,61,61,31],"gold":52,"neow_bonus":"THREE_ENEMY_KILL","is_daily":false,"chose_seed":false,"campfire_upgraded":9,"win_rate":0.0,"timestamp":1608877269,"path_taken":["M","COS","?","?","M","R","E","M","T","M","M","E","?","E","R","BOSS","M","?","$","?","?","R","E","R","T","?","E","?","M","?","R","BOSS","M","?","COS","M","M","?","?","R","T","R","E","?","R","M","R","BOSS","R","$","E","BOSS"],"items_purchased_type":["Relic","Relic","Relic","Relic","Relic","Relic","Relic","Relic","Card","Card"],"build_version":"2020-12-22","purchased_purges":2,"victory":true,"max_hp_per_floor":[75,75,75,75,75,75,75,75,75,75,82,82,82,82,82,82,82,82,82,82,74,74,74,74,74,74,74,74,74,74,69,69,69,69,69,69,69,69,69,69,69,69,69,69,69,69,69,69,69,69,69,69,69,69,69],"card_choices":[{"not_picked":["BootSequence","FIFO Queue"],"picked":"BasicCrystalCard","floor":1.0},{"not_picked":["Compile Driver","Panic Button"],"picked":"Coolheaded","floor":3.0},{"not_picked":["ReplaySort","Force Field"],"picked":"Skim","floor":3.0},{"not_picked":["Tempest","Beam Cell","BasicCrystalCard"],"picked":"SKIP","floor":5.0},{"not_picked":["Stack","ReplayTheSpireMod:Repulse"],"picked":"Hologram","floor":7.0},{"not_picked":["Redo","Leap"],"picked":"Glacier","floor":8.0},{"not_picked":["ReplayTheSpireMod:Calculation Training","Compile Driver"],"picked":"FIFO Queue","floor":10.0},{"not_picked":["FTL","Rebound"],"picked":"Barrage","floor":11.0},{"not_picked":["Rebound","Panic Button"],"picked":"Turbo","floor":12.0},{"not_picked":["Reinforced Body","Rebound"],"picked":"Defragment","floor":14.0},{"not_picked":["Seek","ReplayRNGCard"],"picked":"All For One","floor":16.0},{"not_picked":["Hologram","Ball Lightning+1","Conserve Battery"],"picked":"SKIP","floor":18.0},{"not_picked":["Master of Strategy","Mayhem"],"picked":"ReplayUltimateDefense","floor":20.0},{"not_picked":["Replay:BasicMightCard","Replay:SS_forest_2"],"picked":"Replay:SS_hec_4","floor":20.0},{"not_picked":["Jack Of All Trades","Finesse"],"picked":"expansioncontent:DefensiveStance","floor":20.0},{"not_picked":["Gensokyo:SlitMouthedWoman","Gensokyo:HAARP"],"picked":"Gensokyo:TekeTeke","floor":21.0},{"not_picked":["Turbo","BootSequence"],"picked":"Beam Cell+1","floor":24.0},{"not_picked":["Rip and Tear","Streamline+1"],"picked":"Meteor Strike","floor":28.0},{"not_picked":["Ball Lightning","ReplayTheSpireMod:Repulse+1","Coolheaded"],"picked":"SKIP","floor":30},{"not_picked":[],"picked":"Gensokyo:ShootingStar","floor":33},{"not_picked":["Electrodynamics","ReplayRNGCard"],"picked":"All For One","floor":33},{"not_picked":["Go for the Eyes+1","Redo","Self Repair"],"picked":"SKIP","floor":35},{"not_picked":["Tempest+1","Scrape+1","Capacitor+1"],"picked":"SKIP","floor":38},{"not_picked":["Rebound+1","Redo","Chill+1"],"picked":"SKIP","floor":38},{"not_picked":["ReplayTheSpireMod:Omega Cannon","Reboot"],"picked":"Rainbow","floor":39},{"not_picked":["Panic Button","Cold Snap","Lockon"],"picked":"SKIP","floor":39},{"not_picked":["Gensokyo:UnlikelyAid","Gensokyo:RisingWorld"],"picked":"Gensokyo:RainbowDanmaku","floor":41},{"not_picked":["Static Discharge+1","Cold Snap+1"],"picked":"Mirror Shield","floor":45},{"not_picked":["Beam Cell","Redo","Steam+1"],"picked":"SKIP","floor":48},{"not_picked":["Loop+1","Rebound","Hyperbeam"],"picked":"SKIP","floor":54}],"player_experience":396313,"relics_obtained":[{"floor":3.0,"key":"Replay:Antivirus Software"},{"floor":7.0,"key":"Gensokyo:OccultBall"},{"floor":7.0,"key":"Cables"},{"floor":9.0,"key":"The Courier"},{"floor":12.0,"key":"Juzu Bracelet"},{"floor":16.0,"key":"Gensokyo:OccultBall"},{"floor":18.0,"key":"Gensokyo:OccultBall"},{"floor":24.0,"key":"Vajra"},{"floor":26.0,"key":"sneckomod:SuperSneckoEye"},{"floor":28.0,"key":"Carrot"},{"floor":33,"key":"Gensokyo:OccultBall"},{"floor":45,"key":"Onion Ring"},{"floor":54,"key":"Bronze Scales"}],"event_choices":[],"is_beta":false,"boss_relics":[{"not_picked":["Snecko Heart","expansioncontent:StudyCardRelic"],"picked":"Snecko Eye"},{"not_picked":["Replay:Wanted Poster","Black Star"],"picked":"sneckomod:SneckoTalon"}],"items_purged_floors":[20,46],"is_endless":false,"potions_floor_spawned":[1,5,10,12,16,24,33,35,48],"ascension_level":6}}