{"host":"lck2g1j0kcwr02ez","time":1608865857,"event":{"mods":["Act Like it!","BaseMod","CapriCore","Hallownest","Hermit","Mari Mod (Legacy)","Mari\u0027s V1 Patch","Minty Spire (QoL Compilation)","Nova Terra(ÅµÍÞ¡¤Ì©À­)","Rare Cards Sparkle","StSLib","The Bug Knight","The Hierophant"],"gold_per_floor":[109,109,109,59,9166,9166,9137,9137,9163,9181,9212,9226,9226,8324,8324,8334,8334,8244,8244,7668,7578,7488,6840,6840,6840,6840,6840,6840,6840,6840,6101,6101],"floor_reached":31,"playtime":2394,"items_purged":["NovaMod:Basic_Defend_Nova","NovaMod:Basic_Strike_Nova","NovaMod:Basic_Defend_Nova","NovaMod:Basic_Defend_Nova"],"score":303,"play_id":"4d3dce80-0c2b-488e-a2ba-99b952ca05e4","local_time":"20201225111057","is_ascension_mode":false,"campfire_choices":[{"data":"NovaMod:PenetratingBlast","floor":6.0,"key":"SMITH"},{"data":"NovaMod:AssaultMode","floor":13.0,"key":"SMITH"},{"floor":15.0,"key":"RECALL"}],"circlet_count":0,"master_deck":["NovaMod:Basic_Strike_Nova+1","NovaMod:Basic_Strike_Nova+1","NovaMod:Snipe","NovaMod:PenetratingBlast+1","NovaMod:Blink","NovaMod:AssaultMode+1","NovaMod:PredatorMissile","NovaMod:RadiationShield","NovaMod:NuclearFactory+","NovaMod:RadiationWarrior","NovaMod:ScienceVessel","NovaMod:Upgrade","NovaMod:HydrogenBomb+","NovaMod:RadioactiveSource","NovaMod:FastGuidance","NovaMod:Chaos","J.A.X.","NovaMod:TechLab+1"],"relics":["NovaMod:GhostSuit","NeowsBlessing","PreservedInsect","Turnip","ClockworkSouvenir","Akabeko","Happy Flower","Thread and Needle","Sundial","Mercury Hourglass","Frozen Eye","Ectoplasm","Centennial Puzzle","InkBottle","Pear","Ancient Tea Set","Ornamental Fan","MealTicket","HandDrill","Dead Branch"],"acts_visited":["Exordium","TheCity"],"potions_floor_usage":[25],"damage_taken":[{"damage":0.0,"enemies":"Small Slimes","floor":1.0,"turns":1.0},{"damage":0.0,"enemies":"Jaw Worm","floor":10.0,"turns":1.0},{"damage":0.0,"enemies":"HollowMod:MossKnight","floor":11.0,"turns":1.0},{"damage":0.0,"enemies":"2 Louse","floor":12.0,"turns":1.0},{"damage":19.0,"enemies":"Hexaghost","floor":16.0,"turns":9.0},{"damage":5.0,"enemies":"Spheric Guardian","floor":18.0,"turns":6.0},{"damage":1,"enemies":"Chosen","floor":21,"turns":5},{"damage":4,"enemies":"Centurion and Healer","floor":22,"turns":4},{"damage":14,"enemies":"Chosen and Byrds","floor":24,"turns":5},{"damage":10,"enemies":"Snake Plant","floor":25,"turns":4},{"damage":8,"enemies":"Shelled Parasite and Fungi","floor":29,"turns":3},{"damage":23,"enemies":"Gremlin Leader","floor":30,"turns":5}],"seed_played":"6264336995323552860","potions_obtained":[{"floor":30,"key":"DuplicationPotion"}],"is_trial":false,"path_per_floor":["M","?","?","?","$","R","?","?","T","M","E","M","R","$","R","B",null,"M","?","$","M","M","$","M","M","T","?","?","M","E","$"],"character_chosen":"NOVA","items_purchased":["Explosive Potion","PreservedInsect","Turnip","ClockworkSouvenir","DistilledChaos","EntropicBrew","Sundial","Mercury Hourglass","Frozen Eye","Fruit Juice","EssenceOfSteel","NovaMod:NuclearFactory+","Centennial Puzzle","InkBottle","NovaMod:ScienceVessel","Pear","Ancient Tea Set","NovaMod:FastGuidance","NovaMod:Chaos","MealTicket","HandDrill","Dead Branch"],"campfire_rested":0,"item_purchase_floors":[5,5,5,5,5,5,14,14,14,14,14,14,20,20,20,23,23,23,23,31,31,31],"current_hp_per_floor":[80,80,64,64,64,64,64,52,52,52,52,52,52,57,57,38,85,80,80,80,79,75,85,71,61,61,61,61,53,30,30,30],"gold":6101,"neow_bonus":"THREE_ENEMY_KILL","is_daily":false,"chose_seed":false,"campfire_upgraded":2,"win_rate":0.0,"timestamp":1608865857,"path_taken":["M","?","?","?","$","R","?","?","T","M","E","?","R","$","R","BOSS","M","?","$","M","M","$","M","?","T","?","?","?","E","?"],"items_purchased_type":["Potion","Relic","Relic","Relic","Potion","Potion","Relic","Relic","Relic","Potion","Potion","Undefined","Relic","Relic","Card","Relic","Relic","Card","Card","Relic","Relic","Relic"],"build_version":"2020-12-22","purchased_purges":4,"victory":false,"max_hp_per_floor":[80,80,80,80,80,80,80,80,80,80,80,80,80,85,85,85,85,85,85,85,85,85,95,95,95,95,95,95,95,95,95,95],"card_choices":[{"not_picked":["NovaMod:SmartServos","NovaMod:TechLab"],"picked":"NovaMod:Blink","floor":1.0},{"not_picked":["NovaMod:SwiftChop","NovaMod:WidowMine"],"picked":"NovaMod:PredatorMissile","floor":10.0},{"not_picked":["NovaMod:BarrageShooting","NovaMod:JetAssault"],"picked":"NovaMod:RadiationShield","floor":11.0},{"not_picked":["NovaMod:TechLab","NovaMod:PulseGrenade","NovaMod:Detonation"],"picked":"SKIP","floor":12.0},{"not_picked":["NovaMod:NuclearRefining","NovaMod:ScienceVessel"],"picked":"NovaMod:RadiationWarrior","floor":16.0},{"not_picked":["NovaMod:QuickResponse+1","NovaMod:WidowMine","NovaMod:Bioaugmentation"],"picked":"SKIP","floor":18.0},{"not_picked":["NovaMod:BarrageShooting","NovaMod:Lurk+1"],"picked":"NovaMod:Upgrade","floor":21},{"not_picked":["NovaMod:NuclearInterference","NovaMod:PsychicShield"],"picked":"NovaMod:RadioactiveSource","floor":22},{"not_picked":["NovaMod:Snipe","NovaMod:Lurk","NovaMod:SwiftChop"],"picked":"SKIP","floor":24},{"not_picked":["NovaMod:MultilayerArmor+1","NovaMod:Lurk","NovaMod:SwiftChop"],"picked":"SKIP","floor":25},{"not_picked":["NovaMod:Bioaugmentation","NovaMod:WidowMine","NovaMod:PenetratingBlast"],"picked":"SKIP","floor":29},{"not_picked":["NovaMod:PrecsionAssembly","NovaMod:MagrailMunitions"],"picked":"NovaMod:TechLab+1","floor":30}],"player_experience":283710,"relics_obtained":[{"floor":9.0,"key":"Happy Flower"},{"floor":11.0,"key":"Thread and Needle"},{"floor":30,"key":"Ornamental Fan"}],"event_choices":[{"damage_healed":0.0,"max_hp_gain":0.0,"max_hp_loss":0.0,"gold_gain":0.0,"cards_transformed":["NovaMod:Basic_Strike_Nova"],"event_name":"Living Wall","player_choice":"Change","floor":2.0,"gold_loss":0.0,"damage_taken":0.0,"cards_obtained":["NovaMod:AssaultMode"]},{"damage_healed":0.0,"max_hp_gain":0.0,"max_hp_loss":0.0,"gold_gain":0.0,"event_name":"Shining Light","player_choice":"Entered Light","floor":3.0,"gold_loss":0.0,"damage_taken":16.0,"cards_upgraded":["NovaMod:Basic_Strike_Nova","NovaMod:Basic_Strike_Nova"]},{"cards_removed":["NovaMod:Basic_Defend_Nova"],"damage_healed":0.0,"max_hp_gain":0.0,"max_hp_loss":0.0,"gold_gain":0.0,"event_name":"The Cleric","player_choice":"Card Removal","floor":4.0,"gold_loss":50.0,"damage_taken":0.0},{"damage_healed":0.0,"max_hp_gain":0.0,"max_hp_loss":0.0,"gold_gain":0.0,"event_name":"World of Goop","player_choice":"Left Gold","floor":7.0,"gold_loss":29.0,"damage_taken":0.0},{"damage_healed":0.0,"max_hp_gain":0.0,"max_hp_loss":0.0,"gold_gain":0.0,"event_name":"Scrap Ooze","player_choice":"Success","floor":8.0,"gold_loss":0.0,"damage_taken":12.0,"relics_obtained":["Akabeko"]},{"damage_healed":0,"gold_gain":0,"player_choice":"Leave","damage_taken":0,"max_hp_gain":0,"max_hp_loss":0,"event_name":"FaceTrader","floor":19,"gold_loss":0},{"damage_healed":0,"gold_gain":0,"player_choice":"Obtain J.A.X.","damage_taken":0,"max_hp_gain":0,"max_hp_loss":0,"event_name":"Drug Dealer","floor":27,"gold_loss":0,"cards_obtained":["J.A.X."]},{"damage_healed":0,"gold_gain":100,"player_choice":"Pray","damage_taken":0,"max_hp_gain":0,"max_hp_loss":0,"event_name":"Golden Shrine","floor":28,"gold_loss":0}],"is_beta":false,"boss_relics":[{"not_picked":["Empty Cage","Black Star"],"picked":"Ectoplasm"}],"items_purged_floors":[5,20,23,31],"is_endless":false,"potions_floor_spawned":[10,12,21,22,30],"ascension_level":0}}