{"host":"zig6x0mxqzam82fb","time":1608897795,"event":{"mods":["BaseMod","Block Reminder","Colored Map","Colored Powertips","Minty Spire (QoL Compilation)","Relic Stats"],"gold_per_floor":[112,123,9,9,29,29,204,204,227,256,269,269,28,55,55,158,158,171,191,206,206,206],"floor_reached":21,"playtime":1206,"items_purged":["Strike_B"],"score":300,"play_id":"cc457427-e0ec-4e7a-b2cb-0966fd0f68fc","local_time":"20201225070315","is_ascension_mode":true,"campfire_choices":[{"data":"Loop","floor":6,"key":"SMITH"},{"floor":8,"key":"REST"},{"floor":15,"key":"REST"}],"circlet_count":0,"master_deck":["Strike_B","Strike_B","Strike_B","Defend_B","Defend_B+1","Defend_B","Defend_B","Zap","Dualcast+1","Coolheaded","Lockon","Loop+1","Go for the Eyes","Doubt","Rebound","Leap","Ball Lightning","Rainbow","Loop+1","Streamline","Hologram"],"relics":["Cracked Core","Smiling Mask","Art of War","Cables","Frozen Egg 2","Shuriken","Sozu"],"acts_visited":["Exordium","TheCity"],"potions_floor_usage":[10,14,16],"damage_taken":[{"damage":7,"enemies":"Jaw Worm","floor":1,"turns":3},{"damage":0,"enemies":"Small Slimes","floor":2,"turns":3},{"damage":0,"enemies":"Cultist","floor":5,"turns":2},{"damage":14,"enemies":"Gremlin Nob","floor":10,"turns":4},{"damage":0,"enemies":"Large Slime","floor":11,"turns":4},{"damage":11,"enemies":"Lagavulin","floor":14,"turns":9},{"damage":42,"enemies":"Hexaghost","floor":16,"turns":8},{"damage":3,"enemies":"Chosen","floor":18,"turns":4},{"damage":13,"enemies":"Shell Parasite","floor":19,"turns":8},{"damage":36,"enemies":"Snecko","floor":20,"turns":5},{"damage":25,"enemies":"Snake Plant","floor":21,"turns":4}],"seed_played":"8563834834921823779","potions_obtained":[{"floor":2,"key":"SpeedPotion"},{"floor":5,"key":"DistilledChaos"},{"floor":10,"key":"SteroidPotion"},{"floor":11,"key":"FocusPotion"}],"is_trial":false,"path_per_floor":["M","M","$","?","M","R","?","R","T","E","M","?","$","E","R","B",null,"M","M","M","M"],"character_chosen":"DEFECT","items_purchased":["Loop","Frozen Egg 2"],"campfire_rested":2,"item_purchase_floors":[3,13],"current_hp_per_floor":[68,68,68,52,52,52,52,76,76,62,62,62,62,51,75,33,70,67,54,18,0,0],"gold":206,"neow_bonus":"TEN_PERCENT_HP_BONUS","is_daily":false,"chose_seed":false,"campfire_upgraded":1,"win_rate":0.0,"timestamp":1608897795,"path_taken":["M","M","$","?","M","R","?","R","T","E","M","?","$","E","R","BOSS","M","M","?","M"],"items_purchased_type":["Card","Relic"],"build_version":"2020-12-22","purchased_purges":1,"victory":false,"max_hp_per_floor":[82,82,82,82,82,82,82,82,82,82,82,82,82,82,82,82,82,82,82,82,82,82],"relic_stats":{"Sozu":2,"counters":[11,52],"Shuriken":[6],"Art of War":[3],"Smiling Mask":0,"obtain_stats":[{"Sozu":17,"Shuriken":14,"Art of War":10,"Frozen Egg 2":13,"Cracked Core":0,"Smiling Mask":9,"Cables":12},{"Sozu":7,"Shuriken":6,"Art of War":4,"Frozen Egg 2":5,"Cracked Core":0,"Smiling Mask":3,"Cables":5},{"Sozu":32,"Shuriken":24,"Art of War":12,"Frozen Egg 2":15,"Cracked Core":0,"Smiling Mask":8,"Cables":15}],"Cables":[34,21,12,1,0]},"card_choices":[{"not_picked":["Darkness","Double Energy"],"picked":"Coolheaded","floor":1},{"not_picked":["Leap","Scrape"],"picked":"Lockon","floor":2},{"not_picked":["Hologram","Double Energy"],"picked":"Go for the Eyes","floor":5},{"not_picked":["Beam Cell","Storm"],"picked":"Rebound","floor":10},{"not_picked":["Auto Shields","FTL"],"picked":"Leap","floor":11},{"not_picked":["Recycle","Beam Cell"],"picked":"Ball Lightning","floor":14},{"not_picked":["Multi-Cast","Amplify"],"picked":"Rainbow","floor":16},{"not_picked":["Coolheaded","Doom and Gloom+1"],"picked":"Loop+1","floor":18},{"not_picked":["Leap+1","Gash"],"picked":"Streamline","floor":19},{"not_picked":["Redo","Consume"],"picked":"Hologram","floor":20}],"player_experience":317153,"relics_obtained":[{"floor":9,"key":"Smiling Mask"},{"floor":10,"key":"Art of War"},{"floor":14,"key":"Shuriken"}],"event_choices":[{"damage_healed":0,"gold_gain":0,"player_choice":"Entered Light","damage_taken":16,"max_hp_gain":0,"max_hp_loss":0,"event_name":"Shining Light","floor":4,"gold_loss":0,"cards_upgraded":["Defend_B","Dualcast"]},{"damage_healed":0,"gold_gain":175,"player_choice":"AGREE","damage_taken":0,"max_hp_gain":0,"max_hp_loss":0,"event_name":"Liars Game","floor":7,"gold_loss":0,"cards_obtained":["Doubt"]},{"damage_healed":0,"gold_gain":0,"player_choice":"Gave Potion","damage_taken":0,"relics_obtained":["Cables"],"max_hp_gain":0,"max_hp_loss":0,"event_name":"WeMeetAgain","floor":12,"gold_loss":0}],"is_beta":false,"boss_relics":[{"not_picked":["Runic Dome","FrozenCore"],"picked":"Sozu"}],"items_purged_floors":[3],"is_endless":false,"potions_floor_spawned":[2,5,10,11,18,20],"killed_by":"Snake Plant","ascension_level":8}}