{"host":"vjkx177ju3wjmzef","time":1608902810,"event":{"mods":["BaseMod","Block Reminder","Colored Map","Colored Powertips","DeckTracker","Googly Eyes","Highlight Path","Minty Spire (QoL Compilation)","Quick Restart","Random Character Button","Relic Stats","Replay The Spire","StSLib"],"gold_per_floor":[111,123,138,37,57,57,57,57,57,57,76,76,101,101,101,101,101],"floor_reached":16,"playtime":837,"items_purged":["Strike_P"],"score":100,"play_id":"2b8d49c8-1d1b-4e6c-9e73-230c4f0f9b42","local_time":"20201225072650","is_ascension_mode":false,"campfire_choices":[{"data":"Weave","floor":6,"key":"SMITH"},{"data":"JustLucky","floor":8,"key":"SMITH"},{"data":"Consecrate","floor":12,"key":"SMITH"},{"floor":15,"key":"DIG"}],"circlet_count":0,"master_deck":["Strike_P","Strike_P","Defend_P","Defend_P","Defend_P","Defend_P","Eruption","Vigilance","JustLucky+1","Crescendo","Weave+1","CutThroughFate+1","Prostrate+1","Consecrate+1","Nirvana"],"relics":["PureWater","GoldenEye","HornCleat","Omamori"],"acts_visited":[],"potions_floor_usage":[3,5,13],"damage_taken":[{"damage":2,"enemies":"Small Slimes","floor":1,"turns":3},{"damage":2,"enemies":"Cultist","floor":2,"turns":3},{"damage":2,"enemies":"2 Louse","floor":3,"turns":3},{"damage":21,"enemies":"Exordium Thugs","floor":5,"turns":8},{"damage":2,"enemies":"Looter","floor":11,"turns":4},{"damage":22,"enemies":"Lagavulin","floor":13,"turns":6},{"damage":34,"enemies":"Fading Forest","floor":16,"turns":9}],"seed_played":"7985585534325896656","potions_obtained":[{"floor":0,"key":"LiquidMemories"},{"floor":0,"key":"Death Potion"},{"floor":0,"key":"AttackPotion"},{"floor":5,"key":"SpeedPotion"},{"floor":13,"key":"Block Potion"}],"is_trial":false,"path_per_floor":["M","M","M","$","M","R","?","R","T","?","M","R","E","?","R_BF","B"],"character_chosen":"WATCHER","items_purchased":["CutThroughFate"],"campfire_rested":0,"item_purchase_floors":[4],"current_hp_per_floor":[70,68,66,66,45,45,45,45,45,45,43,43,21,21,21,0,0],"gold":101,"neow_bonus":"THREE_SMALL_POTIONS","is_daily":false,"chose_seed":false,"campfire_upgraded":3,"win_rate":0.0,"timestamp":1608902810,"path_taken":["M","M","M","$","M","R","?","R","T","?","M","R","E","?","R_BF","BOSS"],"items_purchased_type":["Card"],"build_version":"2020-12-22","purchased_purges":1,"victory":false,"max_hp_per_floor":[72,72,72,72,72,72,72,72,72,72,72,72,72,72,72,72,72],"relic_stats":{"counters":[7,36],"GoldenEye":[18],"obtain_stats":[{"HornCleat":13,"Omamori":15,"PureWater":0,"GoldenEye":9},{"HornCleat":6,"Omamori":6,"PureWater":0,"GoldenEye":4},{"HornCleat":27,"Omamori":27,"PureWater":0,"GoldenEye":17}]},"card_choices":[{"not_picked":["FlyingSleeves","Replay:BluntJabs"],"picked":"JustLucky","floor":1},{"not_picked":["FollowUp","ConjureBlade"],"picked":"Crescendo","floor":2},{"not_picked":["ClearTheMind","PathToVictory"],"picked":"Weave","floor":3},{"not_picked":["BowlingBash","Conclude"],"picked":"Protect","floor":5},{"not_picked":["Crescendo","Replay:BluntJabs"],"picked":"Consecrate","floor":11},{"not_picked":["EmptyMind","JustLucky"],"picked":"Nirvana","floor":13}],"player_experience":143297,"relics_obtained":[{"floor":9,"key":"GoldenEye"},{"floor":13,"key":"HornCleat"},{"floor":15,"key":"Omamori"}],"event_choices":[{"cards_removed":["Strike_P"],"damage_healed":0,"gold_gain":0,"player_choice":"Purged","damage_taken":0,"max_hp_gain":0,"max_hp_loss":0,"event_name":"Purifier","floor":14,"gold_loss":0}],"is_beta":false,"boss_relics":[],"items_purged_floors":[4],"is_endless":false,"potions_floor_spawned":[5,13],"killed_by":"Fading Forest","ascension_level":0}}