{"host":"49c2zf0lajbcs427","time":1608871774,"event":{"mods":["AchievementEnabler","BaseMod","Colored Map","Colored Powertips","Highlight Path","Key Reminder","Minty Spire (QoL Compilation)","Relic Stats","StSLib"],"gold_per_floor":[112,122,122,132,132,159,110,144,171,188,199,216,251,261,261,359,359,374,222,235,235,250,275,294,294,340,371,384,401,412,412,412,515,515,526,541,556,603,622,650,650,664,690,719,730,730,730,319,319,319,319,319,60,87,87,87],"floor_reached":55,"playtime":3468,"items_purged":["Strike_R","Strike_R"],"score":1070,"play_id":"fb44236c-cae7-4215-b01a-71e4dfda008f","local_time":"20201225174934","is_ascension_mode":false,"campfire_choices":[{"data":"Limit Break","floor":15.0,"key":"SMITH"},{"data":"Pummel","floor":25.0,"key":"SMITH"},{"data":"Sword Boomerang","floor":32.0,"key":"SMITH"},{"floor":41.0,"key":"DIG"},{"floor":46.0,"key":"DIG"},{"floor":49,"key":"RECALL"},{"floor":52,"key":"DIG"}],"circlet_count":0,"master_deck":["Strike_R","Strike_R","Strike_R","Defend_R","Defend_R+1","Defend_R+1","Defend_R","Bash","Cleave","Pummel+1","Wild Strike+1","Limit Break+1","Dropkick","Flex+1","Sword Boomerang+1","Warcry+1","Exhume+1","Offering+1","Intimidate+1","Battle Trance+1","Armaments+1","Flex+1","Double Tap+1","Warcry+1","Reaper","Warcry+1","Second Wind+1","Sword Boomerang+1","Heavy Blade+1","Warcry+1","Feel No Pain","True Grit+1"],"relics":["Black Star","Boot","Akabeko","Red Skull","Toxic Egg 2","Toy Ornithopter","Ornamental Fan","Orichalcum","SlaversCollar","Bag of Marbles","PreservedInsect","Lantern","Bronze Scales","Dead Branch","SacredBark","Shovel","Centennial Puzzle","Potion Belt","Regal Pillow","Pantograph","War Paint","Meat on the Bone","Kunai","Bottled Lightning","Letter Opener","Bottled Flame"],"acts_visited":["Exordium","TheCity","TheBeyond","TheEnding"],"potions_floor_usage":[50,50,50,50,50,50,50,50,50,50,50,55,55,55,55],"damage_taken":[{"damage":6.0,"enemies":"2 Louse","floor":1.0,"turns":4.0},{"damage":1.0,"enemies":"Cultist","floor":2.0,"turns":4.0},{"damage":1.0,"enemies":"Jaw Worm","floor":4.0,"turns":4.0},{"damage":28.0,"enemies":"Gremlin Nob","floor":6.0,"turns":4.0},{"damage":4.0,"enemies":"3 Sentries","floor":8.0,"turns":4.0},{"damage":2.0,"enemies":"Blue Slaver","floor":10.0,"turns":2.0},{"damage":0.0,"enemies":"2 Fungi Beasts","floor":11.0,"turns":2.0},{"damage":0.0,"enemies":"Looter","floor":12.0,"turns":1.0},{"damage":0.0,"enemies":"Lagavulin","floor":13.0,"turns":3.0},{"damage":0.0,"enemies":"Red Slaver","floor":14.0,"turns":1.0},{"damage":21.0,"enemies":"Hexaghost","floor":16.0,"turns":4.0},{"damage":4.0,"enemies":"Spheric Guardian","floor":18.0,"turns":3.0},{"damage":8.0,"enemies":"Shell Parasite","floor":20.0,"turns":4.0},{"damage":6.0,"enemies":"Centurion and Healer","floor":22.0,"turns":4.0},{"damage":6.0,"enemies":"Book of Stabbing","floor":23.0,"turns":3.0},{"damage":0.0,"enemies":"Snake Plant","floor":24.0,"turns":1.0},{"damage":9.0,"enemies":"Gremlin Leader","floor":27.0,"turns":2.0},{"damage":0.0,"enemies":"3 Cultists","floor":28.0,"turns":2.0},{"damage":6.0,"enemies":"Sentry and Sphere","floor":29.0,"turns":3.0},{"damage":0.0,"enemies":"Snake Plant","floor":30.0,"turns":1.0},{"damage":6.0,"enemies":"Automaton","floor":33.0,"turns":1.0},{"damage":12.0,"enemies":"3 Darklings","floor":35.0,"turns":3.0},{"damage":0.0,"enemies":"Orb Walker","floor":36.0,"turns":1.0},{"damage":0.0,"enemies":"Sphere and 2 Shapes","floor":37.0,"turns":2.0},{"damage":24.0,"enemies":"2 Orb Walkers","floor":38.0,"turns":4.0},{"damage":6.0,"enemies":"Maw","floor":39.0,"turns":4.0},{"damage":6.0,"enemies":"Nemesis","floor":40.0,"turns":1.0},{"damage":20.0,"enemies":"4 Shapes","floor":42.0,"turns":4.0},{"damage":0.0,"enemies":"Reptomancer","floor":44.0,"turns":3.0},{"damage":3.0,"enemies":"Jaw Worm Horde","floor":45.0,"turns":2.0},{"damage":0,"enemies":"Donu and Deca","floor":50,"turns":1},{"damage":10,"enemies":"Shield and Spear","floor":54,"turns":1},{"damage":123,"enemies":"The Heart","floor":55,"turns":9}],"seed_played":"-751208078511865462","potions_obtained":[{"floor":4.0,"key":"SteroidPotion"},{"floor":6.0,"key":"BlessingOfTheForge"},{"floor":14.0,"key":"PowerPotion"},{"floor":16.0,"key":"PowerPotion"},{"floor":29.0,"key":"EntropicBrew"},{"floor":37.0,"key":"SpeedPotion"},{"floor":40.0,"key":"Block Potion"},{"floor":42.0,"key":"Explosive Potion"},{"floor":45.0,"key":"Ancient Potion"},{"floor":54,"key":"LiquidBronze"}],"is_trial":false,"path_per_floor":["M","M","?","M","?","E","$","E","T","M","M","M","E","M","R","B",null,"M","$","M","?","M","E","M","R","T","E","M","M","M","?","R","B",null,"M","M","M","?","M","E","R","M","T","E","M","R","?","$","R","B",null,"R","$","E","B"],"character_chosen":"IRONCLAD","items_purchased":["SteroidPotion","Battle Trance+1","EntropicBrew","PowerPotion","Warcry+1","Feel No Pain","True Grit+1","Bottled Lightning"],"campfire_rested":0,"item_purchase_floors":[7,19,48,48,48,48,48,53],"current_hp_per_floor":[74,73,73,72,72,44,44,40,40,38,38,38,38,38,38,22,80,76,76,68,53,47,41,41,41,41,32,32,26,26,26,26,25,85,73,73,73,49,43,37,37,82,82,82,79,79,79,79,79,85,85,85,85,75,0,0],"gold":87,"neow_bonus":"BOSS_RELIC","is_daily":false,"chose_seed":false,"campfire_upgraded":3,"win_rate":0.0,"timestamp":1608871774,"path_taken":["M","M","?","M","?","E","$","E","T","M","M","?","E","M","R","BOSS","M","$","M","?","M","E","M","R","T","E","M","M","M","?","R","BOSS","M","M","M","?","M","E","R","M","T","E","M","R","?","$","R","BOSS","R","$","E","BOSS"],"items_purchased_type":["Potion","Card","Potion","Potion","Card","Card","Card","Relic"],"build_version":"2020-12-22","purchased_purges":2,"victory":false,"max_hp_per_floor":[80,80,80,80,80,80,80,80,80,80,80,80,80,80,80,80,80,80,80,80,85,85,85,85,85,85,85,85,85,85,85,85,85,85,85,85,85,85,85,85,85,85,85,85,85,85,85,85,85,85,85,85,85,85,85,85],"relic_stats":{"Regal Pillow":0,"counters":[33,92],"Dead Branch":[110],"PreservedInsect":219,"Letter Opener":[30],"Orichalcum":[54],"War Paint":["Defend_R","Defend_R"],"Boot":[60],"Centennial Puzzle":[12],"Shovel":3,"Ornamental Fan":[104],"Bronze Scales":[152],"Pantograph":16,"Black Star":8,"Kunai":[4],"obtain_stats":[{"Lantern":26,"Regal Pillow":41,"SacredBark":34,"Boot":6,"Burning Blood":0,"Centennial Puzzle":40,"Shovel":38,"Pantograph":44,"Kunai":52,"Toxic Egg 2":8,"Red Skull":8,"Potion Belt":40,"Dead Branch":27,"PreservedInsect":23,"Letter Opener":54,"Orichalcum":13,"War Paint":44,"Akabeko":6,"keyreminder:keyreminder":13,"SlaversCollar":17,"Bottled Flame":54,"Ornamental Fan":13,"Bronze Scales":27,"Black Star":0,"Bag of Marbles":23,"Bottled Lightning":53,"Toy Ornithopter":9,"Meat on the Bone":46},{"Lantern":16,"Regal Pillow":27,"SacredBark":21,"Boot":4,"Burning Blood":0,"Centennial Puzzle":27,"Shovel":25,"Pantograph":29,"Kunai":31,"Toxic Egg 2":5,"Red Skull":5,"Potion Belt":27,"Dead Branch":17,"PreservedInsect":15,"Letter Opener":32,"Orichalcum":9,"War Paint":29,"Akabeko":4,"keyreminder:keyreminder":9,"SlaversCollar":11,"Bottled Flame":32,"Ornamental Fan":9,"Bronze Scales":17,"Black Star":0,"Bag of Marbles":15,"Bottled Lightning":31,"Toy Ornithopter":5,"Meat on the Bone":30},{"Lantern":48,"Regal Pillow":72,"SacredBark":57,"Boot":16,"Burning Blood":0,"Centennial Puzzle":72,"Shovel":67,"Pantograph":79,"Kunai":82,"Toxic Egg 2":20,"Red Skull":20,"Potion Belt":72,"Dead Branch":50,"PreservedInsect":47,"Letter Opener":83,"Orichalcum":28,"War Paint":79,"Akabeko":16,"keyreminder:keyreminder":28,"SlaversCollar":33,"Bottled Flame":83,"Ornamental Fan":28,"Bronze Scales":50,"Black Star":0,"Bag of Marbles":47,"Bottled Lightning":82,"Toy Ornithopter":20,"Meat on the Bone":81}],"Toy Ornithopter":25,"Meat on the Bone":0},"card_choices":[{"not_picked":["Perfected Strike","Ghostly Armor"],"picked":"Cleave","floor":1.0},{"not_picked":["Havoc","Sentinel"],"picked":"Pummel","floor":2.0},{"not_picked":["Headbutt","Anger"],"picked":"Wild Strike","floor":4.0},{"not_picked":["Searing Blow","Metallicize"],"picked":"Limit Break","floor":6.0},{"not_picked":["Clash","Searing Blow"],"picked":"Dropkick","floor":8.0},{"not_picked":["Dark Embrace","Sword Boomerang"],"picked":"Flex+1","floor":10.0},{"not_picked":["Carnage","Heavy Blade"],"picked":"Sword Boomerang","floor":11.0},{"not_picked":["Perfected Strike","Twin Strike"],"picked":"Warcry+1","floor":12.0},{"not_picked":["Bloodletting+1","Disarm+1","Heavy Blade"],"picked":"SKIP","floor":13.0},{"not_picked":["Hemokinesis","Iron Wave"],"picked":"Exhume+1","floor":14.0},{"not_picked":["Exhume+1","Brutality"],"picked":"Offering+1","floor":16.0},{"not_picked":["Headbutt","Perfected Strike"],"picked":"Intimidate+1","floor":18.0},{"not_picked":["Pommel Strike","Thunderclap+1","Clothesline+1"],"picked":"SKIP","floor":20.0},{"not_picked":["Pommel Strike","Wild Strike"],"picked":"Armaments+1","floor":22.0},{"not_picked":["Bloodletting+1","Cleave+1","Sword Boomerang"],"picked":"SKIP","floor":23.0},{"not_picked":["Combust","Body Slam"],"picked":"Flex+1","floor":24.0},{"not_picked":["Twin Strike","Clash"],"picked":"Double Tap+1","floor":27.0},{"not_picked":["Sword Boomerang","Pommel Strike","Armaments+1"],"picked":"SKIP","floor":28.0},{"not_picked":["Perfected Strike+1","Sever Soul","Clothesline"],"picked":"SKIP","floor":29.0},{"not_picked":["Thunderclap","Anger+1"],"picked":"Warcry+1","floor":30.0},{"not_picked":["Brutality","Immolate"],"picked":"Reaper","floor":33.0},{"not_picked":["Searing Blow+1","Clothesline+1","Intimidate+1"],"picked":"SKIP","floor":35.0},{"not_picked":["Anger","Metallicize"],"picked":"Warcry+1","floor":36.0},{"not_picked":["Headbutt","Clash","Clothesline+1"],"picked":"SKIP","floor":37.0},{"not_picked":["Combust+1","Pommel Strike"],"picked":"Second Wind+1","floor":38.0},{"not_picked":["Immolate","Twin Strike"],"picked":"Sword Boomerang+1","floor":39.0},{"not_picked":["Rampage","Heavy Blade","Clothesline+1"],"picked":"SKIP","floor":40.0},{"not_picked":["Rupture+1","Perfected Strike","Wild Strike"],"picked":"SKIP","floor":42.0},{"not_picked":["Sword Boomerang+1","Iron Wave"],"picked":"Heavy Blade+1","floor":44.0},{"not_picked":["True Grit+1","Impervious+1","Anger+1"],"picked":"SKIP","floor":45.0},{"not_picked":["Iron Wave","True Grit+1","Barricade"],"picked":"SKIP","floor":54}],"player_experience":2154971,"relics_obtained":[{"floor":6.0,"key":"Boot"},{"floor":6.0,"key":"Akabeko"},{"floor":8.0,"key":"Red Skull"},{"floor":8.0,"key":"Toxic Egg 2"},{"floor":9.0,"key":"Toy Ornithopter"},{"floor":13.0,"key":"Ornamental Fan"},{"floor":13.0,"key":"Orichalcum"},{"floor":23.0,"key":"Bag of Marbles"},{"floor":23.0,"key":"PreservedInsect"},{"floor":26.0,"key":"Lantern"},{"floor":27.0,"key":"Bronze Scales"},{"floor":27.0,"key":"Dead Branch"},{"floor":38.0,"key":"Shovel"},{"floor":40.0,"key":"Centennial Puzzle"},{"floor":40.0,"key":"Potion Belt"},{"floor":41.0,"key":"Regal Pillow"},{"floor":44.0,"key":"Pantograph"},{"floor":44.0,"key":"War Paint"},{"floor":46.0,"key":"Meat on the Bone"},{"floor":52,"key":"Kunai"},{"floor":54,"key":"Letter Opener"},{"floor":54,"key":"Bottled Flame"}],"event_choices":[{"damage_healed":0.0,"max_hp_gain":0.0,"max_hp_loss":0.0,"gold_gain":0.0,"event_name":"Liars Game","player_choice":"Ignored","floor":3.0,"gold_loss":0.0,"damage_taken":0.0},{"damage_healed":0.0,"max_hp_gain":0.0,"max_hp_loss":0.0,"gold_gain":0.0,"event_name":"Upgrade Shrine","player_choice":"Upgraded","floor":5.0,"gold_loss":0.0,"damage_taken":0.0,"cards_upgraded":["Wild Strike"]},{"damage_healed":0.0,"max_hp_gain":5.0,"max_hp_loss":0.0,"gold_gain":0.0,"event_name":"Forgotten Altar","player_choice":"Shed Blood","floor":21.0,"gold_loss":0.0,"damage_taken":20.0},{"damage_healed":0.0,"max_hp_gain":0.0,"max_hp_loss":0.0,"gold_gain":0.0,"event_name":"The Mausoleum","player_choice":"Ignored","floor":31.0,"gold_loss":0.0,"damage_taken":0.0},{"damage_healed":0.0,"max_hp_gain":0.0,"max_hp_loss":0.0,"gold_gain":0.0,"event_name":"Mysterious Sphere","player_choice":"Fight","floor":38.0,"gold_loss":0.0,"damage_taken":0.0},{"damage_healed":0.0,"max_hp_gain":0.0,"max_hp_loss":0.0,"gold_gain":0.0,"event_name":"Tomb of Lord Red Mask","player_choice":"Ignored","floor":47.0,"gold_loss":0.0,"damage_taken":0.0}],"is_beta":false,"boss_relics":[{"not_picked":["Calling Bell","Tiny House"],"picked":"SlaversCollar"},{"not_picked":["Runic Cube","Runic Dome"],"picked":"SacredBark"}],"items_purged_floors":[19,48],"is_endless":false,"potions_floor_spawned":[4,6,14,16,20,22,29,30,37,40,42,45,54],"killed_by":"The Heart","ascension_level":0}}