{"host":"w01zow3jg16g8jdh","time":1608911330,"event":{"mods":["AchievementEnabler","BaseMod","DeckTracker","Keyboard Shortcuts","Minty Spire (QoL Compilation)","Permanent Neow","StSLib","SuperFastMode"],"gold_per_floor":[119,119,119,140,65,65,106,106,106,146,170,190,190,205,205,205,205],"floor_reached":16,"playtime":179,"items_purged":["Strike_G"],"score":270,"play_id":"408fe8ab-d7ec-4ce1-97f4-2e463b520970","local_time":"20201226004850","is_ascension_mode":true,"campfire_choices":[{"data":"Cloak And Dagger","floor":6,"key":"SMITH"},{"data":"Dagger Spray","floor":8,"key":"SMITH"},{"floor":15,"key":"REST"}],"circlet_count":0,"master_deck":["AscendersBane","Strike_G","Strike_G","Strike_G","Strike_G","Defend_G","Defend_G","Defend_G","Defend_G","Defend_G","Survivor","Neutralize","Cloak And Dagger+1","Dagger Spray+1","Acrobatics","Blade Dance","Blade Dance","Blade Dance"],"relics":["Ring of the Snake","NeowsBlessing","Golden Idol","Omamori","Snake Skull","Centennial Puzzle","Ornamental Fan"],"acts_visited":["Exordium"],"potions_floor_usage":[10,10,12,12,12],"damage_taken":[{"damage":0,"enemies":"2 Louse","floor":1,"turns":1},{"damage":0,"enemies":"Small Slimes","floor":4,"turns":1},{"damage":0,"enemies":"Lagavulin","floor":7,"turns":1},{"damage":52,"enemies":"Gremlin Nob","floor":10,"turns":5},{"damage":0,"enemies":"Jaw Worm","floor":11,"turns":3},{"damage":4,"enemies":"Exordium Wildlife","floor":12,"turns":4},{"damage":0,"enemies":"Lots of Slimes","floor":14,"turns":1},{"damage":27,"enemies":"Slime Boss","floor":16,"turns":7}],"seed_played":"-8714965227064145861","potions_obtained":[{"floor":4,"key":"BlessingOfTheForge"},{"floor":7,"key":"LiquidBronze"},{"floor":10,"key":"EntropicBrew"}],"is_trial":false,"path_per_floor":["M","?","?","M","$","R","E","R","T","E","M","M","T","M","R","B"],"character_chosen":"THE_SILENT","items_purchased":[],"campfire_rested":1,"item_purchase_floors":[],"current_hp_per_floor":[59,64,64,64,64,64,64,64,64,12,12,8,8,8,27,0,0],"gold":205,"neow_bonus":"THREE_ENEMY_KILL","is_daily":false,"chose_seed":false,"campfire_upgraded":2,"win_rate":0.0,"timestamp":1608911330,"path_taken":["M","?","?","?","$","R","E","R","T","E","M","M","?","?","R","BOSS"],"items_purchased_type":[],"build_version":"2020-12-22","purchased_purges":1,"victory":false,"max_hp_per_floor":[66,71,64,64,64,64,64,64,64,64,64,64,64,64,64,64,64],"card_choices":[{"not_picked":["Deflect","Noxious Fumes"],"picked":"Cloak And Dagger","floor":1},{"not_picked":["Outmaneuver","Poisoned Stab"],"picked":"Dagger Spray","floor":4},{"not_picked":["PiercingWail","Deflect"],"picked":"Acrobatics","floor":7},{"not_picked":["Burst","Outmaneuver"],"picked":"Blade Dance","floor":10},{"not_picked":["Doppelganger","Dagger Spray"],"picked":"Blade Dance","floor":11},{"not_picked":["Endless Agony","Outmaneuver"],"picked":"Blade Dance","floor":12},{"not_picked":["All Out Attack","Slice","Acrobatics"],"picked":"SKIP","floor":14}],"player_experience":290946,"relics_obtained":[{"floor":7,"key":"Omamori"},{"floor":9,"key":"Snake Skull"},{"floor":10,"key":"Centennial Puzzle"},{"floor":13,"key":"Ornamental Fan"}],"event_choices":[{"damage_healed":0,"gold_gain":0,"player_choice":"Donut","damage_taken":0,"max_hp_gain":5,"max_hp_loss":0,"event_name":"Big Fish","floor":2,"gold_loss":0},{"damage_healed":0,"gold_gain":0,"player_choice":"Lose Max HP","damage_taken":0,"relics_obtained":["Golden Idol"],"max_hp_gain":0,"max_hp_loss":7,"event_name":"Golden Idol","floor":3,"gold_loss":0}],"is_beta":false,"boss_relics":[],"items_purged_floors":[5],"is_endless":false,"potions_floor_spawned":[4,7,10],"killed_by":"Slime Boss","ascension_level":20}}