{"host":"unahupgi85cj6bxp","time":1608861929,"event":{"mods":["Act Like it!","Aspiration","BaseMod","Card Forge","Conspire","Downfall","Energized Spire","Hubris","Infinite Spire","Minty Spire (QoL Compilation)","Replay The Spire","StSLib"],"gold_per_floor":[99,15,31,31,47,47,70,84,94,104,104,137,154,167,187,187,187],"floor_reached":16,"playtime":2553,"items_purged":[],"score":131,"play_id":"4f30e19f-233a-4ec0-b4f0-c93021117d57","local_time":"20201224180529","is_ascension_mode":false,"campfire_choices":[{"floor":1,"key":"RECALL"}],"circlet_count":0,"master_deck":["sneckomod:Strike+1","sneckomod:Strike+1","sneckomod:Strike+1","sneckomod:Defend+1","sneckomod:Defend+1","sneckomod:Defend+1","sneckomod:TailWhip+1","sneckomod:SnekBite+1","sneckomod:Unknown+1","sneckomod:Unknown+1","sneckomod:UnknownVulnerable+1","sneckomod:UnknownClassRED+1","sneckomod:UnknownClassHEXA_GHOST_PURPLE+1","sneckomod:UnknownBlock+1","hubris:NaturalOne","sneckomod:UnknownUncommonPower+1","sneckomod:UnknownClassHEXA_GHOST_PURPLE+1","sneckomod:IronFang+1","Regret","sneckomod:UnknownClassSLIMEBOUND+1","sneckomod:TrashToTreasure+1","sneckomod:DiceBlock+1","sneckomod:Unknown1Cost+1"],"relics":["sneckomod:SneckoSoul","Hammer of Thor","Seething Fire","Anvil of the Gods","hubris:Icosahedron","Replay:Mystery Machine"],"acts_visited":["Exordium"],"potions_floor_usage":[13,13],"damage_taken":[{"damage":0,"enemies":"downfall:FleeingMerchant","floor":2,"turns":4},{"damage":0,"enemies":"Small Slimes","floor":3,"turns":2},{"damage":4,"enemies":"2 Louse","floor":5,"turns":2},{"damage":6,"enemies":"Cultist","floor":8,"turns":3},{"damage":9,"enemies":"Blue Slaver","floor":9,"turns":2},{"damage":0,"enemies":"3 Louse","floor":10,"turns":3},{"damage":40,"enemies":"3 Sentries","floor":12,"turns":6},{"damage":28,"enemies":"Exordium Thugs","floor":13,"turns":4},{"damage":2,"enemies":"Lots of Slimes","floor":14,"turns":3},{"damage":4,"enemies":"3 Louse","floor":15,"turns":4},{"damage":31,"enemies":"downfall:Defect","floor":16,"turns":4}],"seed_played":"-4519547920064106185","potions_obtained":[{"floor":3,"key":"Elixir"},{"floor":12,"key":"conspire:TimeTravelPotion"},{"floor":13,"key":"Fruit Juice"},{"floor":14,"key":"Elixir"}],"is_trial":false,"path_per_floor":["R","$","M","?","M","?","T","M","M","M","?","E","M","M","M","B"],"character_chosen":"THE_SNECKO","items_purchased":["sneckomod:UnknownClassRED"],"campfire_rested":0,"item_purchase_floors":[2],"current_hp_per_floor":[99,101,102,102,99,99,99,94,86,86,86,47,36,34,31,0,0],"gold":187,"neow_bonus":"TEN_PERCENT_HP_BONUS","is_daily":false,"chose_seed":false,"campfire_upgraded":0,"win_rate":0.0,"timestamp":1608861929,"path_taken":["R","$","M","?","M","?","T","M","M","M","?","E","M","M","M","BOSS"],"items_purchased_type":["Card"],"build_version":"2020-12-22","purchased_purges":0,"victory":false,"max_hp_per_floor":[99,101,102,102,103,103,103,104,105,105,105,106,111,111,112,112,112],"card_choices":[{"not_picked":["sneckomod:UnknownEthereal","sneckomod:TrashToTreasure"],"picked":"sneckomod:UnknownVulnerable","floor":2},{"not_picked":["sneckomod:UnknownCommonAttack","sneckomod:Unknown2Cost"],"picked":"sneckomod:UnknownClassHEXA_GHOST_PURPLE","floor":3},{"not_picked":["sneckomod:UnknownStrike","sneckomod:MasterEye"],"picked":"sneckomod:UnknownBlock","floor":5},{"not_picked":["sneckomod:UnknownStrike","sneckomod:UnknownCommonSkill"],"picked":"sneckomod:UnknownUncommonPower","floor":8},{"not_picked":["sneckomod:Mudshield","sneckomod:RainOfDice"],"picked":"sneckomod:UnknownClassHEXA_GHOST_PURPLE","floor":9},{"not_picked":["sneckomod:QuickMove","sneckomod:Nope"],"picked":"sneckomod:IronFang","floor":10},{"not_picked":["sneckomod:UnknownEthereal","sneckomod:SoulDraw"],"picked":"sneckomod:UnknownClassSLIMEBOUND","floor":12},{"not_picked":["sneckomod:QuickMove","sneckomod:SoulDraw"],"picked":"sneckomod:TrashToTreasure","floor":13},{"not_picked":["sneckomod:QuickBite","sneckomod:QuickMove"],"picked":"sneckomod:DiceBlock","floor":14},{"not_picked":["sneckomod:UnknownEthereal","sneckomod:UnknownBlock"],"picked":"sneckomod:Unknown1Cost","floor":15}],"player_experience":809953,"relics_obtained":[{"floor":12,"key":"Replay:Mystery Machine"}],"event_choices":[],"is_beta":false,"boss_relics":[],"items_purged_floors":[],"is_endless":false,"potions_floor_spawned":[3,12,13,14],"killed_by":"downfall:Defect","ascension_level":0}}