{"host":"9ndbo4kgsfoemf7y","time":1608900209,"event":{"mods":["AchievementEnabler","BaseMod","Colored Map","DeckTracker","Keyboard Shortcuts","Minty Spire (QoL Compilation)","Permanent Neow","Quick Restart","Relic Stats","StSLib","SuperFastMode"],"gold_per_floor":[109,124,138,157,82,82,115,115,115,136,136,169,169,184,184,184,184],"floor_reached":16,"playtime":561,"items_purged":[],"score":220,"play_id":"87bb8049-d9bc-459c-9020-f428ff4ab0fc","local_time":"20201225214329","is_ascension_mode":true,"campfire_choices":[{"data":"Deep Breath","floor":6.0,"key":"SMITH"},{"data":"Blood for Blood","floor":8.0,"key":"SMITH"},{"floor":11.0,"key":"REST"},{"floor":13.0,"key":"REST"},{"data":"Shockwave","floor":15,"key":"SMITH"}],"circlet_count":0,"master_deck":["AscendersBane","Strike_R","Strike_R","Strike_R","Strike_R","Defend_R","Defend_R","Defend_R","Defend_R","Bash","Deep Breath+1","Blood for Blood+1","Battle Trance","Shockwave+1","Cleave","Dropkick","Rage","Headbutt"],"relics":["Burning Blood","Vajra","White Beast Statue","Odd Mushroom","Ornamental Fan"],"acts_visited":["Exordium"],"potions_floor_usage":[14,16],"damage_taken":[{"damage":11.0,"enemies":"Jaw Worm","floor":1.0,"turns":4.0},{"damage":21.0,"enemies":"Small Slimes","floor":2.0,"turns":3.0},{"damage":7.0,"enemies":"Cultist","floor":3.0,"turns":4.0},{"damage":13.0,"enemies":"Lots of Slimes","floor":4.0,"turns":5.0},{"damage":32.0,"enemies":"Gremlin Nob","floor":7.0,"turns":4.0},{"damage":8.0,"enemies":"The Mushroom Lair","floor":10.0,"turns":3.0},{"damage":33.0,"enemies":"Lagavulin","floor":12.0,"turns":6.0},{"damage":5,"enemies":"2 Fungi Beasts","floor":14,"turns":3},{"damage":55,"enemies":"Slime Boss","floor":16,"turns":5}],"seed_played":"-5070580897594099515","potions_obtained":[{"floor":2.0,"key":"Strength Potion"},{"floor":3.0,"key":"Regen Potion"},{"floor":7.0,"key":"Dexterity Potion"},{"floor":10.0,"key":"Dexterity Potion"},{"floor":12.0,"key":"Block Potion"},{"floor":14,"key":"SkillPotion"}],"is_trial":false,"path_per_floor":["M","M","M","M","?","R","E","R","T","?","R","E","R","M","R","B"],"character_chosen":"IRONCLAD","items_purchased":[],"campfire_rested":2,"item_purchase_floors":[],"current_hp_per_floor":[63,48,47,54,54,54,28,28,28,26,48,21,43,44,44,0,0],"gold":184,"neow_bonus":"RANDOM_COLORLESS","is_daily":false,"chose_seed":false,"campfire_upgraded":3,"win_rate":0.0,"timestamp":1608900209,"path_taken":["M","M","M","M","?","R","E","R","T","?","R","E","R","M","R","BOSS"],"items_purchased_type":[],"build_version":"2020-12-22","purchased_purges":0,"victory":false,"max_hp_per_floor":[75,75,75,75,75,75,75,75,75,75,75,75,75,75,75,75,75],"relic_stats":{"counters":[9,37],"Ornamental Fan":[4],"obtain_stats":[{"Ornamental Fan":12,"Vajra":7,"Odd Mushroom":10,"Burning Blood":0,"White Beast Statue":9},{"Ornamental Fan":7,"Vajra":5,"Odd Mushroom":6,"Burning Blood":0,"White Beast Statue":5},{"Ornamental Fan":29,"Vajra":20,"Odd Mushroom":23,"Burning Blood":0,"White Beast Statue":20}],"Burning Blood":48},"card_choices":[{"not_picked":["Madness","Purity"],"picked":"Deep Breath","floor":0.0},{"not_picked":["Havoc","Rupture"],"picked":"Blood for Blood","floor":1.0},{"not_picked":["Burning Pact","Armaments"],"picked":"Battle Trance","floor":2.0},{"not_picked":["Metallicize","Rupture"],"picked":"Shockwave","floor":3.0},{"not_picked":["True Grit","Wild Strike","Power Through"],"picked":"SKIP","floor":4.0},{"not_picked":["Blood for Blood","Hemokinesis"],"picked":"Cleave","floor":7.0},{"not_picked":["True Grit","Flex"],"picked":"Dropkick","floor":10.0},{"not_picked":["Havoc","Dual Wield"],"picked":"Rage","floor":12.0},{"not_picked":["Wild Strike","Perfected Strike"],"picked":"Headbutt","floor":14}],"player_experience":746045,"relics_obtained":[{"floor":7.0,"key":"Vajra"},{"floor":9.0,"key":"White Beast Statue"},{"floor":10.0,"key":"Odd Mushroom"},{"floor":12.0,"key":"Ornamental Fan"}],"event_choices":[{"cards_removed":["Strike_R"],"damage_healed":0.0,"max_hp_gain":0.0,"max_hp_loss":0.0,"gold_gain":0.0,"event_name":"The Cleric","player_choice":"Card Removal","floor":5.0,"gold_loss":75.0,"damage_taken":0.0},{"damage_healed":0.0,"max_hp_gain":0.0,"max_hp_loss":0.0,"gold_gain":0.0,"event_name":"Mushrooms","player_choice":"Fought Mushrooms","floor":10.0,"gold_loss":0.0,"damage_taken":0.0}],"is_beta":false,"boss_relics":[],"items_purged_floors":[],"is_endless":false,"potions_floor_spawned":[2,3,7,10,12,14],"killed_by":"Slime Boss","ascension_level":20}}