{"host":"pg2biz4zy3df4ctj","time":1608863618,"event":{"mods":["BaseMod","Minty Spire (QoL Compilation)","Quick Restart","Random Character Button"],"gold_per_floor":[117,137,137,151,171,171,211,234,234,234,234,234,249,4,4,97,97,117,117,137,137,162,201,201,224,251,251,272,311,311,329,329,425,425,449,206,206,221,244,244,244],"floor_reached":40,"playtime":2190,"items_purged":["Strike_B","Decay"],"score":710,"play_id":"9037d087-0542-4a34-a20d-d9f821468f46","local_time":"20201224183338","is_ascension_mode":true,"campfire_choices":[{"floor":6.0,"key":"REST"},{"floor":10.0,"key":"REST"},{"floor":12.0,"key":"REST"},{"data":"Apotheosis","floor":15.0,"key":"SMITH"},{"data":"Zap","floor":24.0,"key":"SMITH"},{"data":"Electrodynamics","floor":27.0,"key":"SMITH"},{"floor":32.0,"key":"REST"}],"circlet_count":0,"master_deck":["AscendersBane","Strike_B+1","Strike_B","Defend_B","Defend_B","Defend_B","Defend_B","Zap+1","Dualcast","Echo Form+1","Glacier+1","Sweeping Beam","Conserve Battery","Undo","BootSequence","Apotheosis+1","Electrodynamics+1","Cold Snap","Leap+1","FTL","Hologram+1","Leap","Core Surge","Zap","Leap+1","Seek","BootSequence","Static Discharge","Capacitor+1"],"relics":["Cracked Core","Golden Idol","Pen Nib","Bag of Preparation","Cursed Key","Ancient Tea Set","War Paint","Bottled Flame","Sozu","DataDisk"],"acts_visited":["Exordium","TheCity","TheBeyond"],"potions_floor_usage":[],"damage_taken":[{"damage":6.0,"enemies":"Jaw Worm","floor":1.0,"turns":4.0},{"damage":4.0,"enemies":"Small Slimes","floor":2.0,"turns":5.0},{"damage":1.0,"enemies":"Cultist","floor":4.0,"turns":5.0},{"damage":21.0,"enemies":"Exordium Wildlife","floor":5.0,"turns":6.0},{"damage":28.0,"enemies":"Gremlin Nob","floor":7.0,"turns":5.0},{"damage":0.0,"enemies":"3 Louse","floor":8.0,"turns":5.0},{"damage":8.0,"enemies":"Exordium Thugs","floor":13.0,"turns":4.0},{"damage":23.0,"enemies":"The Guardian","floor":16.0,"turns":14.0},{"damage":0.0,"enemies":"Shell Parasite","floor":18.0,"turns":5.0},{"damage":5.0,"enemies":"Spheric Guardian","floor":20.0,"turns":4.0},{"damage":0.0,"enemies":"Cultist and Chosen","floor":22.0,"turns":4.0},{"damage":8.0,"enemies":"Gremlin Leader","floor":23.0,"turns":6.0},{"damage":22.0,"enemies":"Sentry and Sphere","floor":25.0,"turns":4.0},{"damage":16.0,"enemies":"Chosen and Byrds","floor":28.0,"turns":5.0},{"damage":7.0,"enemies":"Slavers","floor":29.0,"turns":3.0},{"damage":0.0,"enemies":"Snecko","floor":31.0,"turns":5.0},{"damage":28.0,"enemies":"Automaton","floor":33.0,"turns":14.0},{"damage":0.0,"enemies":"3 Shapes","floor":35.0,"turns":3.0},{"damage":4,"enemies":"3 Darklings","floor":38,"turns":3},{"damage":0,"enemies":"4 Shapes","floor":39,"turns":5},{"damage":59,"enemies":"Giant Head","floor":40,"turns":13}],"seed_played":"-3352161379424455532","potions_obtained":[{"floor":2.0,"key":"SpeedPotion"},{"floor":4.0,"key":"FocusPotion"},{"floor":13.0,"key":"Fire Potion"},{"floor":23.0,"key":"Energy Potion"},{"floor":33.0,"key":"SmokeBomb"}],"is_trial":false,"path_per_floor":["M","M","?","M","M","R","E","M","T","R","?","R","M","$","R","B",null,"M","?","M","?","M","E","R","M","T","R","M","E","?","M","R","B",null,"M","$","?","M","M","E"],"character_chosen":"DEFECT","items_purchased":["Apotheosis","DataDisk"],"campfire_rested":4,"item_purchase_floors":[14,36],"current_hp_per_floor":[44,40,40,39,18,38,10,10,10,30,16,36,28,28,28,5,53,53,53,48,69,69,61,61,39,39,39,23,16,16,16,36,8,54,54,54,54,50,50,0,0],"gold":244,"neow_bonus":"THREE_RARE_CARDS","is_daily":false,"chose_seed":false,"campfire_upgraded":3,"win_rate":0.0,"timestamp":1608863618,"path_taken":["M","M","?","M","M","R","E","M","T","R","?","R","M","$","R","BOSS","M","?","?","?","M","E","R","M","T","R","M","E","?","?","R","BOSS","M","$","?","M","M","E"],"items_purchased_type":["Card","Relic"],"build_version":"2020-12-22","purchased_purges":2,"victory":false,"max_hp_per_floor":[75,75,69,69,69,69,69,69,69,69,69,69,69,69,69,69,69,69,69,69,69,69,69,69,69,69,69,69,69,69,69,69,69,69,69,69,69,69,69,69,69],"card_choices":[{"not_picked":["Thunder Strike","Multi-Cast"],"picked":"Echo Form","floor":0.0},{"not_picked":["Rebound","Lockon"],"picked":"Glacier","floor":1.0},{"not_picked":["Turbo","Rebound"],"picked":"Sweeping Beam","floor":2.0},{"not_picked":["Rebound","Barrage"],"picked":"Conserve Battery","floor":4.0},{"not_picked":["Double Energy","Chill","Coolheaded"],"picked":"SKIP","floor":5.0},{"not_picked":["Lockon","Streamline"],"picked":"Undo","floor":7.0},{"not_picked":["Sweeping Beam","Rebound"],"picked":"BootSequence","floor":8.0},{"not_picked":["Thunder Strike","Beam Cell","Sweeping Beam"],"picked":"SKIP","floor":13.0},{"not_picked":["Seek","Rainbow"],"picked":"Electrodynamics","floor":16.0},{"not_picked":["Skim","Redo"],"picked":"Cold Snap","floor":18.0},{"not_picked":["Recycle","Barrage","Streamline"],"picked":"SKIP","floor":20.0},{"not_picked":["Turbo","Machine Learning"],"picked":"Leap+1","floor":22.0},{"not_picked":["Tempest","Stack"],"picked":"FTL","floor":23.0},{"not_picked":["Turbo","Fusion"],"picked":"Hologram","floor":25.0},{"not_picked":["Coolheaded","Streamline"],"picked":"Leap","floor":28.0},{"not_picked":["Fusion","Steam+1","Sweeping Beam"],"picked":"SKIP","floor":29.0},{"not_picked":["Rip and Tear","Redo"],"picked":"Leap+1","floor":31.0},{"not_picked":["Creative AI","Amplify"],"picked":"Seek","floor":33.0},{"not_picked":["BootSequence","Go for the Eyes","Turbo"],"picked":"SKIP","floor":35.0},{"not_picked":["Go for the Eyes","Turbo"],"picked":"BootSequence","floor":35.0},{"not_picked":["Conserve Battery","Gash"],"picked":"Capacitor+1","floor":38},{"not_picked":["Redo+1","Streamline+1","Compile Driver"],"picked":"SKIP","floor":39}],"player_experience":569329,"relics_obtained":[{"floor":7.0,"key":"Pen Nib"},{"floor":9.0,"key":"Bag of Preparation"},{"floor":23.0,"key":"Ancient Tea Set"},{"floor":26.0,"key":"War Paint"},{"floor":29.0,"key":"Bottled Flame"}],"event_choices":[{"damage_healed":0.0,"max_hp_gain":0.0,"max_hp_loss":6.0,"gold_gain":0.0,"event_name":"Golden Idol","player_choice":"Lose Max HP","floor":3.0,"gold_loss":0.0,"damage_taken":0.0,"relics_obtained":["Golden Idol"]},{"damage_healed":0.0,"max_hp_gain":0.0,"max_hp_loss":0.0,"gold_gain":0.0,"event_name":"Shining Light","player_choice":"Entered Light","floor":11.0,"gold_loss":0.0,"damage_taken":14.0,"cards_upgraded":["Echo Form","Strike_B"]},{"damage_healed":0.0,"max_hp_gain":0.0,"max_hp_loss":0.0,"gold_gain":0.0,"event_name":"The Woman in Blue","player_choice":"Bought 0 Potions","floor":19.0,"gold_loss":0.0,"damage_taken":0.0},{"damage_healed":23.0,"max_hp_gain":0.0,"max_hp_loss":0.0,"gold_gain":0.0,"event_name":"The Library","player_choice":"Heal","floor":21.0,"gold_loss":0.0,"damage_taken":0.0},{"damage_healed":0.0,"max_hp_gain":0.0,"max_hp_loss":0.0,"gold_gain":0.0,"event_name":"Match and Keep!","player_choice":"2 cards matched","floor":30.0,"gold_loss":0.0,"damage_taken":0.0,"cards_obtained":["Core Surge","Zap"]},{"damage_healed":0.0,"max_hp_gain":0.0,"max_hp_loss":0.0,"gold_gain":0.0,"cards_transformed":["Strike_B"],"event_name":"Transmorgrifier","player_choice":"Transformed","floor":37.0,"gold_loss":0.0,"damage_taken":0.0,"cards_obtained":["Static Discharge"]}],"is_beta":false,"boss_relics":[{"not_picked":["FrozenCore","Calling Bell"],"picked":"Cursed Key"},{"not_picked":["Velvet Choker","Pandora\u0027s Box"],"picked":"Sozu"}],"items_purged_floors":[14,36],"is_endless":false,"potions_floor_spawned":[2,4,7,13,20,23,31,33,35,38,39],"killed_by":"Giant Head","ascension_level":13}}