{"host":"18wi9kpcl4eah7pe","time":1608896294,"event":{"mods":["BaseMod","Colored Powertips","Downfall","Minty Spire (QoL Compilation)","StSLib"],"gold_per_floor":[99,109,129,129,129,304,304,319,329,356,376,408,418,436,456,560,610,460,289,289,289,22,35,35,35,69,69,89,116,128,128,141,245,245,245,257,357,376,46,46,46,46],"floor_reached":40,"playtime":2310,"items_purged":["Doubt","Writhe"],"score":503,"play_id":"6bc78184-b34f-49d9-954c-33c1b54a43cf","local_time":"20201225053814","is_ascension_mode":false,"campfire_choices":[{"floor":1,"key":"RECALL"},{"data":"1","floor":18,"key":"LIFT"},{"data":"2","floor":25,"key":"LIFT"},{"data":"3","floor":27,"key":"LIFT"},{"data":"hexamod:EmpoweringStance","floor":35,"key":"SMITH"}],"circlet_count":0,"master_deck":["hexamod:Strike","hexamod:Strike","hexamod:Strike","hexamod:Strike","hexamod:Defend","hexamod:Defend","hexamod:Defend","hexamod:Defend","hexamod:Sear+1","hexamod:Float","hexamod:FlamesFromBeyond","hexamod:AdvancingGuard","hexamod:FourthSeal","hexamod:WildfireWeapon","hexamod:Firestarter","hexamod:SpectralSpark","hexamod:Firestarter","hexamod:PhantomCloak","hexamod:SpectralSpark","hexamod:InspiringFlames","hexamod:Toasty","hexamod:NightmareGuise","hexamod:ThermalTransfer","expansioncontent:Chronoboost","hexamod:FourthSeal","hexamod:BacktrackSmack","hexamod:CatchUp","hexamod:EtherealExpedition","hexamod:RainOfEmbers","hexamod:SpectersWail","hexamod:HauntingEcho+1","hexamod:EmpoweringStance+1","hexamod:Firestarter","hexamod:ShieldOfDarkness+1","hexamod:BurningTouch","hexamod:RadiantFlame","hexamod:EmpoweredFlame"],"relics":["hexamod:SpiritBrand","Ancient Tea Set","Girya","Toy Ornithopter","Bag of Marbles","Tiny House","downfall:HeartBlessingRed","downfall:HeartBlessingGreen","Bronze Scales","Potion Belt","Pantograph","HornCleat","Mummified Hand","Black Star","White Beast Statue","Membership Card","Mercury Hourglass"],"acts_visited":["Exordium","TheCity","TheBeyond"],"potions_floor_usage":[3,11,11,12,13,16,26,26,26,29,29,30,30,30,33,33,33,33,37,38,39,40,40],"damage_taken":[{"damage":0,"enemies":"Jaw Worm","floor":2,"turns":3},{"damage":0,"enemies":"2 Louse","floor":3,"turns":2},{"damage":0,"enemies":"Cultist","floor":8,"turns":3},{"damage":0,"enemies":"2 Fungi Beasts","floor":9,"turns":4},{"damage":6,"enemies":"Exordium Wildlife","floor":11,"turns":4},{"damage":2,"enemies":"Gremlin Nob","floor":12,"turns":4},{"damage":17,"enemies":"Lots of Slimes","floor":13,"turns":3},{"damage":0,"enemies":"Blue Slaver","floor":14,"turns":3},{"damage":0,"enemies":"Red Slaver","floor":15,"turns":3},{"damage":68,"enemies":"downfall:Defect","floor":16,"turns":9},{"damage":0,"enemies":"downfall:FleeingMerchant","floor":19,"turns":4},{"damage":15,"enemies":"downfall:FleeingMerchant","floor":22,"turns":4},{"damage":0,"enemies":"Chosen","floor":23,"turns":3},{"damage":0,"enemies":"Slavers","floor":26,"turns":4},{"damage":0,"enemies":"3 Byrds","floor":28,"turns":3},{"damage":6,"enemies":"Book of Stabbing","floor":29,"turns":5},{"damage":9,"enemies":"Snake Plant","floor":30,"turns":3},{"damage":7,"enemies":"3 Cultists","floor":32,"turns":5},{"damage":86,"enemies":"downfall:Watcher","floor":33,"turns":9},{"damage":6,"enemies":"3 Shapes","floor":36,"turns":2},{"damage":24,"enemies":"downfall:LadyInBlue","floor":37,"turns":9},{"damage":0,"enemies":"Orb Walker","floor":38,"turns":3},{"damage":0,"enemies":"downfall:FleeingMerchant","floor":39,"turns":4},{"damage":130,"enemies":"Giant Head","floor":40,"turns":10}],"seed_played":"5408149837116745464","potions_obtained":[{"floor":0,"key":"sneckomod:MuddlingPotion"},{"floor":0,"key":"Weak Potion"},{"floor":0,"key":"Explosive Potion"},{"floor":3,"key":"SkillPotion"},{"floor":8,"key":"hexamod:DoubleChargePotion"},{"floor":11,"key":"Fruit Juice"},{"floor":11,"key":"FairyPotion"},{"floor":12,"key":"LiquidBronze"},{"floor":13,"key":"Fire Potion"},{"floor":13,"key":"DuplicationPotion"},{"floor":15,"key":"PowerPotion"},{"floor":16,"key":"Weak Potion"},{"floor":17,"key":"Weak Potion"},{"floor":22,"key":"LiquidMemories"},{"floor":23,"key":"Guardian:BlockOnCardUsePotion"},{"floor":26,"key":"AttackPotion"},{"floor":26,"key":"Fire Potion"},{"floor":28,"key":"BlessingOfTheForge"},{"floor":28,"key":"AttackPotion"},{"floor":28,"key":"Fire Potion"},{"floor":29,"key":"AttackPotion"},{"floor":29,"key":"SneckoOil"},{"floor":30,"key":"Fruit Juice"},{"floor":32,"key":"Regen Potion"},{"floor":33,"key":"DistilledChaos"},{"floor":33,"key":"Fire Potion"},{"floor":33,"key":"EssenceOfSteel"},{"floor":37,"key":"Block Potion"},{"floor":37,"key":"Weak Potion"},{"floor":37,"key":"sneckomod:MuddlingPotion"},{"floor":38,"key":"FairyPotion"},{"floor":39,"key":"SpeedPotion"}],"is_trial":false,"path_per_floor":["R","M","M","?","?","?","T","M","M","T","M","E","M","M","M","B",null,"R","$","?","?","$","M","T","R","E","R","M","E","M","?","M","B",null,"R","M","?","M","$","E"],"character_chosen":"THE_SPIRIT","items_purchased":["expansioncontent:Chronoboost","Potion Belt","Membership Card","Mercury Hourglass","hexamod:EmpoweredFlame"],"campfire_rested":0,"item_purchase_floors":[19,22,39,39,39],"current_hp_per_floor":[70,70,70,70,67,67,67,67,67,67,74,75,58,58,58,19,80,80,80,80,80,65,65,65,65,80,80,80,79,85,85,78,29,85,85,79,60,65,70,0,0,0],"gold":46,"neow_bonus":"THREE_SMALL_POTIONS","is_daily":false,"chose_seed":false,"campfire_upgraded":1,"win_rate":0.0,"timestamp":1608896294,"path_taken":["R","M","M","?","?","?","T","M","?","?","M","E","M","M","M","BOSS","R","$","?","?","$","M","T","R","E","R","?","E","M","?","M","BOSS","R","M","?","?","$","E"],"items_purchased_type":["Card","Relic","Relic","Relic","Card"],"build_version":"2020-12-22","purchased_purges":2,"victory":false,"max_hp_per_floor":[70,70,70,70,70,70,70,70,70,70,75,75,75,75,75,75,80,80,80,80,80,80,80,80,80,80,80,80,80,85,85,85,85,85,85,85,85,85,85,85,85,85],"card_choices":[{"not_picked":["hexamod:BurningTouch","hexamod:BacktrackSmack"],"picked":"hexamod:FlamesFromBeyond","floor":2},{"not_picked":["hexamod:Hexaguard","hexamod:NightmareStrike"],"picked":"hexamod:AdvancingGuard","floor":3},{"not_picked":["hexamod:HauntingEcho","hexamod:Hexaguard"],"picked":"hexamod:WildfireWeapon","floor":8},{"not_picked":["hexamod:SpectersWail","hexamod:Rewind"],"picked":"hexamod:Firestarter","floor":9},{"not_picked":["hexamod:NightmareGuise","hexamod:SecondSeal"],"picked":"hexamod:SpectralSpark","floor":11},{"not_picked":["hexamod:Hexaguard","hexamod:BacktrackSmack"],"picked":"hexamod:Firestarter","floor":12},{"not_picked":["hexamod:GhostLash","hexamod:BacktrackSmack"],"picked":"hexamod:PhantomCloak","floor":13},{"not_picked":["hexamod:ThermalTransfer","hexamod:RainOfEmbers"],"picked":"hexamod:SpectralSpark","floor":14},{"not_picked":["hexamod:GhostLash","hexamod:SpectersWail"],"picked":"hexamod:InspiringFlames","floor":15},{"not_picked":["hexamod:FifthSeal","hexamod:UnleashSpirits"],"picked":"hexamod:Toasty","floor":16},{"not_picked":["hexamod:DynamicBlow","hexamod:AdvancingGuard"],"picked":"hexamod:NightmareGuise","floor":17},{"not_picked":["hexamod:EtherealExpedition","hexamod:InspiringFlames"],"picked":"hexamod:ThermalTransfer","floor":19},{"not_picked":["hexamod:FastForward","hexamod:RainOfEmbers"],"picked":"hexamod:BacktrackSmack","floor":22},{"not_picked":["hexamod:NightmareGuise+1","hexamod:GhostLash+1"],"picked":"hexamod:CatchUp","floor":23},{"not_picked":["hexamod:UnleashSpirits","hexamod:Haunt"],"picked":"hexamod:EtherealExpedition","floor":26},{"not_picked":["hexamod:SecondSeal","hexamod:Firestarter"],"picked":"hexamod:RecurringNightmare","floor":28},{"not_picked":["hexamod:RetreatToShadows","hexamod:SkipABeat"],"picked":"hexamod:RainOfEmbers","floor":29},{"not_picked":["hexamod:SecondSeal","hexamod:RainOfEmbers+1"],"picked":"hexamod:SpectersWail","floor":30},{"not_picked":["hexamod:UnleashSpirits","hexamod:RainOfEmbers"],"picked":"hexamod:HauntingEcho+1","floor":32},{"not_picked":["hexamod:ParanormalForm","hexamod:WildfireWeapon"],"picked":"hexamod:EmpoweringStance","floor":33},{"not_picked":["hexamod:GhostShield","hexamod:SpectersWail+1"],"picked":"hexamod:Firestarter","floor":36},{"not_picked":["hexamod:HeatCrush","hexamod:RainOfEmbers+1"],"picked":"hexamod:ShieldOfDarkness+1","floor":37},{"not_picked":["hexamod:HauntingEcho","hexamod:FourthSeal"],"picked":"hexamod:BurningTouch","floor":38},{"not_picked":["hexamod:TurnItUp","hexamod:HauntingEcho+1"],"picked":"hexamod:RadiantFlame","floor":39}],"player_experience":851780,"relics_obtained":[{"floor":7,"key":"Girya"},{"floor":10,"key":"Toy Ornithopter"},{"floor":12,"key":"Bag of Marbles"},{"floor":24,"key":"Pantograph"},{"floor":26,"key":"HornCleat"},{"floor":29,"key":"Mummified Hand"},{"floor":37,"key":"White Beast Statue"}],"event_choices":[{"damage_healed":0,"gold_gain":0,"player_choice":"Success","damage_taken":3,"relics_obtained":["Ancient Tea Set"],"max_hp_gain":0,"max_hp_loss":0,"event_name":"Scrap Ooze","floor":5,"gold_loss":0},{"damage_healed":0,"gold_gain":0,"player_choice":"Copied","damage_taken":0,"max_hp_gain":0,"max_hp_loss":0,"event_name":"Duplicator","floor":21,"gold_loss":0,"cards_obtained":["hexamod:FourthSeal"]},{"cards_removed":["hexamod:RecurringNightmare"],"damage_healed":0,"gold_gain":0,"player_choice":"Elegance","damage_taken":0,"max_hp_gain":0,"max_hp_loss":0,"event_name":"Back to Basics","floor":31,"gold_loss":0}],"is_beta":false,"boss_relics":[{"not_picked":["SlaversCollar","Pandora\u0027s Box"],"picked":"Tiny House"},{"not_picked":["Runic Pyramid","SacredBark"],"picked":"Black Star"}],"items_purged_floors":[19,22],"is_endless":false,"potions_floor_spawned":[3,11,13,15,23,26,28,33,38,39],"killed_by":"Giant Head","ascension_level":0}}