{"host":"m94dsuwomejivryp","time":1608872655,"event":{"mods":["AchievementEnabler","BaseMod","Minty Spire (QoL Compilation)","StSLib","SuperFastMode"],"gold_per_floor":[116,127,127,484,498,498,498,517,544,985,985,1026,1047,1222,1222,1348,1348,1363,1387,1312,1333,1346,1346,1361,1376,1376,1376,1390,1430,1430,1445,1445,1574,1574,1588,1606,1621,1621,1637,1672,1295,1295,1321,1334,1334,1056,1389,1400,1400,1400],"floor_reached":51,"playtime":2520,"items_purged":[],"score":1128,"play_id":"d0389bf0-1e2c-4c85-9795-c12f1b01b9d5","local_time":"20201225140415","is_ascension_mode":false,"campfire_choices":[{"floor":6,"key":"RECALL"},{"floor":15,"key":"REST"},{"data":"Metallicize","floor":23,"key":"SMITH"},{"data":"Seeing Red","floor":30,"key":"SMITH"},{"data":"Feel No Pain","floor":32,"key":"SMITH"},{"floor":45,"key":"REST"},{"floor":49,"key":"REST"}],"circlet_count":0,"master_deck":["Defend_R+1","Defend_R+1","Defend_R+1","Body Slam+1","Shrug It Off+1","Shrug It Off+1","Warcry+1","Warcry+1","Entrench+1","Entrench+1","Metallicize+1","Metallicize+1","Seeing Red+1","Seeing Red+1","Barricade+1","Impervious+1","Juggernaut+1","Offering+1","Madness+1","Madness+1","Madness+1","Offering+1","Feel No Pain+1","Metallicize+1","Exhume+1","Seeing Red+1"],"relics":["Black Blood","CaptainsWheel","Strange Spoon","Singing Bowl","Centennial Puzzle","DollysMirror","Dream Catcher","Question Card","Vajra","Runic Dome","Bottled Flame","Nloth\u0027s Gift","Mummified Hand","Thread and Needle","Membership Card","Pocketwatch","Potion Belt","Bag of Preparation","Molten Egg 2","Ancient Tea Set","Medical Kit"],"acts_visited":["Exordium","TheCity","TheBeyond"],"potions_floor_usage":[13,22,22,22,29,35,35,40],"damage_taken":[{"damage":6,"enemies":"2 Louse","floor":1,"turns":3},{"damage":10,"enemies":"Small Slimes","floor":2,"turns":4},{"damage":0,"enemies":"Cultist","floor":5,"turns":3},{"damage":6,"enemies":"3 Louse","floor":8,"turns":3},{"damage":24,"enemies":"Gremlin Nob","floor":12,"turns":2},{"damage":14,"enemies":"2 Fungi Beasts","floor":13,"turns":2},{"damage":18,"enemies":"Hexaghost","floor":16,"turns":3},{"damage":12,"enemies":"3 Byrds","floor":18,"turns":2},{"damage":12,"enemies":"Shell Parasite","floor":19,"turns":3},{"damage":12,"enemies":"Snecko","floor":21,"turns":1},{"damage":14,"enemies":"Cultist and Chosen","floor":22,"turns":2},{"damage":12,"enemies":"Chosen and Byrds","floor":24,"turns":2},{"damage":12,"enemies":"Shelled Parasite and Fungi","floor":25,"turns":3},{"damage":12,"enemies":"Snake Plant","floor":28,"turns":3},{"damage":30,"enemies":"Gremlin Leader","floor":29,"turns":4},{"damage":12,"enemies":"Centurion and Healer","floor":31,"turns":5},{"damage":18,"enemies":"Collector","floor":33,"turns":4},{"damage":20,"enemies":"3 Darklings","floor":35,"turns":5},{"damage":12,"enemies":"3 Shapes","floor":36,"turns":3},{"damage":26,"enemies":"Sphere and 2 Shapes","floor":37,"turns":4},{"damage":18,"enemies":"3 Darklings","floor":39,"turns":3},{"damage":28,"enemies":"Reptomancer","floor":40,"turns":11},{"damage":18,"enemies":"Transient","floor":44,"turns":5},{"damage":6,"enemies":"Sphere and 2 Shapes","floor":48,"turns":4},{"damage":6,"enemies":"Time Eater","floor":50,"turns":8}],"seed_played":"6069549108710429810","potions_obtained":[{"floor":2,"key":"Strength Potion"},{"floor":8,"key":"Fire Potion"},{"floor":18,"key":"LiquidMemories"},{"floor":19,"key":"EssenceOfSteel"},{"floor":28,"key":"SkillPotion"},{"floor":31,"key":"Dexterity Potion"},{"floor":33,"key":"SteroidPotion"},{"floor":35,"key":"Block Potion"},{"floor":39,"key":"Regen Potion"},{"floor":40,"key":"ColorlessPotion"},{"floor":44,"key":"Dexterity Potion"}],"is_trial":false,"path_per_floor":["M","M","?","$","M","R","?","M","T","$","?","E","M","?","R","B",null,"M","M","?","M","M","R","M","M","T","?","M","E","R","M","R","B",null,"M","M","M","?","M","E","$","?","T","M","R","$","?","M","R","B",null],"character_chosen":"IRONCLAD","items_purchased":["Mercury Hourglass","Strange Spoon","Singing Bowl","DollysMirror","Dream Catcher","Question Card","Membership Card","Pocketwatch","Potion Belt","Molten Egg 2","Ancient Tea Set","Medical Kit"],"campfire_rested":3,"item_purchase_floors":[4,4,4,10,10,10,41,41,41,46,46,46],"current_hp_per_floor":[56,52,52,52,60,60,52,54,54,54,33,15,9,9,34,24,88,84,80,80,74,68,68,64,60,60,60,56,34,34,30,30,18,104,98,100,88,88,84,85,85,85,85,81,117,117,117,120,122,122],"gold":1400,"neow_bonus":"ONE_RARE_RELIC","is_daily":false,"chose_seed":false,"campfire_upgraded":3,"win_rate":0.0,"timestamp":1608872655,"path_taken":["M","M","?","$","M","R","?","?","T","$","?","E","M","?","R","BOSS","M","M","?","M","M","R","M","M","T","?","?","E","R","M","R","BOSS","M","M","M","?","?","E","$","?","T","M","R","$","?","M","R","BOSS"],"items_purchased_type":["Relic","Relic","Relic","Relic","Relic","Relic","Relic","Relic","Relic","Relic","Relic","Relic"],"build_version":"2020-12-22","purchased_purges":0,"victory":true,"max_hp_per_floor":[80,80,80,80,82,82,82,84,84,84,84,84,86,86,86,88,88,90,92,92,92,94,94,96,98,98,98,100,102,102,104,104,104,104,106,108,110,110,112,114,114,114,114,116,118,118,118,120,122,122],"card_choices":[{"not_picked":["Sword Boomerang","Evolve","Reckless Charge"],"picked":"SKIP","floor":1},{"not_picked":["Headbutt","Warcry","Pummel"],"picked":"SKIP","floor":2},{"not_picked":["Uppercut","Heavy Blade","Evolve"],"picked":"Singing Bowl","floor":5},{"not_picked":["Dropkick","Thunderclap","Headbutt"],"picked":"Singing Bowl","floor":8},{"not_picked":["Headbutt","Double Tap","Sword Boomerang"],"picked":"Seeing Red","floor":12},{"not_picked":["True Grit","Wild Strike","Burning Pact","Headbutt"],"picked":"Singing Bowl","floor":13},{"not_picked":["Iron Wave","Body Slam","Headbutt"],"picked":"Feel No Pain","floor":15},{"not_picked":["Juggernaut","Brutality","Berserk","Corruption"],"picked":"Singing Bowl","floor":16},{"not_picked":["Shockwave+1","Sentinel+1","Perfected Strike","Pommel Strike"],"picked":"Singing Bowl","floor":18},{"not_picked":["Twin Strike","Sword Boomerang","Iron Wave+1","Flex"],"picked":"Singing Bowl","floor":19},{"not_picked":["Flame Barrier","Iron Wave+1","Wild Strike"],"picked":"Metallicize","floor":21},{"not_picked":["Iron Wave","Shrug It Off+1","Rampage+1","Clothesline"],"picked":"Singing Bowl","floor":22},{"not_picked":["Cleave","Blood for Blood+1","Thunderclap","Shockwave"],"picked":"Singing Bowl","floor":24},{"not_picked":["Metallicize","Body Slam","Shockwave","Sever Soul+1"],"picked":"Singing Bowl","floor":25},{"not_picked":["Exhume","Intimidate","Anger","Armaments+1"],"picked":"Singing Bowl","floor":28},{"not_picked":["Fiend Fire","Rage+1","Heavy Blade","Ghostly Armor"],"picked":"Singing Bowl","floor":29},{"not_picked":["Clash","Whirlwind","Infernal Blade","Inflame"],"picked":"Singing Bowl","floor":31},{"not_picked":["Demon Form","Reaper","Feed"],"picked":"Exhume","floor":33},{"not_picked":["Rupture+1","Flex","Shrug It Off+1","Burning Pact+1"],"picked":"Singing Bowl","floor":35},{"not_picked":["Shrug It Off+1","Headbutt","Warcry+1","Clash"],"picked":"Singing Bowl","floor":36},{"not_picked":["Twin Strike","Clash+1","Perfected Strike+1","Uppercut"],"picked":"Singing Bowl","floor":37},{"not_picked":["Heavy Blade+1","Wild Strike+1","Shrug It Off+1","Thunderclap"],"picked":"Singing Bowl","floor":39},{"not_picked":["Juggernaut","Immolate","Heavy Blade+1","Evolve"],"picked":"Singing Bowl","floor":40},{"not_picked":["Iron Wave","Havoc+1","Corruption","Flex+1"],"picked":"Singing Bowl","floor":44},{"not_picked":["Headbutt+1","Searing Blow+1","Bloodletting+1","Perfected Strike"],"picked":"Singing Bowl","floor":45},{"not_picked":["Thunderclap+1","Warcry","Clash+1","Rupture+1"],"picked":"Singing Bowl","floor":48},{"not_picked":["Anger+1","Dark Embrace+1","Dropkick+1","Flex+1"],"picked":"Singing Bowl","floor":49}],"player_experience":173175,"relics_obtained":[{"floor":9,"key":"Centennial Puzzle"},{"floor":12,"key":"Vajra"},{"floor":26,"key":"Bottled Flame"},{"floor":29,"key":"Mummified Hand"},{"floor":40,"key":"Thread and Needle"},{"floor":43,"key":"Bag of Preparation"}],"event_choices":[{"cards_removed":["Madness"],"damage_healed":0,"gold_gain":0,"player_choice":"Forget","damage_taken":0,"max_hp_gain":0,"max_hp_loss":0,"event_name":"Living Wall","floor":3,"gold_loss":0},{"damage_healed":0,"gold_gain":0,"player_choice":"Damaged","damage_taken":8,"max_hp_gain":0,"max_hp_loss":0,"event_name":"Wheel of Change","floor":7,"gold_loss":0},{"damage_healed":0,"gold_gain":0,"player_choice":"Take Damage","damage_taken":21,"relics_obtained":["Golden Idol"],"max_hp_gain":0,"max_hp_loss":0,"event_name":"Golden Idol","floor":11,"gold_loss":0},{"damage_healed":0,"gold_gain":175,"player_choice":"AGREE","damage_taken":0,"max_hp_gain":0,"max_hp_loss":0,"event_name":"Liars Game","floor":14,"gold_loss":0,"cards_obtained":["Doubt"]},{"cards_removed":["Doubt"],"damage_healed":0,"gold_gain":0,"player_choice":"Gave Gold","damage_taken":0,"max_hp_gain":0,"max_hp_loss":0,"event_name":"Beggar","floor":20,"gold_loss":75},{"damage_healed":0,"gold_gain":0,"player_choice":"Traded Relic","damage_taken":0,"relics_obtained":["Nloth\u0027s Gift"],"max_hp_gain":0,"max_hp_loss":0,"event_name":"N\u0027loth","floor":27,"relics_lost":["Mercury Hourglass"],"gold_loss":0},{"damage_healed":0,"gold_gain":0,"player_choice":"Upgraded","damage_taken":0,"max_hp_gain":0,"max_hp_loss":0,"event_name":"Upgrade Shrine","floor":38,"gold_loss":0,"cards_upgraded":["Exhume"]},{"cards_removed":["Seeing Red"],"damage_healed":0,"gold_gain":0,"player_choice":"Removed Skill","damage_taken":0,"max_hp_gain":0,"max_hp_loss":0,"event_name":"Falling","floor":42,"gold_loss":0},{"damage_healed":0,"gold_gain":333,"player_choice":"Gave Idol","damage_taken":0,"max_hp_gain":0,"max_hp_loss":0,"event_name":"The Moai Head","floor":47,"relics_lost":["Golden Idol"],"gold_loss":0}],"is_beta":false,"boss_relics":[{"not_picked":["Empty Cage","Velvet Choker"],"picked":"Runic Dome"},{"not_picked":["Tiny House","Snecko Eye"],"picked":"Black Blood"}],"items_purged_floors":[],"is_endless":false,"potions_floor_spawned":[2,8,18,19,28,31,33,35,39,40,44],"ascension_level":0}}