{"host":"liqblz7tpw2jrdl0","time":1608887378,"event":{"mods":["ATMod(°¢èªMod)","BaseMod","Better-Laid Plans","Colored Map","HololiveMod","Minty Spire (QoL Compilation)","Relic Stats","StSLib","óô»ðÖ¸ÄÏ"],"gold_per_floor":[89,105,120,120,133,175,194,228,252,252,292,66,83,116,116,225,225,245,265,265,278,193,220,237,260,260,260,283,298,327,343,87,186,186,201,219,219,248,248,123,154,154,154,168,198,216,248,100,100,100],"floor_reached":51,"playtime":2863,"items_purged":["Regret","Hololive_Breathe","Hololive_Defend"],"score":1728,"play_id":"001cb794-5032-460f-bbd9-d154e04cc98d","local_time":"20201225170938","is_ascension_mode":true,"campfire_choices":[{"floor":15,"key":"REST"},{"data":"Sadistic Nature","floor":27,"key":"SMITH"},{"data":"Hololive_BeCareful","floor":42,"key":"SMITH"},{"data":"Hololive_CallUsadaPekora","floor":49,"key":"SMITH"}],"circlet_count":0,"master_deck":["Hololive_Strike","Hololive_CandyCastle+1","Hololive_CallTokoyamiTowa","Hololive_CallUruhaRushia","Hololive_CallSakuraMiko","Hololive_CallOzoraSubaru","Hololive_CallUsadaPekora+1","Sadistic Nature+1","AT_FamilyPortrait","Hololive_CallUruhaRushia","Hololive_CallShirakamiFubuki","Hololive_CallAkiRosenthal","Hololive_CallOkamiMio","Hololive_FlyingPonyTail+1","Hololive_CallCivia","Hololive_Rebound","Hololive_CallYuzukiChoco","Hololive_AWSL","Hololive_CallYozoraMel","Hololive_CallHimemoriLuna","Hololive_CallNatsuiroMatsuri","Hololive_HuntDinosaur","Hololive_CallShiranuiFlare","Hololive_OvertimeWork+1","Hololive_OpenUp","Hololive_Psychosis","Hololive_Breathe+1","Hololive_CallTokoyamiTowa+1","Hololive_BeCareful+1","Hololive_CallYukihanaLamy+1","Hololive_CallYogiri+1","Master of Strategy","Hololive_CallRosalyn+1","Hololive_Breathe+1","Hololive_LuckPotion+1","Hololive_CocoNews+1","Hololive_LuckPotion+1","Hololive_CallHoshimachiSuisei+1"],"relics":["Hololive_TheStar","AT_ATBox","AT_EbonyIvory","White Beast Statue","AT_BladeRuinedKing","Strawberry","Bag of Preparation","AT_ArcaneBoots","AT_GuinsooRageblade","Empty Cage","Toy Ornithopter","AT_SeraphEmbrace","Pear","AT_ImmortalShieldbow","War Paint","SlaversCollar","Bottled Tornado","Hololive_LightStick","AT_SunfireAegis","Letter Opener","Strange Spoon"],"acts_visited":["Exordium","TheCity","TheBeyond"],"potions_floor_usage":[21,23,30,50,50,50],"damage_taken":[{"damage":0,"enemies":"Small Slimes","floor":1,"turns":2},{"damage":0,"enemies":"Jaw Worm","floor":2,"turns":3},{"damage":0,"enemies":"Cultist","floor":3,"turns":2},{"damage":3,"enemies":"3 Louse","floor":5,"turns":3},{"damage":0,"enemies":"Gremlin Nob","floor":6,"turns":3},{"damage":8,"enemies":"Lots of Slimes","floor":7,"turns":3},{"damage":0,"enemies":"Lagavulin","floor":8,"turns":4},{"damage":0,"enemies":"Gremlin Nob","floor":11,"turns":3},{"damage":0,"enemies":"2 Fungi Beasts","floor":13,"turns":2},{"damage":0,"enemies":"3 Sentries","floor":14,"turns":4},{"damage":0,"enemies":"The Guardian","floor":16,"turns":4},{"damage":0,"enemies":"Shell Parasite","floor":18,"turns":3},{"damage":0,"enemies":"Chosen","floor":19,"turns":3},{"damage":0,"enemies":"Snake Plant","floor":21,"turns":2},{"damage":5,"enemies":"Book of Stabbing","floor":23,"turns":3},{"damage":0,"enemies":"Sentry and Sphere","floor":24,"turns":5},{"damage":0,"enemies":"Centurion and Healer","floor":25,"turns":2},{"damage":0,"enemies":"Cultist and Chosen","floor":28,"turns":3},{"damage":0,"enemies":"Chosen and Byrds","floor":29,"turns":3},{"damage":0,"enemies":"Gremlin Leader","floor":30,"turns":4},{"damage":0,"enemies":"Snake Plant","floor":31,"turns":1},{"damage":0,"enemies":"Champ","floor":33,"turns":4},{"damage":0,"enemies":"3 Darklings","floor":35,"turns":3},{"damage":0,"enemies":"Orb Walker","floor":36,"turns":1},{"damage":0,"enemies":"3 Darklings","floor":38,"turns":5},{"damage":0,"enemies":"Giant Head","floor":41,"turns":4},{"damage":0,"enemies":"Sphere and 2 Shapes","floor":44,"turns":3},{"damage":0,"enemies":"Nemesis","floor":45,"turns":3},{"damage":0,"enemies":"Spire Growth","floor":46,"turns":1},{"damage":0,"enemies":"Giant Head","floor":47,"turns":3},{"damage":0,"enemies":"Donu and Deca","floor":50,"turns":3}],"seed_played":"-616841151210991084","potions_obtained":[{"floor":1,"key":"Swift Potion"},{"floor":3,"key":"SpeedPotion"},{"floor":7,"key":"SpeedPotion"},{"floor":8,"key":"GamblersBrew"},{"floor":11,"key":"AttackPotion"},{"floor":13,"key":"AttackPotion"},{"floor":14,"key":"BlessingOfTheForge"},{"floor":21,"key":"Weak Potion"},{"floor":23,"key":"SpeedPotion"},{"floor":24,"key":"DuplicationPotion"},{"floor":25,"key":"DuplicationPotion"},{"floor":30,"key":"Fire Potion"}],"is_trial":false,"path_per_floor":["M","M","M","?","M","E","M","E","T","?","E","$","M","E","R","B",null,"M","M","?","M","?","E","M","M","T","R","M","M","E","M","R","B",null,"M","M","?","M","?","R","E","R","T","M","E","M","E","$","R","B",null],"character_chosen":"Hololive_HololiveCharacter","items_purchased":["AT_SpeedBoots","War Paint","Strange Spoon"],"campfire_rested":1,"item_purchase_floors":[12,32,48],"current_hp_per_floor":[32,35,35,28,25,25,17,17,17,24,24,24,24,24,36,36,41,42,43,44,45,45,46,47,48,58,58,59,60,61,62,62,63,63,64,65,65,66,66,66,67,67,67,68,69,70,71,71,71,72],"gold":100,"neow_bonus":"RANDOM_COLORLESS_2","is_daily":false,"chose_seed":false,"campfire_upgraded":3,"win_rate":0.0,"timestamp":1608887378,"path_taken":["M","M","M","?","M","E","M","E","T","?","E","?","?","E","R","BOSS","M","M","?","?","?","E","M","M","T","R","M","M","E","M","R","BOSS","M","M","?","M","?","R","E","R","T","M","E","?","E","$","R","BOSS"],"items_purchased_type":["Relic","Relic","Relic"],"build_version":"2020-12-22","purchased_purges":3,"victory":true,"max_hp_per_floor":[35,35,35,35,35,35,35,35,35,42,42,42,42,42,42,42,42,43,44,44,45,45,46,47,48,58,58,59,60,61,62,62,63,63,64,65,65,66,66,66,67,67,67,68,69,70,71,71,71,72],"relic_stats":{"Strange Spoon":[8],"counters":[31,92],"Bag of Preparation":[46],"Letter Opener":[20],"War Paint":["Hololive_FlyingPonyTail","Hololive_CandyCastle"],"obtain_stats":[{"AT_SeraphEmbrace":45,"AT_ATBox":0,"Pear":26,"AT_EbonyIvory":6,"AT_BladeRuinedKing":9,"AT_ArcaneBoots":24,"Bag of Preparation":11,"Letter Opener":47,"War Paint":32,"Bottled Tornado":41,"Empty Cage":17,"AT_ArchangelStaff":23,"White Beast Statue":8,"AT_ImmortalShieldbow":30,"SlaversCollar":34,"Strange Spoon":48,"AT_SpeedBoots":12,"Hololive_LightStick":43,"Strawberry":10,"Hololive_TheStar":0,"AT_SunfireAegis":45,"AT_GuinsooRageblade":14,"Toy Ornithopter":22},{"AT_SeraphEmbrace":28,"AT_ATBox":0,"Pear":17,"AT_EbonyIvory":5,"AT_BladeRuinedKing":7,"AT_ArcaneBoots":16,"Bag of Preparation":8,"Letter Opener":30,"War Paint":21,"Bottled Tornado":26,"Empty Cage":11,"AT_ArchangelStaff":15,"White Beast Statue":7,"AT_ImmortalShieldbow":20,"SlaversCollar":22,"Strange Spoon":30,"AT_SpeedBoots":8,"Hololive_LightStick":26,"Strawberry":7,"Hololive_TheStar":0,"AT_SunfireAegis":28,"AT_GuinsooRageblade":10,"Toy Ornithopter":14},{"AT_SeraphEmbrace":83,"AT_ATBox":0,"Pear":51,"AT_EbonyIvory":13,"AT_BladeRuinedKing":20,"AT_ArcaneBoots":47,"Bag of Preparation":23,"Letter Opener":89,"War Paint":62,"Bottled Tornado":79,"Empty Cage":33,"AT_ArchangelStaff":44,"White Beast Statue":20,"AT_ImmortalShieldbow":61,"SlaversCollar":66,"Strange Spoon":89,"AT_SpeedBoots":23,"Hololive_LightStick":79,"Strawberry":20,"Hololive_TheStar":0,"AT_SunfireAegis":85,"AT_GuinsooRageblade":29,"Toy Ornithopter":41}],"Toy Ornithopter":5},"card_choices":[{"not_picked":["AT_BreakingExtremeWeapon","Chrysalis"],"picked":"Sadistic Nature","floor":0},{"not_picked":["Hololive_HuntDinosaur","Hololive_Breathe","Hololive_LuckPotion"],"picked":"Hololive_CallUruhaRushia","floor":1},{"not_picked":["Hololive_Drill","Hololive_Sequa","Hololive_Psychosis"],"picked":"Hololive_Rebound","floor":2},{"not_picked":["Hololive_Rebound","Hololive_Sequa","Hololive_CallOzoraSubaru"],"picked":"Hololive_CallShirakamiFubuki","floor":3},{"not_picked":["Hololive_Rebound","Hololive_StrengthChampion","Hololive_Breathe"],"picked":"Hololive_CallAkiRosenthal","floor":5},{"not_picked":["Hololive_Sequa","Hololive_DiamondStrike","Hololive_HuntDinosaur"],"picked":"Hololive_Breathe","floor":6},{"not_picked":["Hololive_StrengthChampion","Hololive_CallYozoraMel","Hololive_LuckPotion"],"picked":"Hololive_CallOkamiMio","floor":7},{"not_picked":["Hololive_HuntDinosaur","Hololive_Sequa","Hololive_Psychosis"],"picked":"Hololive_FlyingPonyTail","floor":8},{"not_picked":["Hololive_Sequa","Hololive_Drill","Hololive_Trident"],"picked":"Hololive_CallCivia","floor":11},{"not_picked":["Hololive_Psychosis","Hololive_SummonFox","Hololive_Watashimo"],"picked":"Hololive_Rebound","floor":13},{"not_picked":["Hololive_HuntDinosaur","Hololive_OvertimeWork","Hololive_Psychosis"],"picked":"Hololive_CallYuzukiChoco","floor":14},{"not_picked":["Hololive_BeCareful","Hololive_Rebirth","Hololive_WolfAndLamb"],"picked":"Hololive_AWSL","floor":16},{"not_picked":["Hololive_CallKiryuuCoco","Hololive_FlyingPonyTail","Hololive_Sequa"],"picked":"Hololive_CallYozoraMel","floor":18},{"not_picked":["Hololive_Trident","Hololive_StrengthChampion","Hololive_Rebound+1"],"picked":"Hololive_CallHimemoriLuna","floor":19},{"not_picked":["Hololive_Trident","Hololive_Breathe","Hololive_StrengthChampion"],"picked":"Hololive_CallNatsuiroMatsuri","floor":21},{"not_picked":["Hololive_WolfAndLamb","Hololive_StrengthChampion","Hololive_Drill"],"picked":"Hololive_HuntDinosaur","floor":23},{"not_picked":["Hololive_Sequa+1","Hololive_HuntDinosaur","Hololive_OvertimeWork+1"],"picked":"Hololive_CallShiranuiFlare","floor":24},{"not_picked":["Hololive_StrengthChampion","Hololive_Sequa+1","Hololive_CallAkiRosenthal+1"],"picked":"Hololive_OvertimeWork+1","floor":25},{"not_picked":["Hololive_Breathe","Hololive_CallYuzukiChoco","Hololive_StrengthChampion"],"picked":"Hololive_OpenUp","floor":28},{"not_picked":["Hololive_OvertimeWork","Hololive_HuntDinosaur","Hololive_ILoveYou"],"picked":"Hololive_Psychosis","floor":29},{"not_picked":["Hololive_SoulCatcher","Hololive_Sequa","Hololive_Drill"],"picked":"Hololive_Breathe+1","floor":30},{"not_picked":["Hololive_Sequa","Hololive_Thief","Hololive_HuntDinosaur+1"],"picked":"Hololive_CallTokoyamiTowa+1","floor":31},{"not_picked":["Hololive_MaximGun","Hololive_AWSL","Hololive_Nanodesu"],"picked":"Hololive_BeCareful","floor":33},{"not_picked":["Hololive_Sequa+1","Hololive_CallUruhaRushia","Hololive_OvertimeWork+1"],"picked":"Hololive_CallYukihanaLamy+1","floor":35},{"not_picked":["Hololive_HuntDinosaur+1","Hololive_Rebound","Hololive_OvertimeWork+1"],"picked":"Hololive_CallYogiri+1","floor":36},{"not_picked":["Enlightenment","Jack Of All Trades","Purity"],"picked":"Master of Strategy","floor":37},{"not_picked":["Hololive_Trident","Hololive_Watashimo+1","Hololive_CallShishiroBotan"],"picked":"Hololive_CallRosalyn+1","floor":38},{"not_picked":["Hololive_Psychosis","Hololive_AWSL","Hololive_Rebound+1"],"picked":"Hololive_Breathe+1","floor":41},{"not_picked":["Hololive_FlyingPonyTail","Hololive_CallYogiri","Hololive_CocoNews+1"],"picked":"Hololive_LuckPotion+1","floor":44},{"not_picked":["Hololive_ManjiGathering","Hololive_Sequa","Hololive_Psychosis+1"],"picked":"Hololive_CocoNews+1","floor":45},{"not_picked":["Hololive_Psychosis","Hololive_RevenueBasedLive+1","Hololive_Trident+1"],"picked":"Hololive_LuckPotion+1","floor":46},{"not_picked":["Hololive_DevilCharm+1","Hololive_CocoNews+1","Hololive_Nanodesu"],"picked":"Hololive_CallHoshimachiSuisei+1","floor":47}],"player_experience":31538,"relics_obtained":[{"floor":6,"key":"AT_EbonyIvory"},{"floor":8,"key":"White Beast Statue"},{"floor":9,"key":"AT_BladeRuinedKing"},{"floor":11,"key":"Bag of Preparation"},{"floor":14,"key":"AT_GuinsooRageblade"},{"floor":23,"key":"AT_ArchangelStaff"},{"floor":26,"key":"Pear"},{"floor":30,"key":"AT_ImmortalShieldbow"},{"floor":41,"key":"Bottled Tornado"},{"floor":43,"key":"Hololive_LightStick"},{"floor":45,"key":"AT_SunfireAegis"},{"floor":47,"key":"Letter Opener"}],"event_choices":[{"cards_removed":["Regret"],"damage_healed":0,"gold_gain":0,"player_choice":"Card Removal","damage_taken":7,"max_hp_gain":0,"max_hp_loss":0,"event_name":"Golden Wing","floor":4,"gold_loss":0},{"damage_healed":0,"gold_gain":0,"player_choice":"Box","damage_taken":0,"relics_obtained":["Strawberry"],"max_hp_gain":0,"max_hp_loss":0,"event_name":"Big Fish","floor":10,"gold_loss":0,"cards_obtained":["Regret"]},{"cards_removed":["Hololive_Defend"],"damage_healed":5,"gold_gain":0,"player_choice":"Offered Special","damage_taken":0,"max_hp_gain":0,"max_hp_loss":0,"event_name":"Bonfire Elementals","floor":20,"gold_loss":0},{"damage_healed":0,"gold_gain":0,"player_choice":"Obtained Relic","damage_taken":0,"relics_obtained":["Toy Ornithopter"],"max_hp_gain":0,"max_hp_loss":0,"event_name":"Addict","floor":22,"gold_loss":85},{"damage_healed":0,"gold_gain":0,"player_choice":"Memory 1","damage_taken":0,"max_hp_gain":0,"max_hp_loss":0,"event_name":"SensoryStone","floor":37,"gold_loss":0},{"damage_healed":0,"gold_gain":0,"player_choice":"Ignored","damage_taken":0,"max_hp_gain":0,"max_hp_loss":0,"event_name":"SecretPortal","floor":39,"gold_loss":0}],"is_beta":false,"boss_relics":[{"not_picked":["Runic Dome","AT_MortalBlade"],"picked":"Empty Cage"},{"not_picked":["Hololive_ChaosS","Busted Crown"],"picked":"SlaversCollar"}],"items_purged_floors":[12,32,40],"is_endless":false,"potions_floor_spawned":[1,3,7,8,11,13,14,16,18,19,21,23,24,25,28,29,30,31,33,35,36,38,41,44,45,46,47],"ascension_level":8}}