{"host":"ywbsnexmk111etbw","time":1608873504,"event":{"mods":["Act Like it!","BaseMod","Beaked The Cultist","Colored Powertips","Curses Come First","Downfall","Hubris","Infinite Spire","Marisa????????","Minty Spire (QoL Compilation)","Pale of the Ancients","Permanent Neow","Replay The Spire","StSLib","The Cursed","The Dragon Tamer","The Mystic","The Necromancer","Wandering Minibosses"],"gold_per_floor":[110,185,185,198,198,198,43,76,95,120,120,120,130,91,91,111,111,208,208,221,55,55,55,68,68,103,103,103,103,128,128,128,128,128,226,226,238,251,251,273,120,147,147,182,182,182,182,198,198,198],"floor_reached":49,"playtime":1869,"items_purged":[],"score":643,"play_id":"d86698e4-9445-4442-a3e8-a79fd5a2d16f","local_time":"20201225001824","is_ascension_mode":true,"campfire_choices":[{"data":"beaked:CrazyRituals","floor":15,"key":"SMITH"},{"data":"beaked:FeelMyPain","floor":17,"key":"SMITH"},{"floor":25,"key":"REST"},{"floor":27,"key":"REST"},{"floor":34,"key":"REST"}],"circlet_count":0,"master_deck":["infinitespire:TheBestDefense+1","beaked:Strike_Y","beaked:Strike_Y","beaked:Strike_Y","beaked:Strike_Y","beaked:Strike_Y","beaked:Strike_Y","beaked:Defend_Y","beaked:Defend_Y","beaked:Defend_Y","beaked:Defend_Y","beaked:Ceremony","beaked:Ceremony","beaked:Ceremony","beaked:CrazyRituals+1","beaked:BloodForTheGods","beaked:BraceForImpact","beaked:FeelMyPain+1","beaked:Flinch","beaked:StunningBlow","beaked:CursingBlood","beaked:MachineEssence","beaked:Tweet+1","expansioncontent:DashGenerateEvil","infinitespire:FinalStrike","beaked:Windmill+1","beaked:DesperateSwing+1","Necronomicurse","beaked:CrazyRituals+1","beaked:DarkTribute","beaked:HuntressSpirit+1","beaked:Negation+1","hubris:Insight","beaked:ScreechingChant"],"relics":["beaked:MendingPlumage","NeowsBlessing","hubris:BundleOfHerbs","Shuriken","infinitespire:Lucky Rock","Black Star","Sling","Ice Cream","beaked:ShinyBauble","hubris:BottledRain","hubris:Towel","Chameleon Ring","Blue Doll","Necronomicon","Philosopher\u0027s Stone","PreservedInsect","Incense Burner","infinitespire:EmpoweringShard","Regal Pillow","hubris:AstralHammer","Bottled Tornado","Juzu Bracelet"],"acts_visited":["Exordium","TheCity","TheBeyond"],"potions_floor_usage":[18,18,18,35,35,42],"damage_taken":[{"damage":0,"enemies":"Jaw Worm","floor":1,"turns":1},{"damage":0,"enemies":"2 Louse","floor":4,"turns":1},{"damage":0,"enemies":"Lagavulin","floor":8,"turns":1},{"damage":17,"enemies":"Small Slimes","floor":9,"turns":4},{"damage":73,"enemies":"3 Sentries","floor":10,"turns":6},{"damage":31,"enemies":"3 Louse","floor":13,"turns":4},{"damage":24,"enemies":"2 Fungi Beasts","floor":16,"turns":3},{"damage":83,"enemies":"Fading Forest","floor":18,"turns":11},{"damage":39,"enemies":"Shell Parasite","floor":20,"turns":5},{"damage":47,"enemies":"Chosen","floor":24,"turns":8},{"damage":26,"enemies":"Nightmare","floor":26,"turns":7},{"damage":58,"enemies":"Gremlin Leader","floor":30,"turns":8},{"damage":56,"enemies":"Champ","floor":35,"turns":8},{"damage":20,"enemies":"3 Shapes","floor":37,"turns":4},{"damage":0,"enemies":"Orb Walker","floor":38,"turns":1},{"damage":49,"enemies":"Writhing Mass","floor":40,"turns":7},{"damage":35,"enemies":"Reptomancer","floor":42,"turns":7},{"damage":0,"enemies":"Giant Head","floor":44,"turns":4},{"damage":6,"enemies":"4 Shapes","floor":48,"turns":4},{"damage":66,"enemies":"Nightmare","floor":49,"turns":2}],"seed_played":"5805154162833630764","potions_obtained":[{"floor":1,"key":"Elixir"},{"floor":9,"key":"Ancient Potion"},{"floor":13,"key":"SpeedPotion"},{"floor":16,"key":"Energy Potion"},{"floor":20,"key":"LifebloodPotion"},{"floor":31,"key":"Slimebound:ThreeZeroPotion"},{"floor":31,"key":"LifebloodPotion"},{"floor":38,"key":"PowerPotion"},{"floor":44,"key":"Swift Potion"},{"floor":46,"key":"LifebloodPotion"},{"floor":46,"key":"DistilledChaos"}],"is_trial":false,"path_per_floor":["M","?","$","M","PTL","PTL","$","E","M","E","T","?","M","$","R","M","R","B",null,"M","$","?","$","M","R","NM","R","T","?","E","R","?","?","R","B",null,"M","M","?","M","$","E","?","E","T","R","AVR","M","NM"],"character_chosen":"BEAKED_THE_CULTIST","items_purchased":["Sling","beaked:StunningBlow","expansioncontent:DashGenerateEvil","PreservedInsect"],"campfire_rested":3,"item_purchase_floors":[7,14,21,41],"current_hp_per_floor":[50,39,39,41,41,41,41,43,46,29,29,29,32,32,32,37,37,27,50,29,29,29,29,34,49,33,48,48,48,32,32,16,16,31,38,50,40,43,43,43,43,46,49,53,53,53,53,51,0,0],"gold":198,"neow_bonus":"THREE_ENEMY_KILL","is_daily":false,"chose_seed":false,"campfire_upgraded":2,"win_rate":0.0,"timestamp":1608873504,"path_taken":["M","?","$","M","PTL","PTL","$","E","M","E","T","?","M","?","R","M","R","BOSS","M","$","?","$","M","R","NM","R","T","?","E","R","?","?","R","BOSS","M","?","?","M","$","E","?","E","T","R","AVR","M","NM"],"items_purchased_type":["Relic","Card","Card","Relic"],"build_version":"2020-12-22","purchased_purges":0,"victory":false,"max_hp_per_floor":[50,50,50,50,50,50,50,50,50,50,50,50,50,50,50,50,50,50,50,50,50,50,50,50,50,50,50,50,50,50,50,50,50,50,50,50,50,50,50,50,50,50,53,53,53,53,53,53,53,53],"card_choices":[{"not_picked":["beaked:DigDeep","beaked:Windmill"],"picked":"beaked:CrazyRituals","floor":1},{"not_picked":["beaked:Brace","beaked:Molting"],"picked":"beaked:BloodForTheGods","floor":4},{"not_picked":["beaked:TuckingFeathers","beaked:Tradeoff"],"picked":"beaked:BraceForImpact","floor":8},{"not_picked":["beaked:Redirect","beaked:SurvivalInstinct"],"picked":"beaked:FeelMyPain","floor":9},{"not_picked":["beaked:Daydream","beaked:SurvivalInstinct"],"picked":"beaked:Flinch","floor":10},{"not_picked":["beaked:Negation","beaked:RuinSticks","beaked:Redirect"],"picked":"SKIP","floor":13},{"not_picked":["beaked:VolatileMisfortune","beaked:Daydream"],"picked":"beaked:CursingBlood","floor":16},{"not_picked":["beaked:Caw","beaked:WildInstinct"],"picked":"beaked:MachineEssence","floor":18},{"not_picked":["beaked:CursingBlood","beaked:Insight"],"picked":"beaked:Tweet+1","floor":20},{"not_picked":["beaked:FeelMyPain","beaked:Evade","beaked:Roost"],"picked":"SKIP","floor":24},{"not_picked":["infinitespire:NeuralNetwork","ReplayTheSpireMod:Haul"],"picked":"infinitespire:FinalStrike","floor":26},{"not_picked":["beaked:CrazyRituals","beaked:Flinch+1"],"picked":"beaked:Windmill+1","floor":26},{"not_picked":["ReplayTheSpireMod:Owlgaze","beaked:MimicHuntress"],"picked":"beaked:DesperateSwing+1","floor":30},{"not_picked":["beaked:FullHouse","beaked:CheekyTricks"],"picked":"beaked:DarkTribute","floor":35},{"not_picked":["beaked:Roost","beaked:Hexing+1"],"picked":"beaked:HuntressSpirit+1","floor":37},{"not_picked":["beaked:Tradeoff","beaked:Windmill+1"],"picked":"beaked:Negation+1","floor":38},{"not_picked":["ReplayTheSpireMod:Necrogeddon","PanicButton"],"picked":"hubris:Insight","floor":39},{"not_picked":["beaked:Hexing","beaked:Brace","beaked:Poke"],"picked":"SKIP","floor":40},{"not_picked":["beaked:Redirect+1","beaked:Hexing+1","beaked:DesperateSwing"],"picked":"SKIP","floor":42},{"not_picked":["beaked:Tweet","beaked:SurvivalInstinct+1"],"picked":"beaked:ScreechingChant","floor":44},{"not_picked":["beaked:MachineSpirit","beaked:Tradeoff","beaked:DigDeeper+1"],"picked":"SKIP","floor":48}],"player_experience":144808,"relics_obtained":[{"floor":8,"key":"hubris:BundleOfHerbs"},{"floor":10,"key":"Shuriken"},{"floor":11,"key":"infinitespire:Lucky Rock"},{"floor":24,"key":"Sling"},{"floor":26,"key":"Ice Cream"},{"floor":26,"key":"beaked:ShinyBauble"},{"floor":28,"key":"hubris:BottledRain"},{"floor":30,"key":"Chameleon Ring"},{"floor":30,"key":"Blue Doll"},{"floor":32,"key":"Necronomicon"},{"floor":42,"key":"Incense Burner"},{"floor":42,"key":"infinitespire:EmpoweringShard"},{"floor":44,"key":"Regal Pillow"},{"floor":44,"key":"hubris:AstralHammer"},{"floor":45,"key":"Bottled Tornado"}],"event_choices":[{"damage_healed":0,"gold_gain":75,"player_choice":"Gather Gold","damage_taken":11,"max_hp_gain":0,"max_hp_loss":0,"event_name":"World of Goop","floor":2,"gold_loss":0},{"damage_healed":0,"gold_gain":0,"player_choice":"Ignored","damage_taken":0,"max_hp_gain":0,"max_hp_loss":0,"event_name":"Shining Light","floor":12,"gold_loss":0},{"damage_healed":0,"gold_gain":0,"player_choice":"Obtained Book","damage_taken":16,"max_hp_gain":0,"max_hp_loss":0,"event_name":"Cursed Tome","floor":32,"gold_loss":0},{"damage_healed":0,"gold_gain":0,"player_choice":"Copied","damage_taken":0,"max_hp_gain":0,"max_hp_loss":0,"event_name":"Duplicator","floor":33,"gold_loss":0,"cards_obtained":["beaked:CrazyRituals"]},{"damage_healed":0,"gold_gain":0,"player_choice":"Memory 1","damage_taken":0,"max_hp_gain":0,"max_hp_loss":0,"event_name":"SensoryStone","floor":39,"gold_loss":0}],"is_beta":false,"boss_relics":[{"not_picked":["Honey Jar","Replay:Wanted Poster"],"picked":"Black Star"},{"not_picked":["Cursed Key","hubris:GrandSneckoEye"],"picked":"Philosopher\u0027s Stone"}],"items_purged_floors":[],"is_endless":true,"potions_floor_spawned":[1,9,13,16,20,38,44],"killed_by":"Nightmare","ascension_level":1}}