{"host":"htqwg582tjjtn9p7","time":1608903951,"event":{"mods":["2.2 Compatiblity","AchievementEnabler","Act Like it!","Aspiration","BaseMod","Better Third Choice","Colored Map","Conspire","Curses Come First","Displayed Cursed Tome","Energized Spire","Force Act Four","GifTheSpireLib","Hermit","Highlight Path","JesterMod","Mad Scientist","Minty Spire (QoL Compilation)","Pale of the Ancients","Permanent Neow","Random Character Button","Relic Stats","Replay The Spire","Robot Space Explorer","Somnambulant","Spicy Shops","Spikes Relics","StSLib","Stuff the Spire","The Blue Laboratory","The Disciple","The Dragon Tamer","The Forsaken","The Gatherer","The Judge","The Jungle","The Marked","The Runesmith","The Servant 0.9.4"],"gold_per_floor":[114,114,114,2,22,51,51,62,62,91,107,107,135,135,135,206,206,220,220,220,234,59,86,86,121,121,121,40,58,90,106,106,180,180,199,199,244,256,256,256,279,311,311,311,311,337,354,386,386,386,400,410,443,367,367,384,384,1,1,1],"floor_reached":61,"playtime":2156,"items_purged":["Strike_G","Defend_G"],"score":2562,"play_id":"8e0b9e72-d7b2-4a5f-8e9e-b5c78e949337","local_time":"20201225144551","is_ascension_mode":true,"campfire_choices":[{"data":"Draining Mist","floor":7,"key":"SMITH"},{"floor":12,"key":"REST"},{"data":"Cloak And Dagger","floor":15,"key":"SMITH"},{"data":"Replay:Bag of Tricks","floor":24,"key":"SMITH"},{"floor":27,"key":"REST"},{"data":"Calculated Gamble","floor":32,"key":"SMITH"},{"floor":40,"key":"REST"},{"data":"Neutralize","floor":44,"key":"SMITH"},{"data":"StuffTheSpire:ReptileScales","floor":49,"key":"SMITH"},{"data":"Reflex","floor":55,"key":"SMITH"},{"floor":57,"key":"REST"}],"circlet_count":0,"master_deck":["AscendersBane","Defend_G+1","Defend_G+1","Survivor","Neutralize+1","Calculated Gamble+1","Deflect","PiercingWail","Cloak And Dagger+1","Infinite Blades","Hidden Blade","Hidden Blade","Replay:Bag of Tricks+1","Phantasmal Killer+1","Underhanded Strike+1","Venomology+1","Cloak And Dagger+1","Deflect","Hidden Blade+1","Cloak And Dagger+1","Noxious Fumes+1","Envenom+1","Acrobatics+1","Hidden Blade","Hidden Blade+1","StuffTheSpire:ReptileScales+1","Hidden Blade+1","Reflex+1","Hidden Blade+1","Footwork","Reforge"],"relics":["WristBlade","Mirror","ReplayFunnel","Oddly Smooth Stone","ReplayTheSpireMod:Lightbulb","Astrolabe","Bag of Preparation","Vajra","Tiny Chest","White Beast Statue","Replay:Drink Me","StuffTheSpire:GrapeVine","Juzu Bracelet","Simple Rune","aspiration:HiddenCompartment","Pear","Replay:Baseball","paleoftheancients:Timepiece","paleoftheancients:KeyRelic","Ice Cream","Gremlin Horn","paleoftheancients:SoulOfTheWokeBloke","conspire:DecoderRing","SpikesRelics:DaevaFist"],"acts_visited":["Exordium","Exordium","TheBeyond","TheBeyond"],"potions_floor_usage":[6,6,10,23,25,30,31,33,33,35,38,42,46,47,48,50,51,52,52,53,60,60,60],"damage_taken":[{"damage":4,"enemies":"2 Louse","floor":1,"turns":3},{"damage":0,"enemies":"Cultist","floor":5,"turns":4},{"damage":12,"enemies":"Gremlin Nob","floor":6,"turns":2},{"damage":0,"enemies":"Small Slimes","floor":8,"turns":4},{"damage":4,"enemies":"Lagavulin","floor":10,"turns":6},{"damage":1,"enemies":"3 Louse","floor":11,"turns":4},{"damage":9,"enemies":"Gremlin Nob","floor":13,"turns":4},{"damage":32,"enemies":"Hexaghost","floor":16,"turns":12},{"damage":6,"enemies":"theJungle:Flameango_and_Byrd","floor":18,"turns":4},{"damage":0,"enemies":"theJungle:5_Spyders","floor":21,"turns":5},{"damage":0,"enemies":"theJungle:2_Phrogs","floor":23,"turns":7},{"damage":11,"enemies":"theJungle:Cassacara","floor":25,"turns":5},{"damage":4,"enemies":"Snake Plant","floor":29,"turns":3},{"damage":0,"enemies":"theJungle:MamaSnecko","floor":30,"turns":4},{"damage":0,"enemies":"theJungle:JungleHuntersEncounter","floor":31,"turns":4},{"damage":0,"enemies":"theJungle:QueenSpyder","floor":33,"turns":5},{"damage":0,"enemies":"Orb Walker","floor":35,"turns":3},{"damage":6,"enemies":"3 Darklings","floor":38,"turns":3},{"damage":0,"enemies":"Giant Head","floor":42,"turns":5},{"damage":0,"enemies":"Reptomancer","floor":46,"turns":5},{"damage":1,"enemies":"Spire Growth","floor":47,"turns":4},{"damage":3,"enemies":"R_Hoarder","floor":48,"turns":6},{"damage":37,"enemies":"Time Eater","floor":50,"turns":16},{"damage":0,"enemies":"Time Eater","floor":51,"turns":7},{"damage":18,"enemies":"Time Eater","floor":52,"turns":4},{"damage":0,"enemies":"conspire:MimicChest","floor":53,"turns":3},{"damage":8,"enemies":"conspire:MimicChest","floor":56,"turns":4},{"damage":93,"enemies":"paleoftheancients:N","floor":60,"turns":8}],"seed_played":"3060035877085122140","potions_obtained":[{"floor":1,"key":"Death Potion"},{"floor":5,"key":"blueLaboratory:FruitPunch"},{"floor":6,"key":"CunningPotion"},{"floor":23,"key":"blueLaboratory:FruitPunch"},{"floor":33,"key":"Adrenaline Potion"},{"floor":35,"key":"blueLaboratory:FruitPreserves"},{"floor":38,"key":"LifebloodPotion"},{"floor":46,"key":"Adrenaline Potion"},{"floor":47,"key":"Flashbang"},{"floor":48,"key":"Swift Potion"},{"floor":51,"key":"Block Potion"},{"floor":52,"key":"blueLaboratory:HummingbirdPotion"},{"floor":53,"key":"Elixir"}],"is_trial":false,"path_per_floor":["M","?","?","$","M","E","R","M","T","E","M","R","E","?","R","B",null,"M","?","?","M","$","E","R","E","T","R","$","M","E","M","R","B",null,"M","?","?","M","?","R","T","E","T","R","?","E","M","E","R","B","M","M","?","$","R","M","R","$","?","B",null],"character_chosen":"THE_SILENT","items_purchased":["Dash","Noxious Fumes+1","blueLaboratory:SuffocatingSmog","SpikesRelics:DaevaFist","Footwork","Reforge"],"campfire_rested":4,"item_purchase_floors":[4,28,54,58,58,58],"current_hp_per_floor":[55,55,55,55,55,45,45,45,45,41,40,60,51,51,51,19,56,50,50,50,50,50,50,50,41,41,62,62,58,58,58,58,60,54,54,54,37,31,31,47,47,47,47,47,47,57,56,53,53,52,58,52,58,58,58,57,64,64,64,64],"gold":1,"neow_bonus":"BOSS_RELIC","is_daily":false,"chose_seed":false,"campfire_upgraded":7,"win_rate":0.0,"timestamp":1608903951,"path_taken":["M","?","?","$","?","E","R","M","T","E","M","R","E","?","R","BOSS","M","?","?","?","?","E","R","E","T","R","$","M","E","M","R","BOSS","M","?","?","M","?","R","?","E","T","R","?","E","M","E","R","BOSS","M","M","?","$","R","M","R","$","?","BOSS"],"items_purchased_type":["Card","Card","Potion","Relic","Card","Card"],"build_version":"2020-12-22","purchased_purges":2,"victory":true,"max_hp_per_floor":[66,66,66,66,66,68,68,68,68,68,68,68,68,68,68,68,68,68,68,68,68,68,68,68,70,70,70,70,70,70,70,70,72,54,54,54,54,54,54,54,54,54,54,54,54,64,64,64,64,64,64,64,64,64,64,64,64,64,64,64],"relic_stats":{"Gremlin Horn":[10,10],"counters":[28,143],"Astrolabe":["Phantasmal Killer","Underhanded Strike","Venomology"],"Tiny Chest":1,"Bag of Preparation":[39],"Juzu Bracelet":1,"obtain_stats":[{"ReplayFunnel":9,"Ice Cream":50,"Gremlin Horn":50,"Vajra":25,"Bag of Preparation":23,"StuffTheSpire:GrapeVine":37,"Juzu Bracelet":41,"WristBlade":0,"conspire:DecoderRing":53,"Tiny Chest":26,"Replay:Drink Me":34,"Ring of the Snake":0,"paleoftheancients:KeyRelic":50,"Pear":46,"Astrolabe":17,"Oddly Smooth Stone":10,"aspiration:HiddenCompartment":43,"White Beast Statue":30,"paleoftheancients:Timepiece":50,"Replay:Baseball":48,"paleoftheancients:SoulOfTheWokeBloke":51,"Simple Rune":42,"SpikesRelics:DaevaFist":58,"Mirror":6,"ReplayTheSpireMod:Lightbulb":13},{"ReplayFunnel":4,"Ice Cream":23,"Gremlin Horn":23,"Vajra":12,"Bag of Preparation":11,"StuffTheSpire:GrapeVine":17,"Juzu Bracelet":18,"WristBlade":0,"conspire:DecoderRing":26,"Tiny Chest":12,"Replay:Drink Me":16,"Ring of the Snake":0,"paleoftheancients:KeyRelic":23,"Pear":20,"Astrolabe":8,"Oddly Smooth Stone":5,"aspiration:HiddenCompartment":19,"White Beast Statue":14,"paleoftheancients:Timepiece":23,"Replay:Baseball":22,"paleoftheancients:SoulOfTheWokeBloke":24,"Simple Rune":19,"SpikesRelics:DaevaFist":27,"Mirror":3,"ReplayTheSpireMod:Lightbulb":7},{"ReplayFunnel":13,"Ice Cream":117,"Gremlin Horn":117,"Vajra":60,"Bag of Preparation":55,"StuffTheSpire:GrapeVine":79,"Juzu Bracelet":82,"WristBlade":0,"conspire:DecoderRing":131,"Tiny Chest":60,"Replay:Drink Me":76,"Ring of the Snake":0,"paleoftheancients:KeyRelic":117,"Pear":91,"Astrolabe":39,"Oddly Smooth Stone":19,"aspiration:HiddenCompartment":87,"White Beast Statue":67,"paleoftheancients:Timepiece":117,"Replay:Baseball":101,"paleoftheancients:SoulOfTheWokeBloke":124,"Simple Rune":87,"SpikesRelics:DaevaFist":135,"Mirror":9,"ReplayTheSpireMod:Lightbulb":27}]},"card_choices":[{"not_picked":["Deflect","Toxin Wave"],"picked":"Draining Mist","floor":1},{"not_picked":["Backflip","StuffTheSpire:BumpUp"],"picked":"Deflect","floor":5},{"not_picked":["Heel Hook","ReplayTheSpireMod:Speed Training"],"picked":"PiercingWail","floor":6},{"not_picked":["Venomology","ReplayTheSpireMod:Speed Training"],"picked":"Cloak And Dagger","floor":8},{"not_picked":["Fluid Movement","Flying Knee"],"picked":"Infinite Blades","floor":10},{"not_picked":["Catalyst","Dagger Spray"],"picked":"Hidden Blade","floor":11},{"not_picked":["Fluid Movement","Underhanded Strike"],"picked":"Hidden Blade","floor":13},{"not_picked":["Malaise","Night Terror"],"picked":"Replay:Bag of Tricks","floor":16},{"not_picked":["Deadly Poison+1","Flying Knee"],"picked":"Cloak And Dagger","floor":18},{"not_picked":["Bane","Deadly Poison"],"picked":"Deflect","floor":21},{"not_picked":["Slice","Deadly Poison"],"picked":"Hidden Blade+1","floor":23},{"not_picked":["Sucker Punch","Acrobatics+1"],"picked":"Cloak And Dagger+1","floor":25},{"not_picked":["Distraction","ReplayTheSpireMod:Speed Training","Acrobatics"],"picked":"SKIP","floor":29},{"not_picked":["ReplayTheSpireMod:Exploit Weakness","Unload","StuffTheSpire:Injection+1"],"picked":"SKIP","floor":30},{"not_picked":["Prepared","All Out Attack","Acrobatics"],"picked":"SKIP","floor":31},{"not_picked":["Malaise","Bullet Time"],"picked":"Envenom","floor":33},{"not_picked":["PiercingWail","Masterful Stab"],"picked":"Acrobatics+1","floor":35},{"not_picked":["Dagger Spray","StuffTheSpire:Injection"],"picked":"Hidden Blade","floor":37},{"not_picked":["StuffTheSpire:Python","Predator","StuffTheSpire:BumpUp"],"picked":"SKIP","floor":38},{"not_picked":["Underhanded Strike","InfectiousVector","Dagger Spray+1"],"picked":"SKIP","floor":42},{"not_picked":["Quick Slash","Dodge and Roll+1","Leg Sweep+1"],"picked":"SKIP","floor":46},{"not_picked":["StuffTheSpire:BumpUp","Choke"],"picked":"Hidden Blade+1","floor":47},{"not_picked":["Tools of the Trade","Hidden Blade"],"picked":"StuffTheSpire:ReptileScales","floor":48},{"not_picked":["StuffTheSpire:Sprint","Deadly Poison"],"picked":"Hidden Blade+1","floor":51},{"not_picked":["Acrobatics","Flying Knee"],"picked":"Reflex","floor":52},{"not_picked":["Blur","Bane+1"],"picked":"Hidden Blade+1","floor":56}],"player_experience":1785752,"relics_obtained":[{"floor":6,"key":"Mirror"},{"floor":9,"key":"ReplayFunnel"},{"floor":10,"key":"Oddly Smooth Stone"},{"floor":13,"key":"ReplayTheSpireMod:Lightbulb"},{"floor":23,"key":"Bag of Preparation"},{"floor":25,"key":"Vajra"},{"floor":26,"key":"Tiny Chest"},{"floor":30,"key":"White Beast Statue"},{"floor":37,"key":"StuffTheSpire:GrapeVine"},{"floor":41,"key":"Juzu Bracelet"},{"floor":42,"key":"Simple Rune"},{"floor":43,"key":"aspiration:HiddenCompartment"},{"floor":46,"key":"Pear"},{"floor":48,"key":"Replay:Baseball"},{"floor":51,"key":"paleoftheancients:SoulOfTheWokeBloke"},{"floor":53,"key":"conspire:DecoderRing"}],"event_choices":[{"damage_healed":0,"gold_gain":0,"player_choice":"Ignored","damage_taken":0,"max_hp_gain":0,"max_hp_loss":0,"event_name":"Golden Idol","floor":2,"gold_loss":0},{"damage_healed":0,"gold_gain":0,"cards_transformed":["Strike_G"],"player_choice":"Transformed","damage_taken":0,"max_hp_gain":0,"max_hp_loss":0,"event_name":"Transmorgrifier","floor":3,"gold_loss":0,"cards_obtained":["Calculated Gamble"]},{"damage_healed":0,"gold_gain":0,"player_choice":"Forge","damage_taken":0,"max_hp_gain":0,"max_hp_loss":0,"event_name":"Accursed Blacksmith","floor":20,"gold_loss":0,"cards_upgraded":["Cloak And Dagger"]},{"damage_healed":0,"gold_gain":0,"player_choice":"Ignored","damage_taken":0,"max_hp_gain":0,"max_hp_loss":0,"event_name":"Tomb of Lord Red Mask","floor":36,"gold_loss":0},{"damage_healed":0,"gold_gain":0,"player_choice":"Upgraded","damage_taken":0,"max_hp_gain":0,"max_hp_loss":0,"event_name":"Upgrade Shrine","floor":39,"gold_loss":0,"cards_upgraded":["Envenom"]},{"cards_removed":["Draining Mist"],"damage_healed":0,"gold_gain":0,"player_choice":"Removed Skill","damage_taken":0,"max_hp_gain":0,"max_hp_loss":0,"event_name":"Falling","floor":45,"gold_loss":0}],"is_beta":false,"boss_relics":[{"not_picked":["aspiration:RunesmithSkillbook","SlaversCollar"],"picked":"Astrolabe"},{"not_picked":["Calling Bell","Runic Pyramid"],"picked":"Replay:Drink Me"}],"items_purged_floors":[22,22],"is_endless":false,"potions_floor_spawned":[1,5,6,23,25,31,33,35,38,42,46,47,48,51,52,53,56],"ascension_level":15}}