{"host":"pwvccrb83t5l255a","time":1608916766,"event":{"mods":["2.2 Compatiblity","AchievementEnabler","BaseMod","BetterRewards","Block Reminder","Colored Map","Colored Powertips","Googly Eyes","Minty Spire (QoL Compilation)","Quick Restart","Rare Cards Sparkle","Relic Sorter","Relic Stats","StSLib","The IronCluck"],"gold_per_floor":[99,174,174,26,40,56,231,245,293,316,328,356,381,393,405,417,417],"floor_reached":16,"playtime":1048,"items_purged":[],"score":94,"play_id":"fbe6e724-eb93-4601-9767-9c5d82bb99d1","local_time":"20201225121926","is_ascension_mode":false,"campfire_choices":[{"floor":11,"key":"REST"},{"floor":15,"key":"REST"}],"circlet_count":0,"master_deck":["Strike_G","Strike_G","Strike_G","Strike_G","Strike_G","Defend_G","Defend_G","Defend_G","Defend_G","Defend_G","Survivor","Neutralize","Outmaneuver","Concentrate","Sucker Punch","Noxious Fumes","Acrobatics"],"relics":["Ring of the Snake","NeowsBlessing","Juzu Bracelet","MawBank"],"acts_visited":["Exordium"],"potions_floor_usage":[16,16,16],"damage_taken":[{"damage":0,"enemies":"Jaw Worm","floor":1,"turns":1},{"damage":0,"enemies":"Small Slimes","floor":5,"turns":1},{"damage":0,"enemies":"2 Louse","floor":6,"turns":1},{"damage":7,"enemies":"Exordium Wildlife","floor":8,"turns":9},{"damage":17,"enemies":"Large Slime","floor":10,"turns":11},{"damage":16,"enemies":"Lots of Slimes","floor":12,"turns":7},{"damage":16,"enemies":"3 Louse","floor":13,"turns":4},{"damage":48,"enemies":"Hexaghost","floor":16,"turns":11}],"seed_played":"-4624800429937404590","potions_obtained":[{"floor":5,"key":"Weak Potion"},{"floor":6,"key":"GamblersBrew"},{"floor":8,"key":"Strength Potion"},{"floor":10,"key":"LiquidBronze"}],"is_trial":false,"path_per_floor":["M","?","?","$","M","M","?","M","T","M","R","M","M","?","R","B"],"character_chosen":"THE_SILENT","items_purchased":["Juzu Bracelet"],"campfire_rested":2,"item_purchase_floors":[4],"current_hp_per_floor":[70,59,59,59,59,59,59,52,52,35,56,40,24,24,45,0,0],"gold":417,"neow_bonus":"THREE_ENEMY_KILL","is_daily":false,"chose_seed":false,"campfire_upgraded":0,"win_rate":0.0,"timestamp":1608916766,"path_taken":["M","?","?","?","M","M","?","M","T","M","R","M","M","?","R","BOSS"],"items_purchased_type":["Relic"],"build_version":"2020-12-22","purchased_purges":0,"victory":false,"max_hp_per_floor":[70,70,70,70,70,70,70,70,70,70,70,70,70,70,70,70,70],"relic_stats":{"counters":[8,45],"Juzu Bracelet":1,"MawBank":84,"obtain_stats":[{"NeowsBlessing":0,"Juzu Bracelet":4,"MawBank":9,"Ring of the Snake":0},{"NeowsBlessing":0,"Juzu Bracelet":1,"MawBank":4,"Ring of the Snake":0},{"NeowsBlessing":0,"Juzu Bracelet":1,"MawBank":12,"Ring of the Snake":0}],"Ring of the Snake":[16]},"card_choices":[{"not_picked":["Dodge and Roll","Deflect","Backflip"],"picked":"SKIP","floor":1},{"not_picked":["Eviscerate","Quick Slash","Sucker Punch"],"picked":"SKIP","floor":5},{"not_picked":["Blur","Endless Agony"],"picked":"Outmaneuver","floor":6},{"not_picked":["Outmaneuver","Dagger Throw"],"picked":"Concentrate","floor":8},{"not_picked":["Outmaneuver","PiercingWail"],"picked":"Sucker Punch","floor":10},{"not_picked":["Dagger Throw","Tactician"],"picked":"Noxious Fumes","floor":12},{"not_picked":["Slice","Underhanded Strike"],"picked":"Acrobatics","floor":13}],"player_experience":217001,"relics_obtained":[{"floor":9,"key":"MawBank"}],"event_choices":[{"damage_healed":0,"gold_gain":75,"player_choice":"Gather Gold","damage_taken":11,"max_hp_gain":0,"max_hp_loss":0,"event_name":"World of Goop","floor":2,"gold_loss":0},{"damage_healed":0,"gold_gain":0,"player_choice":"Ignored","damage_taken":0,"max_hp_gain":0,"max_hp_loss":0,"event_name":"Shining Light","floor":3,"gold_loss":0},{"damage_healed":0,"gold_gain":175,"player_choice":"AGREE","damage_taken":0,"max_hp_gain":0,"max_hp_loss":0,"event_name":"Liars Game","floor":7,"gold_loss":0,"cards_obtained":["Doubt"]},{"cards_removed":["Doubt"],"damage_healed":0,"gold_gain":0,"player_choice":"Forget","damage_taken":0,"max_hp_gain":0,"max_hp_loss":0,"event_name":"Living Wall","floor":14,"gold_loss":0}],"is_beta":false,"boss_relics":[],"items_purged_floors":[],"is_endless":false,"potions_floor_spawned":[5,6,8,10],"killed_by":"Hexaghost","ascension_level":0}}