{"host":"5bdt6s51dmpd4l3v","time":1608891788,"event":{"mods":["AchievementEnabler","BaseMod","Colored Map","Colored Powertips","Highlight Path","Minty Spire (QoL Compilation)","Quick Restart","Rare Cards Sparkle","StSLib"],"gold_per_floor":[116,116,59,134,154,184,184,214,214,14,14,14,14],"floor_reached":12,"playtime":229,"items_purged":[],"score":196,"play_id":"b4d4b91b-15ea-420c-b00d-ab5d33920722","local_time":"20201225182308","is_ascension_mode":true,"campfire_choices":[{"data":"Flex","floor":7.0,"key":"SMITH"},{"data":"Flex","floor":11.0,"key":"SMITH"}],"circlet_count":0,"master_deck":["AscendersBane","Strike_R","Strike_R","Strike_R","Strike_R","Strike_R","Defend_R","Defend_R","Defend_R","Defend_R","Bash","Warcry","Cleave","Flex+1","Flex+1","Clash","Inflame+1","Twin Strike","Heavy Blade","Feed","Seeing Red"],"relics":["Burning Blood","NeowsBlessing","Frozen Egg 2","InkBottle","Singing Bowl","Blue Candle","Orrery"],"acts_visited":["Exordium"],"potions_floor_usage":[],"damage_taken":[{"damage":0.0,"enemies":"2 Louse","floor":1.0,"turns":1.0},{"damage":0.0,"enemies":"Jaw Worm","floor":5.0,"turns":1.0},{"damage":0.0,"enemies":"Gremlin Nob","floor":6.0,"turns":1.0},{"damage":42.0,"enemies":"3 Sentries","floor":8.0,"turns":8.0},{"damage":39,"enemies":"Lagavulin","floor":12,"turns":3}],"seed_played":"1073641274618621510","potions_obtained":[{"floor":6.0,"key":"BlessingOfTheForge"}],"is_trial":false,"path_per_floor":["M","?","$","?","M","E","R","E","T","$","R","E"],"character_chosen":"IRONCLAD","items_purchased":["Cleave","Inflame+1","Orrery"],"campfire_rested":0,"item_purchase_floors":[3,10,10],"current_hp_per_floor":[74,63,63,52,58,64,64,28,28,30,30,0,0],"gold":14,"neow_bonus":"THREE_ENEMY_KILL","is_daily":false,"chose_seed":false,"campfire_upgraded":2,"win_rate":0.0,"timestamp":1608891788,"path_taken":["M","?","$","?","M","E","R","E","T","$","R","E"],"items_purchased_type":["Card","Card","Relic"],"build_version":"2020-12-22","purchased_purges":0,"victory":false,"max_hp_per_floor":[75,75,75,75,75,75,75,75,75,77,77,77,77],"card_choices":[{"not_picked":["Thunderclap","Clothesline"],"picked":"Warcry","floor":1.0},{"not_picked":["Iron Wave","Dark Embrace+1"],"picked":"Flex","floor":5.0},{"not_picked":["Feel No Pain+1","Iron Wave"],"picked":"Flex","floor":6.0},{"not_picked":["Impervious","Pommel Strike"],"picked":"Clash","floor":8.0},{"not_picked":["Havoc","Wild Strike"],"picked":"Twin Strike","floor":10.0},{"not_picked":["Rupture+1","Dark Embrace+1","Clash"],"picked":"Singing Bowl","floor":10.0},{"not_picked":["Shrug It Off","Cleave"],"picked":"Heavy Blade","floor":10.0},{"not_picked":["Spot Weakness","Dark Embrace+1"],"picked":"Feed","floor":10.0},{"not_picked":["Cleave","Blood for Blood"],"picked":"Seeing Red","floor":10.0}],"player_experience":232330,"relics_obtained":[{"floor":6.0,"key":"InkBottle"},{"floor":8.0,"key":"Singing Bowl"},{"floor":9.0,"key":"Blue Candle"}],"event_choices":[{"damage_healed":0.0,"max_hp_gain":0.0,"max_hp_loss":0.0,"gold_gain":0.0,"event_name":"Scrap Ooze","player_choice":"Success","floor":2.0,"gold_loss":0.0,"damage_taken":11.0,"relics_obtained":["Frozen Egg 2"]},{"damage_healed":0.0,"max_hp_gain":0.0,"max_hp_loss":0.0,"gold_gain":75.0,"event_name":"World of Goop","player_choice":"Gather Gold","floor":4.0,"gold_loss":0.0,"damage_taken":11.0}],"is_beta":false,"boss_relics":[],"items_purged_floors":[],"is_endless":false,"potions_floor_spawned":[6],"killed_by":"Lagavulin","ascension_level":16}}