{"host":"w0w6jcqjdtkzk2bw","time":1608895685,"event":{"mods":["2.2 Compatiblity","AchievementEnabler","BaseMod","BetterRewards","Colored Map","Colored Powertips","DeckTracker","Downfall","Energized Spire","Friendly Minions","Highlight Path","Hubris","Infinite Spire","Marisa????????","Minty Spire (QoL Compilation)","Permanent Neow","Quick Restart","Shade Mod","StSLib","Synergy Search","Td1madao Mod","The Administrix","The Druid","The Gatherer","The Runesmith","The Spell Scribe","TheFirefly"],"gold_per_floor":[114,124,139,156,169,169,204,204,204,217,217,217,261,261,261,387,387,408,429,444,464,487,487,259,259,259,259,272,290,290,308,308,428,428,449,469,488,488,569,605,605,605,631,631,631,651,984,984,984,984,984,984,12,43,43,43],"floor_reached":55,"playtime":3533,"items_purged":[],"score":1035,"play_id":"488232bc-5629-42e6-8b12-cd1ff4e3411d","local_time":"20201225062805","is_ascension_mode":true,"campfire_choices":[{"floor":6,"key":"REST"},{"data":"1","floor":8,"key":"LIFT"},{"floor":15,"key":"REST"},{"data":"2","floor":23,"key":"LIFT"},{"data":"3","floor":25,"key":"LIFT"},{"data":"Catalyst","floor":30,"key":"SMITH"},{"data":"Terror","floor":32,"key":"SMITH"},{"floor":41,"key":"REST"},{"floor":45,"key":"RECALL"},{"floor":49,"key":"REST"},{"data":"infinitespire:NeuralNetwork","floor":52,"key":"SMITH"}],"circlet_count":0,"master_deck":["Strike_G","Strike_G","Strike_G","Strike_G","Strike_G","Defend_G","Defend_G","Defend_G","Defend_G","Defend_G","Survivor","Neutralize","Footwork","Backflip","Bouncing Flask","Tactician","Blur","Infinite Blades","Corpse Explosion","Poisoned Stab","Sucker Punch","Dodge and Roll","Blade Dance","Malaise","Infinite Blades","Accuracy","Storm of Steel","Noxious Fumes","Bane+1","Terror+1","Backstab","Blade Dance","Prepared","Deadly Poison+1","Well Laid Plans","Accuracy","Catalyst+1","Blade Dance+1","Terror+1","Infinite Blades","A Thousand Cuts","Malaise","Crippling Poison+1","expansioncontent:ChargeUp","Adrenaline+1","Distraction+1","infinitespire:Starlight","infinitespire:NeuralNetwork+1","Master of Strategy","expansioncontent:TimeRipple","Burst"],"relics":["Ring of the Snake","infinitespire:Satchel","Prayer Wheel","Girya","Tiny Chest","hubris:Icosahedron","Lizard Tail","energizedSpire:NeverEndingSparkler","Centennial Puzzle","Lee\u0027s Waffle","Boot","hubris:ScarierMask","hubris:TinFlute","hubris:TenFootPole","hubris:VirtuousBlindfold","FossilizedHelix","Frozen Eye","Nunchaku","Bronze Scales"],"acts_visited":["Exordium","TheCity","TheBeyond","TheEnding"],"potions_floor_usage":[10,16,18,29,42,50,50,50],"damage_taken":[{"damage":9,"enemies":"Cultist","floor":1,"turns":4},{"damage":6,"enemies":"Jaw Worm","floor":2,"turns":4},{"damage":0,"enemies":"2 Louse","floor":3,"turns":3},{"damage":2,"enemies":"Looter","floor":4,"turns":3},{"damage":10,"enemies":"Exordium Thugs","floor":5,"turns":5},{"damage":0,"enemies":"Lagavulin","floor":7,"turns":7},{"damage":2,"enemies":"3 Louse","floor":10,"turns":4},{"damage":24,"enemies":"Gremlin Nob","floor":13,"turns":4},{"damage":7,"enemies":"Slime Boss","floor":16,"turns":9},{"damage":10,"enemies":"Spheric Guardian","floor":18,"turns":3},{"damage":1,"enemies":"Chosen","floor":19,"turns":4},{"damage":26,"enemies":"Centurion and Healer","floor":20,"turns":4},{"damage":8,"enemies":"Snecko","floor":21,"turns":5},{"damage":0,"enemies":"Chosen and Byrds","floor":28,"turns":4},{"damage":12,"enemies":"Centurion and Healer","floor":29,"turns":3},{"damage":10,"enemies":"Cultist and Chosen","floor":31,"turns":2},{"damage":41,"enemies":"Collector","floor":33,"turns":6},{"damage":12,"enemies":"3 Shapes","floor":35,"turns":4},{"damage":0,"enemies":"3 Darklings","floor":36,"turns":3},{"damage":9,"enemies":"4 Shapes","floor":37,"turns":3},{"damage":36,"enemies":"Giant Head","floor":40,"turns":7},{"damage":0,"enemies":"Reptomancer","floor":42,"turns":2},{"damage":8,"enemies":"Writhing Mass","floor":46,"turns":3},{"damage":102,"enemies":"Time Eater","floor":50,"turns":8},{"damage":16,"enemies":"Shield and Spear","floor":54,"turns":3},{"damage":61,"enemies":"The Heart","floor":55,"turns":2}],"seed_played":"-5818582680390223361","potions_obtained":[{"floor":3,"key":"hexamod:EctoCoolerPotion"},{"floor":4,"key":"Weak Potion"},{"floor":5,"key":"Block Potion"},{"floor":10,"key":"SmokeBomb"},{"floor":16,"key":"Fire Potion"},{"floor":18,"key":"Energy Potion"},{"floor":29,"key":"GamblersBrew"},{"floor":35,"key":"DuplicationPotion"},{"floor":46,"key":"hexamod:EctoCoolerPotion"},{"floor":54,"key":"Guardian:BlockOnCardUsePotion"}],"is_trial":false,"path_per_floor":["M","M","M","M","M","R","E","R","T","M","?","?","E","?","R","B",null,"M","M","M","M","T","R","$","R","T","?","M","M","R","M","R","B",null,"M","M","M","?","T","E","R","E","T","?","R","M","?","AVR","R","B",null,"R","$","E","B"],"character_chosen":"THE_SILENT","items_purchased":["infinitespire:Satchel","Footwork","Backflip","Well Laid Plans","Lee\u0027s Waffle","FossilizedHelix","Frozen Eye","Nunchaku","Master of Strategy","expansioncontent:TimeRipple","Fire Potion","DuplicationPotion"],"campfire_rested":4,"item_purchase_floors":[0,0,0,24,24,53,53,53,53,53,53,53],"current_hp_per_floor":[47,41,41,39,29,50,50,50,50,48,48,48,24,17,38,31,70,60,59,33,25,25,25,77,77,77,77,77,65,65,55,55,14,77,65,65,56,56,56,20,43,43,43,43,43,35,35,35,58,27,77,77,77,61,0,0],"gold":43,"neow_bonus":"","is_daily":false,"chose_seed":false,"campfire_upgraded":3,"win_rate":0.0,"timestamp":1608895685,"path_taken":["M","M","M","M","M","R","E","R","T","M","?","?","E","?","R","BOSS","M","M","M","M","?","R","$","R","T","?","?","M","R","M","R","BOSS","M","M","M","?","?","E","R","E","T","?","R","?","?","AVR","R","BOSS","R","$","E","BOSS"],"items_purchased_type":["Relic","Card","Card","Card","Relic","Relic","Relic","Relic","Card","Card","Potion","Potion"],"build_version":"2020-12-22","purchased_purges":0,"victory":false,"max_hp_per_floor":[70,70,70,70,70,70,70,70,70,70,70,70,70,70,70,70,70,70,70,70,70,70,70,77,77,77,77,77,77,77,77,77,77,77,77,77,77,77,77,77,77,77,77,77,77,77,77,77,77,77,77,77,77,77,77,77],"card_choices":[{"not_picked":["Dodge and Roll","Flying Knee"],"picked":"Bouncing Flask","floor":1},{"not_picked":["Acrobatics","Dagger Spray"],"picked":"Tactician","floor":1},{"not_picked":["Eviscerate","Deadly Poison"],"picked":"Blur","floor":2},{"not_picked":["All Out Attack","Dagger Spray"],"picked":"Infinite Blades","floor":2},{"not_picked":["hubris:Counter","hubris:SlightOfHand"],"picked":"Corpse Explosion","floor":3},{"not_picked":["hubris:SlightOfHand","Acrobatics"],"picked":"Poisoned Stab","floor":3},{"not_picked":["Reflex","Skewer"],"picked":"Sucker Punch","floor":4},{"not_picked":["Outmaneuver","Acrobatics"],"picked":"Dodge and Roll","floor":4},{"not_picked":["Cloak And Dagger","Flying Knee"],"picked":"Blade Dance","floor":5},{"not_picked":["Quick Slash","Slice"],"picked":"Malaise","floor":5},{"not_picked":["Sucker Punch","Masterful Stab","hubris:Counter"],"picked":"SKIP","floor":7},{"not_picked":["Prepared","Dagger Spray"],"picked":"Infinite Blades","floor":10},{"not_picked":["Setup","hubris:Sniper"],"picked":"Accuracy","floor":10},{"not_picked":["Underhanded Strike","Dagger Throw","All Out Attack"],"picked":"SKIP","floor":13},{"not_picked":["Malaise","Wraith Form v2"],"picked":"Storm of Steel","floor":16},{"not_picked":["Eviscerate","Dodge and Roll"],"picked":"Noxious Fumes","floor":18},{"not_picked":["PiercingWail","Quick Slash"],"picked":"Bane+1","floor":18},{"not_picked":["Backflip","Cloak And Dagger"],"picked":"Terror","floor":19},{"not_picked":["Sucker Punch","Underhanded Strike+1","Calculated Gamble"],"picked":"SKIP","floor":19},{"not_picked":["Expertise","Flying Knee"],"picked":"Backstab","floor":20},{"not_picked":["Dagger Throw+1","Dagger Spray+1"],"picked":"Blade Dance","floor":20},{"not_picked":["Poisoned Stab","Bane"],"picked":"Prepared","floor":21},{"not_picked":["Slice","PiercingWail"],"picked":"Deadly Poison+1","floor":21},{"not_picked":["Acrobatics","PiercingWail"],"picked":"Accuracy","floor":28},{"not_picked":["Slice","Bouncing Flask+1"],"picked":"Catalyst","floor":28},{"not_picked":["Underhanded Strike","Sucker Punch+1"],"picked":"Blade Dance+1","floor":29},{"not_picked":["Predator","All Out Attack","Heel Hook"],"picked":"SKIP","floor":29},{"not_picked":["Sucker Punch+1","Catalyst"],"picked":"Terror+1","floor":31},{"not_picked":["PiercingWail","Quick Slash"],"picked":"Infinite Blades","floor":31},{"not_picked":["Malaise","Night Terror"],"picked":"A Thousand Cuts","floor":33},{"not_picked":["Blur","Sucker Punch","Underhanded Strike"],"picked":"SKIP","floor":35},{"not_picked":["Prepared+1","Dagger Throw","Poisoned Stab+1"],"picked":"SKIP","floor":35},{"not_picked":["Poisoned Stab","hubris:SlightOfHand+1"],"picked":"Malaise","floor":36},{"not_picked":["Expertise","Slice+1","Endless Agony"],"picked":"SKIP","floor":36},{"not_picked":["Underhanded Strike+1","hubris:SlightOfHand"],"picked":"Crippling Poison+1","floor":37},{"not_picked":["Poisoned Stab+1","Bouncing Flask","Reflex+1"],"picked":"SKIP","floor":37},{"not_picked":["Transmutation","expansioncontent:DashGenerateEvil"],"picked":"expansioncontent:ChargeUp","floor":38},{"not_picked":["Dagger Throw+1","Sucker Punch+1"],"picked":"Adrenaline","floor":40},{"not_picked":["Setup","Choke+1"],"picked":"Distraction+1","floor":46},{"not_picked":["Acrobatics+1","Choke+1","Sucker Punch+1"],"picked":"SKIP","floor":46},{"not_picked":["Noxious Fumes","Flechettes+1"],"picked":"Burst","floor":54}],"player_experience":410367,"relics_obtained":[{"floor":7,"key":"Girya"},{"floor":9,"key":"Tiny Chest"},{"floor":13,"key":"Lizard Tail"},{"floor":22,"key":"Centennial Puzzle"},{"floor":26,"key":"Boot"},{"floor":40,"key":"hubris:TinFlute"},{"floor":43,"key":"hubris:TenFootPole"},{"floor":54,"key":"Bronze Scales"}],"event_choices":[{"damage_healed":0,"gold_gain":0,"player_choice":"Take Wound","damage_taken":0,"relics_obtained":["Golden Idol"],"max_hp_gain":0,"max_hp_loss":0,"event_name":"Golden Idol","floor":11,"gold_loss":0,"cards_obtained":["Injury"]},{"cards_removed":["Injury"],"damage_healed":0,"gold_gain":0,"player_choice":"Card Removal","damage_taken":7,"max_hp_gain":0,"max_hp_loss":0,"event_name":"Golden Wing","floor":14,"gold_loss":0},{"damage_healed":0,"gold_gain":0,"player_choice":"0 cards matched","damage_taken":0,"max_hp_gain":0,"max_hp_loss":0,"event_name":"Match and Keep!","floor":27,"gold_loss":0,"cards_obtained":[]},{"damage_healed":0,"gold_gain":0,"player_choice":"Memory 1","damage_taken":0,"max_hp_gain":0,"max_hp_loss":0,"event_name":"SensoryStone","floor":38,"gold_loss":0},{"damage_healed":0,"gold_gain":0,"player_choice":"Upgraded","damage_taken":0,"max_hp_gain":0,"max_hp_loss":0,"event_name":"Upgrade Shrine","floor":44,"gold_loss":0,"cards_upgraded":["Adrenaline"]},{"damage_healed":0,"gold_gain":333,"player_choice":"Gave Idol","damage_taken":0,"max_hp_gain":0,"max_hp_loss":0,"event_name":"The Moai Head","floor":47,"relics_lost":["Golden Idol"],"gold_loss":0}],"is_beta":false,"boss_relics":[{"not_picked":["energizedSpire:RedRose","energizedSpire:EnergizedDie"],"picked":"energizedSpire:NeverEndingSparkler"},{"not_picked":["Tiny House","hubris:CrackedHourglass"],"picked":"hubris:ScarierMask"}],"items_purged_floors":[],"is_endless":false,"potions_floor_spawned":[3,4,5,10,16,18,28,29,33,35,36,42,46,54],"killed_by":"The Heart","ascension_level":1}}