{"host":"q9718omregw4er46","time":1608929394,"event":{"mods":["BaseMod","Colored Powertips","Minty Spire (QoL Compilation)","Quick Restart","Relic Stats"],"gold_per_floor":[111,111,122,197,122,122,154,154,180,180,199,234,253,253,253,253,253],"floor_reached":16,"playtime":458,"items_purged":["Strike_B"],"score":220,"play_id":"db7e70c0-0478-4d48-b2e4-e532c743b741","local_time":"20201226014954","is_ascension_mode":true,"campfire_choices":[{"data":"Streamline","floor":6,"key":"SMITH"},{"data":"Ball Lightning","floor":8,"key":"SMITH"},{"floor":10,"key":"RECALL"},{"floor":15,"key":"REST"}],"circlet_count":0,"master_deck":["AscendersBane","Strike_B","Strike_B","Strike_B","Defend_B","Defend_B","Defend_B","Defend_B","Zap","Dualcast","Ball Lightning+1","Streamline+1","Hologram","Self Repair","Sweeping Beam"],"relics":["Snecko Eye","Matryoshka","Lantern","Toy Ornithopter","Bird Faced Urn"],"acts_visited":["Exordium"],"potions_floor_usage":[13,14,16],"damage_taken":[{"damage":1,"enemies":"Cultist","floor":1,"turns":3},{"damage":1,"enemies":"2 Louse","floor":3,"turns":3},{"damage":15,"enemies":"3 Sentries","floor":7,"turns":6},{"damage":2,"enemies":"Jaw Worm","floor":11,"turns":3},{"damage":25,"enemies":"Lagavulin","floor":12,"turns":4},{"damage":11,"enemies":"Looter","floor":13,"turns":3},{"damage":7,"enemies":"Large Slime","floor":14,"turns":3},{"damage":48,"enemies":"Hexaghost","floor":16,"turns":7}],"seed_played":"250569389119138981","potions_obtained":[{"floor":7,"key":"SteroidPotion"},{"floor":11,"key":"SmokeBomb"},{"floor":13,"key":"PotionOfCapacity"}],"is_trial":false,"path_per_floor":["M","?","M","?","$","R","E","R","T","R","M","E","M","M","R","B"],"character_chosen":"DEFECT","items_purchased":[],"campfire_rested":1,"item_purchase_floors":[],"current_hp_per_floor":[63,63,62,51,51,51,36,36,36,36,34,9,12,19,40,0,0],"gold":253,"neow_bonus":"BOSS_RELIC","is_daily":false,"chose_seed":false,"campfire_upgraded":2,"win_rate":0.0,"timestamp":1608929394,"path_taken":["M","?","M","?","$","R","E","R","T","R","M","E","?","M","R","BOSS"],"items_purchased_type":[],"build_version":"2020-12-22","purchased_purges":1,"victory":false,"max_hp_per_floor":[71,71,71,71,71,71,71,71,71,71,71,71,71,71,71,71,71],"relic_stats":{"counters":[8,32],"Bird Faced Urn":[6],"Snecko Eye":[58,42,48,52],"obtain_stats":[{"Lantern":9,"Matryoshka":7,"Bird Faced Urn":12,"Snecko Eye":0,"Cracked Core":0,"Toy Ornithopter":9},{"Lantern":3,"Matryoshka":3,"Bird Faced Urn":5,"Snecko Eye":0,"Cracked Core":0,"Toy Ornithopter":3},{"Lantern":12,"Matryoshka":12,"Bird Faced Urn":19,"Snecko Eye":0,"Cracked Core":0,"Toy Ornithopter":12}],"Toy Ornithopter":15},"card_choices":[{"not_picked":["BootSequence","Auto Shields"],"picked":"Ball Lightning","floor":1},{"not_picked":["Cold Snap","Scrape"],"picked":"Streamline","floor":3},{"not_picked":["Streamline","Stack","Darkness"],"picked":"SKIP","floor":7},{"not_picked":["Redo","Hologram","Beam Cell"],"picked":"SKIP","floor":11},{"not_picked":["Redo","Beam Cell"],"picked":"Hologram","floor":11},{"not_picked":["All For One","Heatsinks"],"picked":"Self Repair","floor":12},{"not_picked":["Cold Snap","Conserve Battery"],"picked":"Sweeping Beam","floor":13}],"player_experience":1114054,"relics_obtained":[{"floor":7,"key":"Matryoshka"},{"floor":9,"key":"Lantern"},{"floor":9,"key":"Toy Ornithopter"},{"floor":12,"key":"Bird Faced Urn"}],"event_choices":[{"damage_healed":0,"gold_gain":0,"player_choice":"Leave","damage_taken":0,"max_hp_gain":0,"max_hp_loss":0,"event_name":"The Cleric","floor":2,"gold_loss":0},{"damage_healed":0,"gold_gain":75,"player_choice":"Gather Gold","damage_taken":11,"max_hp_gain":0,"max_hp_loss":0,"event_name":"World of Goop","floor":4,"gold_loss":0}],"is_beta":false,"boss_relics":[],"items_purged_floors":[5],"is_endless":false,"potions_floor_spawned":[7,11,13,14],"killed_by":"Hexaghost","ascension_level":20}}