{"host":"j06fkfseroga8i8e","time":1608910109,"event":{"mods":["BaseMod","Bestiary","Colored Map","Colored Powertips","Minty Spire (QoL Compilation)","Relic Stats","StSLib","everything is the same but u backflip on backflip"],"gold_per_floor":[114,114,189,205,52,81,93,125,149,36,36,10,10,35,35,130,130,130],"floor_reached":17,"playtime":282,"items_purged":["Strike_B"],"score":314,"play_id":"f28f3e81-7854-4958-8bff-5eff6bc84de5","local_time":"20201225102829","is_ascension_mode":true,"campfire_choices":[{"data":"Sunder","floor":11,"key":"SMITH"},{"floor":13,"key":"REST"},{"floor":15,"key":"REST"}],"circlet_count":0,"master_deck":["AscendersBane","Strike_B","Strike_B","Strike_B","Defend_B","Defend_B","Defend_B","Defend_B","Zap","Dualcast","Compile Driver","Ball Lightning","Streamline","Sunder+1","Self Repair","Turbo","Steam","Machine Learning"],"relics":["Cracked Core","NeowsBlessing","Bag of Marbles","Oddly Smooth Stone","Regal Pillow","Anchor","Lantern","Pen Nib","Inserter"],"acts_visited":["Exordium","TheCity"],"potions_floor_usage":[8,16],"damage_taken":[{"damage":0.0,"enemies":"Jaw Worm","floor":1.0,"turns":1.0},{"damage":0,"enemies":"Cultist","floor":4,"turns":1},{"damage":0,"enemies":"3 Sentries","floor":6,"turns":1},{"damage":0,"enemies":"2 Louse","floor":7,"turns":2},{"damage":32,"enemies":"Lagavulin","floor":8,"turns":6},{"damage":44,"enemies":"3 Sentries","floor":14,"turns":6},{"damage":36,"enemies":"Slime Boss","floor":16,"turns":6}],"seed_played":"3076925947296394055","potions_obtained":[{"floor":1.0,"key":"Dexterity Potion"},{"floor":7,"key":"SpeedPotion"},{"floor":14,"key":"AttackPotion"},{"floor":16,"key":"FearPotion"}],"is_trial":false,"path_per_floor":["M","?","?","M","$","E","M","E","T","$","R","$","R","E","R","B",null],"character_chosen":"DEFECT","items_purchased":["Oddly Smooth Stone","Self Repair","Turbo"],"campfire_rested":2,"item_purchase_floors":[5,10,12],"current_hp_per_floor":[68,65,58,58,58,58,58,26,26,26,26,26,63,26,63,34,65,65],"gold":130,"neow_bonus":"THREE_ENEMY_KILL","is_daily":false,"chose_seed":false,"campfire_upgraded":1,"win_rate":0.0,"timestamp":1608910109,"path_taken":["M","?","?","M","$","E","?","E","T","$","R","$","R","E","R","BOSS"],"items_purchased_type":["Relic","Card","Card"],"build_version":"2020-12-22","purchased_purges":1,"victory":false,"max_hp_per_floor":[75,75,75,75,75,75,75,75,75,75,75,75,75,75,75,75,75,75],"relic_stats":{"Regal Pillow":30,"Inserter":[0],"counters":[7,23],"Pen Nib":[1],"obtain_stats":[{"Regal Pillow":6,"Anchor":8,"Lantern":9,"Inserter":17,"NeowsBlessing":0,"Oddly Smooth Stone":5,"Pen Nib":14,"Bag of Marbles":2,"Cracked Core":0},{"Regal Pillow":3,"Anchor":5,"Lantern":5,"Inserter":7,"NeowsBlessing":0,"Oddly Smooth Stone":2,"Pen Nib":6,"Bag of Marbles":1,"Cracked Core":0},{"Regal Pillow":3,"Anchor":11,"Lantern":11,"Inserter":23,"NeowsBlessing":0,"Oddly Smooth Stone":2,"Pen Nib":17,"Bag of Marbles":1,"Cracked Core":0}]},"card_choices":[{"not_picked":["Hello World","Aggregate"],"picked":"Compile Driver","floor":1.0},{"not_picked":["Melter","Tempest"],"picked":"Ball Lightning","floor":4},{"not_picked":["Undo","Conserve Battery"],"picked":"Streamline","floor":6},{"not_picked":["Auto Shields","Redo","Hello World"],"picked":"SKIP","floor":7},{"not_picked":["Fusion","Fission"],"picked":"Sunder","floor":8},{"not_picked":["BootSequence","Compile Driver"],"picked":"Steam","floor":14},{"not_picked":["Seek","All For One"],"picked":"Machine Learning","floor":16}],"player_experience":563353,"relics_obtained":[{"floor":6,"key":"Regal Pillow"},{"floor":8,"key":"Anchor"},{"floor":9,"key":"Lantern"},{"floor":14,"key":"Pen Nib"}],"event_choices":[{"damage_healed":0.0,"max_hp_gain":0.0,"max_hp_loss":0.0,"gold_gain":0.0,"event_name":"Scrap Ooze","player_choice":"Success","floor":2.0,"gold_loss":0.0,"damage_taken":3.0,"relics_obtained":["Bag of Marbles"]},{"damage_healed":0,"gold_gain":75,"player_choice":"Touch","damage_taken":7,"max_hp_gain":0,"max_hp_loss":0,"event_name":"FaceTrader","floor":3,"gold_loss":0}],"is_beta":false,"boss_relics":[{"not_picked":["Astrolabe","Cursed Key"],"picked":"Inserter"}],"items_purged_floors":[10],"is_endless":false,"potions_floor_spawned":[1,7,14,16],"ascension_level":12}}