{"host":"k85tjwrh7mjrrc9a","time":1608929783,"event":{"mods":["AchievementEnabler","BaseMod","Colored Powertips","Highlight Path","Minty Spire (QoL Compilation)","Rare Cards Sparkle","StSLib"],"gold_per_floor":[117,217,236,236,236,265,265,211,211,241,254,254,287,287,287,391,391,373,373,181,193,193,193,193,193,218,218,218,248,264,295,295,397,397,414,414,223,273,300,300,326,8,33,33,45,65,65,93,93,93],"floor_reached":51,"playtime":3064,"items_purged":[],"score":842,"play_id":"29a7f377-dede-45a6-b074-0e62b01ab7fe","local_time":"20201225155623","is_ascension_mode":true,"campfire_choices":[{"data":"Noxious Fumes","floor":7,"key":"SMITH"},{"data":"Neutralize","floor":12,"key":"SMITH"},{"floor":15,"key":"REST"},{"floor":23,"key":"REST"},{"data":"After Image","floor":25,"key":"SMITH"},{"data":"Caltrops","floor":27,"key":"SMITH"},{"data":"Footwork","floor":32,"key":"SMITH"},{"data":"Prepared","floor":40,"key":"SMITH"},{"data":"Prepared","floor":44,"key":"SMITH"},{"floor":49,"key":"REST"}],"circlet_count":0,"master_deck":["Strike_G+1","Strike_G+1","Strike_G+1","Strike_G+1","Defend_G+1","Defend_G+1","Defend_G+1","Defend_G+1","Defend_G+1","Survivor","Neutralize+1","Noxious Fumes+1","Caltrops+1","Quick Slash","Backflip","Crippling Poison","Quick Slash","Outmaneuver","After Image+1","Dodge and Roll","Footwork+1","Backflip","Crippling Poison","Prepared+1","Catalyst+1","Prepared+1","Prepared+1","Expertise+1","Escape Plan","Deflect","Deadly Poison+1","Neutralize","Calculated Gamble"],"relics":["Ring of the Snake","NeowsBlessing","Letter Opener","Regal Pillow","Bag of Marbles","Blue Candle","Bronze Scales","Paper Crane","WristBlade","Lantern","Tiny Chest","Kunai","White Beast Statue","HoveringKite","Snake Skull","Du-Vu Doll","Bag of Preparation","Pear","Blood Vial","Omamori","Centennial Puzzle"],"acts_visited":["Exordium","TheCity","TheBeyond"],"potions_floor_usage":[33,41,50,50],"damage_taken":[{"damage":0,"enemies":"Small Slimes","floor":1,"turns":1},{"damage":0,"enemies":"Cultist","floor":3,"turns":1},{"damage":0,"enemies":"Gremlin Nob","floor":6,"turns":1},{"damage":18,"enemies":"3 Sentries","floor":10,"turns":7},{"damage":1,"enemies":"Jaw Worm","floor":11,"turns":4},{"damage":11,"enemies":"Lagavulin","floor":13,"turns":7},{"damage":28,"enemies":"Slime Boss","floor":16,"turns":11},{"damage":20,"enemies":"2 Thieves","floor":18,"turns":4},{"damage":1,"enemies":"Shell Parasite","floor":21,"turns":5},{"damage":3,"enemies":"Book of Stabbing","floor":29,"turns":6},{"damage":1,"enemies":"Snecko","floor":30,"turns":4},{"damage":10,"enemies":"Gremlin Leader","floor":31,"turns":8},{"damage":12,"enemies":"Collector","floor":33,"turns":10},{"damage":10,"enemies":"Orb Walker","floor":35,"turns":5},{"damage":7,"enemies":"Mind Bloom Boss Battle","floor":38,"turns":6},{"damage":0,"enemies":"Reptomancer","floor":41,"turns":6},{"damage":2,"enemies":"3 Shapes","floor":45,"turns":4},{"damage":8,"enemies":"Writhing Mass","floor":46,"turns":5},{"damage":5,"enemies":"Nemesis","floor":48,"turns":5},{"damage":39,"enemies":"Time Eater","floor":50,"turns":13}],"seed_played":"-6687911545964482808","potions_obtained":[{"floor":1,"key":"SpeedPotion"},{"floor":10,"key":"Explosive Potion"},{"floor":16,"key":"Weak Potion"},{"floor":28,"key":"DuplicationPotion"},{"floor":28,"key":"GhostInAJar"},{"floor":31,"key":"GhostInAJar"},{"floor":33,"key":"ColorlessPotion"},{"floor":41,"key":"BlessingOfTheForge"},{"floor":48,"key":"Weak Potion"}],"is_trial":false,"path_per_floor":["M","?","M","$","T","E","R","$","T","E","M","R","E","T","R","B",null,"M","?","$","M","?","R","$","R","T","R","?","E","M","E","R","B",null,"M","?","$","?","T","R","E","$","T","R","M","M","?","E","R","B",null],"character_chosen":"THE_SILENT","items_purchased":["Backflip","Footwork","Lantern","Prepared","Snake Skull","Escape Plan","Deflect","Blood Vial","Dexterity Potion"],"campfire_rested":3,"item_purchase_floors":[8,20,20,37,37,42,42,42,42],"current_hp_per_floor":[70,70,70,70,70,70,70,70,70,52,51,51,40,40,70,42,70,50,34,34,33,33,69,69,69,69,69,69,66,65,55,55,43,70,60,60,60,53,53,53,63,63,63,63,63,57,57,54,80,41],"gold":93,"neow_bonus":"THREE_ENEMY_KILL","is_daily":false,"chose_seed":false,"campfire_upgraded":7,"win_rate":0.0,"timestamp":1608929783,"path_taken":["M","?","M","$","?","E","R","$","T","E","M","R","E","?","R","BOSS","M","?","$","M","?","R","?","R","T","R","?","E","M","E","R","BOSS","M","?","$","?","?","R","E","$","T","R","M","?","?","E","R","BOSS"],"items_purchased_type":["Card","Card","Relic","Card","Relic","Card","Card","Relic","Potion"],"build_version":"2020-12-22","purchased_purges":0,"victory":true,"max_hp_per_floor":[70,70,70,70,70,70,70,70,70,70,70,70,70,70,70,70,70,70,70,70,70,70,70,70,70,70,70,70,70,70,70,70,70,70,70,70,70,70,70,70,80,80,80,80,80,80,80,80,80,80],"card_choices":[{"not_picked":["Acrobatics","Tactician"],"picked":"Noxious Fumes","floor":1},{"not_picked":["Flying Knee","Sucker Punch"],"picked":"Caltrops","floor":3},{"not_picked":["Dagger Spray","Wraith Form v2"],"picked":"Quick Slash","floor":6},{"not_picked":["Noxious Fumes","Flechettes"],"picked":"Crippling Poison","floor":10},{"not_picked":["Blade Dance","Bouncing Flask"],"picked":"Quick Slash","floor":11},{"not_picked":["Bane","Dagger Spray"],"picked":"Outmaneuver","floor":13},{"not_picked":["Wraith Form v2","Doppelganger"],"picked":"After Image","floor":16},{"not_picked":["Underhanded Strike+1","Skewer"],"picked":"Dodge and Roll","floor":18},{"not_picked":["Sucker Punch","Dodge and Roll+1"],"picked":"Backflip","floor":21},{"not_picked":["Glass Knife","Infinite Blades"],"picked":"Crippling Poison","floor":29},{"not_picked":["Leg Sweep+1","Sucker Punch"],"picked":"Prepared+1","floor":30},{"not_picked":["Infinite Blades","Unload","All Out Attack+1"],"picked":"SKIP","floor":31},{"not_picked":["Distraction+1","Blade Dance"],"picked":"Catalyst+1","floor":35},{"not_picked":["Masterful Stab+1","Underhanded Strike+1"],"picked":"Prepared","floor":38},{"not_picked":["Underhanded Strike+1","Choke"],"picked":"Expertise+1","floor":41},{"not_picked":["Eviscerate+1","Dodge and Roll+1"],"picked":"Deadly Poison+1","floor":45},{"not_picked":["Blade Dance","Infinite Blades+1","Dodge and Roll"],"picked":"SKIP","floor":46},{"not_picked":["Slice","Sucker Punch"],"picked":"Calculated Gamble","floor":48}],"player_experience":56529,"relics_obtained":[{"floor":5,"key":"Letter Opener"},{"floor":6,"key":"Regal Pillow"},{"floor":9,"key":"Bag of Marbles"},{"floor":10,"key":"Blue Candle"},{"floor":13,"key":"Bronze Scales"},{"floor":14,"key":"Paper Crane"},{"floor":26,"key":"Tiny Chest"},{"floor":29,"key":"Kunai"},{"floor":31,"key":"White Beast Statue"},{"floor":38,"key":"Du-Vu Doll"},{"floor":39,"key":"Bag of Preparation"},{"floor":41,"key":"Pear"},{"floor":43,"key":"Omamori"},{"floor":48,"key":"Centennial Puzzle"}],"event_choices":[{"damage_healed":0,"gold_gain":100,"player_choice":"Pray","damage_taken":0,"max_hp_gain":0,"max_hp_loss":0,"event_name":"Golden Shrine","floor":2,"gold_loss":0},{"damage_healed":0,"gold_gain":0,"player_choice":"Obtained Book","damage_taken":16,"max_hp_gain":0,"max_hp_loss":0,"event_name":"Cursed Tome","floor":19,"gold_loss":0},{"damage_healed":0,"gold_gain":0,"player_choice":"Simplicity","damage_taken":0,"max_hp_gain":0,"max_hp_loss":0,"event_name":"Back to Basics","floor":22,"gold_loss":0,"cards_upgraded":["Strike_G","Strike_G","Strike_G","Strike_G","Strike_G","Defend_G","Defend_G","Defend_G","Defend_G","Defend_G"]},{"damage_healed":0,"gold_gain":0,"player_choice":"Got Potions","damage_taken":0,"max_hp_gain":0,"max_hp_loss":0,"event_name":"Lab","floor":28,"gold_loss":0},{"cards_removed":["Strike_G"],"damage_healed":0,"gold_gain":0,"player_choice":"Removed Attack","damage_taken":0,"max_hp_gain":0,"max_hp_loss":0,"event_name":"Falling","floor":36,"gold_loss":0},{"damage_healed":0,"gold_gain":0,"player_choice":"Fight","damage_taken":0,"max_hp_gain":0,"max_hp_loss":0,"event_name":"MindBloom","floor":38,"gold_loss":0},{"damage_healed":0,"gold_gain":0,"player_choice":"2 cards matched","damage_taken":0,"max_hp_gain":0,"max_hp_loss":0,"event_name":"Match and Keep!","floor":47,"gold_loss":0,"cards_obtained":["Neutralize","Normality"]},{"damage_healed":0,"gold_gain":0,"player_choice":"2 cards matched","damage_taken":0,"max_hp_gain":0,"max_hp_loss":0,"event_name":"Match and Keep!","floor":47,"gold_loss":0,"cards_obtained":["Neutralize","Normality"]}],"is_beta":false,"boss_relics":[{"not_picked":["Busted Crown","Snecko Eye"],"picked":"WristBlade"},{"not_picked":["Coffee Dripper","SlaversCollar"],"picked":"HoveringKite"}],"items_purged_floors":[],"is_endless":false,"potions_floor_spawned":[1,10,16,30,31,33,35,38,41,45,46,48],"ascension_level":1}}