{"host":"ya94u95moedzeoqz","time":1608865782,"event":{"mods":["2.2 Compatiblity","Abigail Mod","Act Like it!","Aspiration","BaseMod","Better Altar","Better Match","Better Note","Better Sensory Stone","Better Skull","BetterRewards","ChefMod","Energized Spire","Filter the Spire","GifTheSpireLib","Infinite Spire","KinomotoSakuraMod(????)","Lobotomy","LobotomyExtend","Luminous","Minty Spire (QoL Compilation)","Permanent Neow","Railgun Mod","Replay The Spire","Spicy Shops","StSLib","The Alterego","The Fake Hero","The Florist","The Forsaken","The Juggle","The Marked","The Senshi","TheArtist","TheSwordswoman","TheVelvet","Yuri Mod"],"gold_per_floor":[113,128,128,139,158,158,184,184,184,184,218,218,218,218,218,316,316,333,349,41,56,56,56,84,84,139,139,170,170,170,170],"floor_reached":30,"playtime":4699,"items_purged":[],"score":274,"play_id":"65a3ab39-6307-40ea-a76a-7362aa27204a","local_time":"20201224220942","is_ascension_mode":false,"campfire_choices":[{"data":"theMarked:SoldierOfQuellstein","floor":6,"key":"SMITH"},{"data":"theMarked:BanishingWave","floor":10,"key":"SMITH"},{"floor":12,"key":"DIG"},{"floor":15,"key":"REST"},{"data":"theMarked:HeritageOfTheMarked","floor":23,"key":"SMITH"},{"floor":27,"key":"REST"}],"circlet_count":0,"master_deck":["theMarked:Strike","theMarked:Strike","theMarked:Strike","theMarked:Strike","theMarked:Strike","theMarked:Defend","theMarked:Defend","theMarked:Defend","theMarked:Defend","theMarked:SoldierOfQuellstein+1","theMarked:WardOff","ReplayTheSpireMod:Brewmster","theMarked:StartUp","theMarked:GodGivenPower","theMarked:BanishingWave+1","theMarked:ComboAttacks+1","theMarked:Frustration","theMarked:SummonStrength","theMarked:HeritageOfTheMarked+1","theMarked:DeterminationOfTheMarked","theMarked:ReduceFriction","theMarked:SuspiciousRaven","Apotheosis"],"relics":["theMarked:ArtifactOfAir","aspiration:Nostalgia","alterego_mod:MasochisticConstitution","LetterFromLob","theMarked:DemonDagger","theSenshi:SailorFukuRelic","Shovel","Replay:Bottled Steam","Black Star","theMarked:Winder","Regal Pillow","aspiration:StickyExplosives_weak","Replay:Mystery Machine","Ancient Tea Set","Oddly Smooth Stone","Gremlin Food"],"acts_visited":["Exordium","TheCity"],"potions_floor_usage":[16,16,21,21,28,28,30],"damage_taken":[{"damage":2,"enemies":"2 Louse","floor":1,"turns":3},{"damage":5,"enemies":"Small Slimes","floor":2,"turns":4},{"damage":6,"enemies":"Jaw Worm","floor":4,"turns":5},{"damage":0,"enemies":"Looter","floor":5,"turns":4},{"damage":16,"enemies":"Gremlin Nob","floor":7,"turns":4},{"damage":8,"enemies":"Replay:BlueRogue","floor":11,"turns":3},{"damage":5,"enemies":"Slime Boss","floor":16,"turns":6},{"damage":28,"enemies":"2 Thieves","floor":18,"turns":4},{"damage":19,"enemies":"3 Byrds","floor":19,"turns":4},{"damage":1,"enemies":"Snecko","floor":21,"turns":3},{"damage":29,"enemies":"Gremlin Leader","floor":24,"turns":5},{"damage":24,"enemies":"Replay:Snechameleon","floor":28,"turns":5},{"damage":21,"enemies":"Snake Plant","floor":30,"turns":2}],"seed_played":"666257795372285585","potions_obtained":[{"floor":1,"key":"LifebloodPotion"}],"is_trial":false,"path_per_floor":["M","M","?","M","M","R","E","?","T","R","E","R","M","?","R","B",null,"M","M","$","M","?","R","E","?","T","R","E","?","M"],"character_chosen":"THE_DEFAULT","items_purchased":["theMarked:Winder","Regal Pillow"],"campfire_rested":2,"item_purchase_floors":[20,20],"current_hp_per_floor":[69,65,65,60,60,60,45,45,45,45,38,38,38,38,60,56,76,49,31,31,31,31,31,3,3,3,42,19,19,0,0],"gold":170,"neow_bonus":"NOSTALGIA","is_daily":false,"chose_seed":false,"campfire_upgraded":3,"win_rate":0.0,"timestamp":1608865782,"path_taken":["M","M","?","M","M","R","E","?","T","R","E","R","M","?","R","BOSS","M","M","$","M","?","R","E","?","T","R","E","?","M"],"items_purchased_type":["Relic","Relic"],"build_version":"2020-12-22","purchased_purges":0,"victory":false,"max_hp_per_floor":[71,72,72,73,73,73,74,74,74,74,75,75,75,75,75,76,76,77,78,78,79,79,79,80,80,80,80,81,81,81,81],"card_choices":[{"not_picked":["theMarked:ResourceFulStrike","theMarked:WastefulAttack"],"picked":"theMarked:ChainLightning","floor":1},{"not_picked":["theMarked:ChainLightning","theMarked:HeightenedSenses"],"picked":"theMarked:WardOff","floor":2},{"not_picked":["Discovery","Flash of Steel"],"picked":"ReplayTheSpireMod:Brewmster","floor":3},{"not_picked":["theMarked:WastefulDefense","theMarked:Electrocute"],"picked":"theMarked:StartUp","floor":4},{"not_picked":["theMarked:ElectricStrings","theMarked:Static"],"picked":"theMarked:GodGivenPower","floor":5},{"not_picked":["theMarked:FavorableWinds","theMarked:SwordAndMagic"],"picked":"theMarked:BanishingWave","floor":7},{"not_picked":["theMarked:ElectricStrings","theMarked:SwordAndMagic"],"picked":"theMarked:Frustration","floor":11},{"not_picked":["theMarked:Levitate","theMarked:SoldierForm"],"picked":"theMarked:SummonStrength","floor":16},{"not_picked":["theMarked:WastefulAttack+1","theMarked:Aftermath"],"picked":"theMarked:HeritageOfTheMarked","floor":18},{"not_picked":["theMarked:WastefulAttack","theMarked:Parkour","theMarked:ElectricStrings"],"picked":"SKIP","floor":19},{"not_picked":["theMarked:EmpowerWeapon+1","theMarked:BanishingWave"],"picked":"theMarked:DeterminationOfTheMarked","floor":21},{"not_picked":["theMarked:SummonStrength","theMarked:ResourceFulStrike"],"picked":"theMarked:ReduceFriction","floor":24},{"not_picked":["theMarked:Snap","theMarked:Static"],"picked":"theMarked:SuspiciousRaven","floor":28}],"player_experience":462520,"relics_obtained":[{"floor":1,"key":"LetterFromLob"},{"floor":7,"key":"theMarked:DemonDagger"},{"floor":9,"key":"theSenshi:SailorFukuRelic"},{"floor":11,"key":"Shovel"},{"floor":12,"key":"Replay:Bottled Steam"},{"floor":24,"key":"aspiration:StickyExplosives_weak"},{"floor":24,"key":"Replay:Mystery Machine"},{"floor":26,"key":"Ancient Tea Set"},{"floor":28,"key":"Oddly Smooth Stone"},{"floor":28,"key":"Gremlin Food"}],"event_choices":[{"damage_healed":0,"gold_gain":1,"player_choice":"1","damage_taken":0,"max_hp_gain":0,"max_hp_loss":0,"event_name":"betterStone:BetterStone","floor":3,"gold_loss":0},{"damage_healed":0,"gold_gain":0,"player_choice":"Fled","damage_taken":0,"max_hp_gain":0,"max_hp_loss":0,"event_name":"Scrap Ooze","floor":14,"gold_loss":0},{"damage_healed":0,"gold_gain":0,"player_choice":"Ignored","damage_taken":0,"max_hp_gain":0,"max_hp_loss":0,"event_name":"betterNote:BetterNote","floor":22,"gold_loss":0,"cards_obtained":["blazmod:PerennialBeauty"]}],"is_beta":false,"boss_relics":[{"not_picked":["Busted Crown","Runic Pyramid"],"picked":"Black Star"}],"items_purged_floors":[],"is_endless":false,"potions_floor_spawned":[1,7,19],"killed_by":"Snake Plant","ascension_level":0}}