{"host":"BK","time":1608925117,"event":{"mods":["BaseMod","Highlight Path","Minty Spire (QoL Compilation)","StSLib"],"gold_per_floor":[116,128,147,147,147,147,181,191,240,259,269,269,269,348,348,420,420,432,446,361,39,39,66,66,101,126,126,145,145,161,177,177,255,255,267,267,10,30,48,48,48,48,48,48,48],"floor_reached":44,"playtime":1930,"items_purged":["Strike_B","Strike_B+1"],"score":896,"play_id":"fde85c6c-8029-40f4-abbe-8e1c75c0c3ca","local_time":"20201225123837","is_ascension_mode":true,"campfire_choices":[{"floor":6.0,"key":"REST"},{"floor":13.0,"key":"REST"},{"floor":15.0,"key":"REST"},{"floor":24,"key":"REST"},{"floor":27,"key":"REST"},{"floor":29,"key":"REST"},{"floor":32,"key":"REST"},{"floor":40,"key":"REST"},{"floor":42,"key":"REST"}],"circlet_count":0,"master_deck":["AscendersBane","Defend_B","Defend_B","Defend_B","Defend_B","Zap","Dualcast","Streamline","Ball Lightning+1","BootSequence","Ball Lightning","Reboot","Sweeping Beam","Loop","Multi-Cast","Doom and Gloom","Reinforced Body","Genetic Algorithm","Chill","White Noise","Electrodynamics","Defragment+1","Finesse","Steam","Hologram+1","Deep Breath","Flash of Steel"],"relics":["Cracked Core","Matryoshka","Sundial","Akabeko","Centennial Puzzle","Cursed Key","Omamori","OrangePellets","Bag of Preparation","Meat on the Bone","Dream Catcher","Philosopher\u0027s Stone"],"acts_visited":["Exordium","TheCity","TheBeyond"],"potions_floor_usage":[33,44],"damage_taken":[{"damage":7.0,"enemies":"Jaw Worm","floor":1.0,"turns":3.0},{"damage":4.0,"enemies":"2 Louse","floor":2.0,"turns":2.0},{"damage":0.0,"enemies":"Cultist","floor":3.0,"turns":2.0},{"damage":32.0,"enemies":"Gremlin Nob","floor":7.0,"turns":4.0},{"damage":8.0,"enemies":"Exordium Wildlife","floor":8.0,"turns":4.0},{"damage":0.0,"enemies":"Looter","floor":10.0,"turns":2.0},{"damage":8.0,"enemies":"Large Slime","floor":11.0,"turns":4.0},{"damage":27.0,"enemies":"The Guardian","floor":16.0,"turns":11.0},{"damage":12,"enemies":"Chosen","floor":18,"turns":3},{"damage":13,"enemies":"2 Thieves","floor":19,"turns":3},{"damage":23,"enemies":"Gremlin Leader","floor":23,"turns":5},{"damage":47,"enemies":"Slavers","floor":25,"turns":4},{"damage":16,"enemies":"Snecko","floor":28,"turns":5},{"damage":0,"enemies":"Snake Plant","floor":30,"turns":2},{"damage":15,"enemies":"Centurion and Healer","floor":31,"turns":6},{"damage":49,"enemies":"Automaton","floor":33,"turns":8},{"damage":0,"enemies":"3 Darklings","floor":35,"turns":3},{"damage":1,"enemies":"3 Shapes","floor":38,"turns":2},{"damage":49,"enemies":"Writhing Mass","floor":39,"turns":5},{"damage":86,"enemies":"Giant Head","floor":44,"turns":7}],"seed_played":"3018649240824104912","potions_obtained":[{"floor":0.0,"key":"BlessingOfTheForge"},{"floor":0.0,"key":"SkillPotion"},{"floor":2.0,"key":"Regen Potion"},{"floor":10.0,"key":"Swift Potion"},{"floor":16.0,"key":"LiquidBronze"},{"floor":19,"key":"FairyPotion"},{"floor":31,"key":"Fire Potion"},{"floor":35,"key":"SpeedPotion"}],"is_trial":false,"path_per_floor":["M","M","M","?","?","R","E","M","T","M","M","?","R","?","R","B",null,"M","M","?","$","?","E","R","E","T","R","M","R","M","M","R","B",null,"M","?","$","M","M","R","?","R","T","E"],"character_chosen":"DEFECT","items_purchased":["OrangePellets","Loop","Finesse","Steam"],"campfire_rested":9,"item_purchase_floors":[21,21,37,37],"current_hp_per_floor":[57,53,53,32,32,53,21,25,25,25,17,12,33,33,54,27,60,48,35,35,35,35,12,33,9,9,30,26,47,47,44,65,28,60,60,60,60,59,22,43,38,59,59,0,0],"gold":48,"neow_bonus":"THREE_SMALL_POTIONS","is_daily":false,"chose_seed":false,"campfire_upgraded":0,"win_rate":0.0,"timestamp":1608925117,"path_taken":["M","M","M","?","?","R","E","M","T","M","?","?","R","?","R","BOSS","M","M","?","$","?","E","R","E","T","R","M","R","M","M","R","BOSS","M","?","$","M","M","R","?","R","T","E"],"items_purchased_type":["Relic","Card","Card","Card"],"build_version":"2020-12-18","purchased_purges":2,"victory":false,"max_hp_per_floor":[71,71,71,71,71,71,71,71,71,71,71,71,71,71,71,71,71,71,71,71,71,71,71,71,71,71,71,71,71,71,71,71,71,71,71,71,71,71,71,71,71,71,71,71,71],"card_choices":[{"not_picked":["Recycle","Leap"],"picked":"Streamline","floor":1.0},{"not_picked":["Redo","Steam"],"picked":"Ball Lightning","floor":2.0},{"not_picked":["Hologram","All For One"],"picked":"BootSequence","floor":3.0},{"not_picked":["Barrage","Creative AI","Streamline"],"picked":"SKIP","floor":7.0},{"not_picked":["Heatsinks","Redo"],"picked":"Ball Lightning","floor":8.0},{"not_picked":["Streamline","Turbo","Rebound"],"picked":"SKIP","floor":10.0},{"not_picked":["Hologram","Rip and Tear","Go for the Eyes"],"picked":"SKIP","floor":11.0},{"not_picked":["All For One","Amplify"],"picked":"Reboot","floor":16.0},{"not_picked":["Double Energy","Melter","Ball Lightning"],"picked":"SKIP","floor":18},{"not_picked":["Turbo","Sweeping Beam","BootSequence"],"picked":"SKIP","floor":19},{"not_picked":["Turbo","BootSequence"],"picked":"Sweeping Beam","floor":19},{"not_picked":["Undo","Leap"],"picked":"Reinforced Body","floor":23},{"not_picked":["Static Discharge+1","Aggregate","Steam"],"picked":"SKIP","floor":25},{"not_picked":["Stack","BootSequence"],"picked":"Genetic Algorithm","floor":27},{"not_picked":["Chaos","Sweeping Beam","Go for the Eyes"],"picked":"SKIP","floor":28},{"not_picked":["Heatsinks","Leap"],"picked":"Chill","floor":29},{"not_picked":["Recycle","Conserve Battery","Go for the Eyes"],"picked":"SKIP","floor":30},{"not_picked":["Leap","Turbo","Doom and Gloom"],"picked":"SKIP","floor":31},{"not_picked":["Sweeping Beam","All For One"],"picked":"White Noise","floor":32},{"not_picked":["Creative AI","Core Surge"],"picked":"Electrodynamics","floor":33},{"not_picked":["Undo","Reinforced Body"],"picked":"Defragment+1","floor":35},{"not_picked":["Melter","Heatsinks"],"picked":"Hologram+1","floor":38},{"not_picked":["Double Energy","Leap","Chaos"],"picked":"SKIP","floor":39},{"not_picked":["Thinking Ahead","PanicButton"],"picked":"Deep Breath","floor":41},{"not_picked":["Metamorphosis","Panacea"],"picked":"Flash of Steel","floor":41}],"player_experience":2427483,"relics_obtained":[{"floor":7.0,"key":"Matryoshka"},{"floor":9.0,"key":"Sundial"},{"floor":9.0,"key":"Akabeko"},{"floor":23,"key":"Bag of Preparation"},{"floor":25,"key":"Meat on the Bone"},{"floor":26,"key":"Dream Catcher"}],"event_choices":[{"damage_healed":0.0,"max_hp_gain":0.0,"max_hp_loss":0.0,"gold_gain":0.0,"event_name":"Shining Light","player_choice":"Entered Light","floor":4.0,"gold_loss":0.0,"damage_taken":21.0,"cards_upgraded":["Strike_B","Ball Lightning"]},{"damage_healed":0.0,"max_hp_gain":0.0,"max_hp_loss":0.0,"gold_gain":0.0,"event_name":"Match and Keep!","player_choice":"0 cards matched","floor":5.0,"gold_loss":0.0,"damage_taken":0.0,"cards_obtained":[]},{"damage_healed":0.0,"max_hp_gain":0.0,"max_hp_loss":0.0,"gold_gain":0.0,"event_name":"Scrap Ooze","player_choice":"Success","floor":12.0,"gold_loss":0.0,"damage_taken":5.0,"relics_obtained":["Centennial Puzzle"]},{"damage_healed":0.0,"max_hp_gain":0.0,"max_hp_loss":0.0,"gold_gain":79.0,"event_name":"Golden Wing","player_choice":"Gained Gold","floor":14.0,"gold_loss":0.0,"damage_taken":0.0},{"damage_healed":0,"gold_gain":0,"player_choice":"Obtained Relic","damage_taken":0,"relics_obtained":["Omamori"],"max_hp_gain":0,"max_hp_loss":0,"event_name":"Addict","floor":20,"gold_loss":85},{"damage_healed":0,"gold_gain":0,"cards_transformed":["Strike_B","Strike_B"],"player_choice":"Became Test Subject","damage_taken":0,"max_hp_gain":0,"max_hp_loss":0,"event_name":"Drug Dealer","floor":22,"gold_loss":0,"cards_obtained":["Multi-Cast","Doom and Gloom"]},{"damage_healed":0,"gold_gain":0,"player_choice":"Ignored","damage_taken":0,"max_hp_gain":0,"max_hp_loss":0,"event_name":"Tomb of Lord Red Mask","floor":36,"gold_loss":0},{"damage_healed":0,"gold_gain":0,"player_choice":"Memory 2","damage_taken":5,"max_hp_gain":0,"max_hp_loss":0,"event_name":"SensoryStone","floor":41,"gold_loss":0}],"is_beta":true,"boss_relics":[{"not_picked":["Runic Dome","Ectoplasm"],"picked":"Cursed Key"},{"not_picked":["Snecko Eye","FrozenCore"],"picked":"Philosopher\u0027s Stone"}],"items_purged_floors":[21,37],"is_endless":false,"potions_floor_spawned":[2,3,10,16,19,23,31,35],"killed_by":"Giant Head","ascension_level":20}}