{"host":"kiauivt48syq9iz6","time":1608864930,"event":{"mods":["BaseMod","Conspire","Downfall","Hermit","Minty Spire (QoL Compilation)","Replay The Spire","SIMod","StSLib","The Animator","The Construct","The Cursed","The Runesmith","The Servant 0.9.4"],"gold_per_floor":[109,59,134,148,161,161,178,178,178,193,208,208,221,221,221,319,319,337,15,34,39,39],"floor_reached":21,"playtime":831,"items_purged":[],"score":173,"play_id":"107cb016-ac8f-4e3e-ac67-dc7d692856b7","local_time":"20201224195530","is_ascension_mode":false,"campfire_choices":[{"floor":6,"key":"REST"},{"data":"hermit:Brawl","floor":8,"key":"SMITH"},{"data":"hermit:Brawl","floor":12,"key":"SMITH"},{"floor":15,"key":"REST"}],"circlet_count":0,"master_deck":["hermit:Strike_Hermit+1","hermit:Strike_Hermit","hermit:Strike_Hermit","hermit:Strike_Hermit","hermit:Defend_Hermit","hermit:Defend_Hermit","hermit:Defend_Hermit","hermit:Snapshot+1","hermit:Covet","hermit:Showdown","hermit:Brawl+1","hermit:GhostlyPresence","hermit:Determination","hermit:Brawl+1","hermit:Snipe","hermit:Adapt","hermit:FromBeyond","hermit:FullyLoaded","hermit:Roulette","hermit:Scavenge"],"relics":["hermit:Momento","Blue Doll","Whetstone","conspire:RunicOctahedron","Anchor","Oddly Smooth Stone"],"acts_visited":["Exordium","TheCity"],"potions_floor_usage":[16,16,18],"damage_taken":[{"damage":1,"enemies":"Cultist","floor":1,"turns":3},{"damage":0,"enemies":"Small Slimes","floor":4,"turns":2},{"damage":6,"enemies":"Jaw Worm","floor":5,"turns":2},{"damage":1,"enemies":"3 Louse","floor":7,"turns":3},{"damage":8,"enemies":"Looter","floor":10,"turns":3},{"damage":4,"enemies":"conspire:2 RoseBushes","floor":11,"turns":4},{"damage":9,"enemies":"Blue Slaver","floor":13,"turns":6},{"damage":55,"enemies":"Hexaghost","floor":16,"turns":8},{"damage":59,"enemies":"3 Byrds","floor":18,"turns":6},{"damage":6,"enemies":"Chosen","floor":20,"turns":6},{"damage":14,"enemies":"Shelled Parasite and Fungi","floor":21,"turns":2}],"seed_played":"2241527200389107603","potions_obtained":[{"floor":7,"key":"Energy Potion"},{"floor":10,"key":"Adrenaline Potion"},{"floor":11,"key":"LiquidMemories"}],"is_trial":false,"path_per_floor":["M","?","?","M","M","R","M","R","T","M","M","R","M","?","R","B",null,"M","$","M","M"],"character_chosen":"HERMIT","items_purchased":["Anchor","Oddly Smooth Stone","hermit:Roulette"],"campfire_rested":2,"item_purchase_floors":[19,19,19],"current_hp_per_floor":[74,74,67,67,61,75,74,74,74,66,62,62,53,53,75,20,75,16,16,10,0,0],"gold":39,"neow_bonus":"RANDOM_COMMON_RELIC","is_daily":false,"chose_seed":false,"campfire_upgraded":2,"win_rate":0.0,"timestamp":1608864930,"path_taken":["M","?","?","M","M","R","M","R","T","M","M","R","?","?","R","BOSS","M","$","M","M"],"items_purchased_type":["Relic","Relic","Card"],"build_version":"2020-12-22","purchased_purges":0,"victory":false,"max_hp_per_floor":[75,75,75,75,75,75,75,75,75,75,75,75,75,75,75,75,75,75,75,75,75,75],"card_choices":[{"not_picked":["hermit:CalledShot","hermit:Roulette"],"picked":"hermit:Showdown","floor":1},{"not_picked":["hermit:Dive","hermit:EyeOfTheStorm"],"picked":"hermit:Brawl","floor":4},{"not_picked":["hermit:ItchyTrigger","hermit:Horror"],"picked":"hermit:CalledShot","floor":5},{"not_picked":["hermit:Manifest","hermit:ItchyTrigger"],"picked":"hermit:GhostlyPresence","floor":7},{"not_picked":["hermit:Feint","hermit:Showdown"],"picked":"hermit:Determination","floor":10},{"not_picked":["hermit:Ricochet","hermit:LoneWolf"],"picked":"hermit:Brawl","floor":11},{"not_picked":["hermit:LowProfile","hermit:Ricochet"],"picked":"hermit:Snipe","floor":13},{"not_picked":["hermit:Purgatory","hermit:FinalCanter"],"picked":"hermit:FromBeyond","floor":16},{"not_picked":["hermit:HighCaliber","hermit:Ricochet+1"],"picked":"hermit:FullyLoaded","floor":18},{"not_picked":["hermit:HighCaliber","hermit:Quickdraw"],"picked":"hermit:Scavenge","floor":20}],"player_experience":55439,"relics_obtained":[{"floor":9,"key":"Whetstone"}],"event_choices":[{"cards_removed":["hermit:Defend_Hermit"],"damage_healed":0,"gold_gain":0,"player_choice":"Card Removal","damage_taken":0,"max_hp_gain":0,"max_hp_loss":0,"event_name":"The Cleric","floor":2,"gold_loss":50},{"damage_healed":0,"gold_gain":75,"player_choice":"Touch","damage_taken":7,"max_hp_gain":0,"max_hp_loss":0,"event_name":"FaceTrader","floor":3,"gold_loss":0},{"damage_healed":0,"gold_gain":0,"cards_transformed":["hermit:CalledShot"],"player_choice":"Change","damage_taken":0,"max_hp_gain":0,"max_hp_loss":0,"event_name":"Living Wall","floor":14,"gold_loss":0,"cards_obtained":["hermit:Adapt"]}],"is_beta":false,"boss_relics":[{"not_picked":["Philosopher\u0027s Stone","Replay:Wanted Poster"],"picked":"conspire:RunicOctahedron"}],"items_purged_floors":[],"is_endless":false,"potions_floor_spawned":[7,10,11],"killed_by":"Shelled Parasite and Fungi","ascension_level":0}}