{"host":"wfy07lporsqrbz3r","time":1608899578,"event":{"mods":["BaseMod","Minty Spire (QoL Compilation)","Replay The Spire","StSLib"],"gold_per_floor":[118,118,118,268,289,320,320,93,93,113,27,27,51,64,64,64,64],"floor_reached":16,"playtime":368,"items_purged":["Doubt"],"score":250,"play_id":"f6d30726-ae9c-4059-8172-0add9773e20c","local_time":"20201225203258","is_ascension_mode":true,"campfire_choices":[{"data":"Riddle With Holes","floor":7,"key":"SMITH"},{"data":"Tools of the Trade","floor":12,"key":"SMITH"},{"data":"Injury","floor":15,"key":"PURGE"}],"circlet_count":0,"master_deck":["AscendersBane","Strike_G","Strike_G","Strike_G","Strike_G","Strike_G","Defend_G","Defend_G","Defend_G","Defend_G","Defend_G","Survivor","Neutralize","Riddle With Holes+1","PiercingWail","Dagger Throw","Tactician","Tools of the Trade+1","Backstab","Finisher"],"relics":["Ring of the Snake","NeowsBlessing","Golden Idol","The Specimen","Membership Card","Divine Protection","Juzu Bracelet"],"acts_visited":["Exordium"],"potions_floor_usage":[16,16],"damage_taken":[{"damage":0.0,"enemies":"2 Louse","floor":1.0,"turns":1.0},{"damage":0,"enemies":"Jaw Worm","floor":5,"turns":1},{"damage":0,"enemies":"3 Sentries","floor":6,"turns":1},{"damage":0,"enemies":"Cultist","floor":10,"turns":4},{"damage":0,"enemies":"3 Louse","floor":13,"turns":5},{"damage":0,"enemies":"Lots of Slimes","floor":14,"turns":4},{"damage":51,"enemies":"Hexaghost","floor":16,"turns":12}],"seed_played":"-7735972917651907152","potions_obtained":[{"floor":1.0,"key":"SkillPotion"},{"floor":5,"key":"GamblersBrew"}],"is_trial":false,"path_per_floor":["M","?","?","?","M","E","R","$","T","M","$","R","M","M","R","B"],"character_chosen":"THE_SILENT","items_purchased":["Membership Card","Tactician","Juzu Bracelet"],"campfire_rested":0,"item_purchase_floors":[8,8,11],"current_hp_per_floor":[59,59,59,59,59,59,59,59,59,59,59,59,59,59,59,8,8],"gold":64,"neow_bonus":"THREE_ENEMY_KILL","is_daily":false,"chose_seed":false,"campfire_upgraded":2,"win_rate":0.0,"timestamp":1608899578,"path_taken":["M","?","?","?","?","E","R","$","T","?","$","R","M","M","R","BOSS"],"items_purchased_type":["Relic","Card","Relic"],"build_version":"2020-12-22","purchased_purges":1,"victory":false,"max_hp_per_floor":[66,66,66,66,66,66,66,66,66,66,66,66,66,66,66,66,66],"card_choices":[{"not_picked":["PiercingWail","Bane"],"picked":"Riddle With Holes","floor":1.0},{"not_picked":["Slice","Deflect"],"picked":"PiercingWail","floor":5},{"not_picked":["Eviscerate","Setup"],"picked":"Dagger Throw","floor":6},{"not_picked":["Distraction","ReplayTheSpireMod:Speed Training"],"picked":"Tools of the Trade","floor":10},{"not_picked":["Dagger Spray","Cloak And Dagger"],"picked":"Backstab","floor":13},{"not_picked":["Sucker Punch","Flying Knee"],"picked":"Finisher","floor":14}],"player_experience":715070,"relics_obtained":[{"floor":6,"key":"The Specimen"},{"floor":9,"key":"Divine Protection"}],"event_choices":[{"damage_healed":0,"gold_gain":0,"player_choice":"Take Wound","damage_taken":0,"relics_obtained":["Golden Idol"],"max_hp_gain":0,"max_hp_loss":0,"event_name":"Golden Idol","floor":3,"gold_loss":0,"cards_obtained":["Injury"]},{"damage_healed":0,"gold_gain":150,"player_choice":"AGREE","damage_taken":0,"max_hp_gain":0,"max_hp_loss":0,"event_name":"Liars Game","floor":4,"gold_loss":0,"cards_obtained":["Doubt"]}],"is_beta":false,"boss_relics":[],"items_purged_floors":[8],"is_endless":false,"potions_floor_spawned":[1,5,14],"killed_by":"Hexaghost","ascension_level":20}}