{"host":"no7lpkw32q9rsjhi","time":1608886234,"event":{"mods":["BaseMod","Colored Map","Infinite Spire","Minty Spire (QoL Compilation)","Replay The Spire","StSLib","The Animator","The Hierophant"],"gold_per_floor":[113,132,132,38,38,38,71,86,113,124,124,124,144,161,161,256,256,275,275,275,275,275,295,149,149,149],"floor_reached":25,"playtime":1939,"items_purged":[],"score":201,"play_id":"77f63110-ef98-422a-8136-fd051f7136fc","local_time":"20201225035034","is_ascension_mode":false,"campfire_choices":[{"floor":6,"key":"RECALL"},{"floor":11,"key":"REST"},{"floor":15,"key":"REST"}],"circlet_count":0,"master_deck":["animator:Strike_Konosuba+1","animator:Defend_Konosuba","animator:Strike","animator:Strike","animator:Strike","animator:Defend+1","animator:Defend","animator:Defend","animator:Kazuma","animator:Aqua","animator:Shion","animator:Kaijin","animator:Benimaru","animator:Witch","animator:Cocytus","animator:IchigoKurosaki+1","animator:Shuna","animator:Archer","animator:HigakiRinne","animator:Kaijin","infinitespire:Collect","animator:Envy"],"relics":["Cracked Core","animator:TheMissingPiece","animator:PurgingStone","infinitespire:Cubic Diamond","MealTicket","Blood Vial","Painkiller Herb","Blue Doll"],"acts_visited":["Exordium","TheCity"],"potions_floor_usage":[16,18,25],"damage_taken":[{"damage":2,"enemies":"2 Louse","floor":1,"turns":3},{"damage":2,"enemies":"Cultist","floor":2,"turns":4},{"damage":25,"enemies":"Gremlin Nob","floor":7,"turns":5},{"damage":2,"enemies":"Small Slimes","floor":8,"turns":3},{"damage":0,"enemies":"Looter","floor":10,"turns":4},{"damage":11,"enemies":"3 Louse","floor":13,"turns":4},{"damage":6,"enemies":"Large Slime","floor":14,"turns":6},{"damage":69,"enemies":"Slime Boss","floor":16,"turns":11},{"damage":17,"enemies":"Shell Parasite","floor":18,"turns":3},{"damage":0,"enemies":"Chosen","floor":23,"turns":5},{"damage":61,"enemies":"animator:HornedBat","floor":25,"turns":8}],"seed_played":"-6125242874312216546","potions_obtained":[{"floor":2,"key":"ColorlessPotion"},{"floor":7,"key":"BlessingOfTheForge"},{"floor":13,"key":"LiquidMemories"},{"floor":14,"key":"Death Potion"}],"is_trial":false,"path_per_floor":["M","M","?","$","?","R","E","M","T","M","R","?","M","M","R","B",null,"?","?","?","PTL","PTL","?","T","E"],"character_chosen":"THE_ANIMATOR","items_purchased":["animator:LimeBell","Blue Doll"],"campfire_rested":2,"item_purchase_floors":[4,24],"current_hp_per_floor":[70,70,70,70,70,70,45,45,45,47,68,68,61,59,72,5,72,55,55,37,37,37,41,56,0,0],"gold":149,"neow_bonus":"TEN_PERCENT_HP_BONUS","is_daily":false,"chose_seed":false,"campfire_upgraded":0,"win_rate":0.0,"timestamp":1608886234,"path_taken":["M","M","?","?","?","R","E","M","T","M","R","?","M","M","R","BOSS","?","?","?","PTL","PTL","?","T","E"],"items_purchased_type":["Card","Relic"],"build_version":"2020-12-22","purchased_purges":0,"victory":false,"max_hp_per_floor":[72,72,72,72,72,72,72,72,72,72,72,72,72,72,72,72,72,72,72,72,72,72,72,72,72,72],"card_choices":[{"not_picked":["animator:DolaCouronne","animator:Tet"],"picked":"animator:Shion","floor":1},{"not_picked":["animator:Laby","animator:Pride"],"picked":"animator:Kaijin","floor":2},{"not_picked":["animator:Hakurou","animator:LizardPriest"],"picked":"animator:Benimaru","floor":7},{"not_picked":["animator:Spearman","animator:GuildGirl"],"picked":"animator:Witch","floor":8},{"not_picked":["animator:Emonzaemon","animator:Witch"],"picked":"animator:Cocytus","floor":10},{"not_picked":["animator:IrohaTamaki","animator:RinTohsaka"],"picked":"animator:Shuna","floor":13},{"not_picked":["animator:Shinoa","animator:Vanir"],"picked":"animator:Archer","floor":14},{"not_picked":["animator:MadokaKaname","animator:Sora"],"picked":"animator:HigakiRinne","floor":16},{"not_picked":["animator:Vesta","animator:Millim"],"picked":"animator:Kaijin","floor":18},{"not_picked":["infinitespire:TheBestDefense","infinitespire:SealOfDarkness+"],"picked":"infinitespire:Collect","floor":20},{"not_picked":["animator:LizardPriest","animator:Hitei+1"],"picked":"animator:Envy","floor":23}],"player_experience":56428,"relics_obtained":[{"floor":7,"key":"MealTicket"},{"floor":9,"key":"Blood Vial"}],"event_choices":[{"damage_healed":0,"gold_gain":0,"player_choice":"Ignored","damage_taken":0,"max_hp_gain":0,"max_hp_loss":0,"event_name":"NoteForYourself","floor":3,"gold_loss":0},{"damage_healed":0,"gold_gain":0,"player_choice":"Ignored","damage_taken":0,"max_hp_gain":0,"max_hp_loss":0,"event_name":"Vampires","floor":19,"gold_loss":0}],"is_beta":false,"boss_relics":[{"not_picked":["Runic Dome","ReplayTheSpireMod:DimensionalGlitch"],"picked":"Painkiller Herb"}],"items_purged_floors":[],"is_endless":false,"potions_floor_spawned":[2,7,13,14],"killed_by":"animator:HornedBat","ascension_level":0}}