{"host":"9v3x998ddbx8o276","time":1608878370,"event":{"mods":["AchievementEnabler","BaseMod","Colored Map","Highlight Path","Minty Spire (QoL Compilation)","Quick Restart","Rare Cards Sparkle"],"gold_per_floor":[113,126,276,276,32,73,73,111,164,164,205,226,245,274,274,357,357,385,77,86,95,118,118,153,28,28,70,70,88,88,129,129,209,209,225,225,225,64,88,88,123,123,171,208,430,430,473,489,489,489,489,489],"floor_reached":51,"playtime":2259,"items_purged":["Doubt","Strike_G","Decay"],"score":1670,"play_id":"693d1d9c-55e7-4512-9a9a-fb26c90dd07d","local_time":"20201225170930","is_ascension_mode":true,"campfire_choices":[{"floor":7.0,"key":"REST"},{"floor":10.0,"key":"REST"},{"floor":15.0,"key":"REST"},{"data":"Wraith Form v2","floor":23,"key":"SMITH"},{"floor":28,"key":"REST"},{"data":"Adrenaline","floor":30,"key":"SMITH"},{"data":"Catalyst","floor":32,"key":"SMITH"},{"floor":40,"key":"REST"},{"floor":42,"key":"RECALL"},{"floor":49,"key":"REST"}],"circlet_count":0,"master_deck":["AscendersBane","Strike_G","Strike_G","Strike_G","Defend_G+1","Defend_G","Defend_G","Defend_G","Survivor","Neutralize","Deadly Poison","Crippling Poison+1","Backflip","Deadly Poison","Venomology","Slice","Crippling Poison","Adrenaline+1","Setup","PiercingWail","Wraith Form v2+1","Well Laid Plans","Backflip","Catalyst+1","Footwork","Dodge and Roll","Leg Sweep","Glass Knife","Backflip","Noxious Fumes","Burst","Prepared","Deadly Poison+1","Caltrops+1","Well Laid Plans+1"],"relics":["Ring of the Snake","NeowsBlessing","CeramicFish","InkBottle","Snake Skull","Juzu Bracelet","SacredBark","TwistedFunnel","Red Mask","Mummified Hand","Orichalcum","Blue Candle","SlaversCollar","Pen Nib","Art of War","Frozen Egg 2","Letter Opener","Boot"],"acts_visited":["Exordium","TheCity","TheBeyond"],"potions_floor_usage":[18,22,22,24,27,31,33,41,47,48,50],"damage_taken":[{"damage":0.0,"enemies":"Small Slimes","floor":1.0,"turns":1.0},{"damage":0.0,"enemies":"2 Louse","floor":2.0,"turns":1.0},{"damage":0.0,"enemies":"3 Sentries","floor":6.0,"turns":2.0},{"damage":29.0,"enemies":"Gremlin Nob","floor":8.0,"turns":4.0},{"damage":18.0,"enemies":"Lagavulin","floor":11.0,"turns":6.0},{"damage":0.0,"enemies":"Jaw Worm","floor":12.0,"turns":4.0},{"damage":0.0,"enemies":"3 Louse","floor":13.0,"turns":2.0},{"damage":4.0,"enemies":"2 Fungi Beasts","floor":14.0,"turns":3.0},{"damage":32.0,"enemies":"Hexaghost","floor":16.0,"turns":10.0},{"damage":4,"enemies":"2 Thieves","floor":18,"turns":4},{"damage":2,"enemies":"Shell Parasite","floor":22,"turns":2},{"damage":5,"enemies":"Masked Bandits","floor":24,"turns":3},{"damage":4,"enemies":"Slavers","floor":27,"turns":5},{"damage":3,"enemies":"Gremlin Leader","floor":31,"turns":6},{"damage":29,"enemies":"Champ","floor":33,"turns":8},{"damage":6,"enemies":"3 Shapes","floor":35,"turns":4},{"damage":4,"enemies":"3 Darklings","floor":39,"turns":4},{"damage":3,"enemies":"Giant Head","floor":41,"turns":8},{"damage":5,"enemies":"Nemesis","floor":44,"turns":7},{"damage":0,"enemies":"Giant Head","floor":47,"turns":5},{"damage":10,"enemies":"Jaw Worm Horde","floor":48,"turns":4},{"damage":81,"enemies":"Awakened One","floor":50,"turns":15},{"damage":25,"enemies":"Donu and Deca","floor":51,"turns":3}],"seed_played":"-8906880172415757389","potions_obtained":[{"floor":1.0,"key":"Dexterity Potion"},{"floor":16.0,"key":"Energy Potion"},{"floor":24,"key":"AttackPotion"}],"is_trial":false,"path_per_floor":["M","M","?","?","$","E","R","E","T","R","E","M","M","M","R","B",null,"M","$","?","?","M","R","?","$","T","E","R","?","R","E","R","B",null,"M","?","?","$","M","R","E","R","T","E","?","?","E","M","R","B","B"],"character_chosen":"THE_SILENT","items_purchased":["Backflip","Poison Potion","Deadly Poison","TwistedFunnel","Backflip","Art of War"],"campfire_rested":6,"item_purchase_floors":[5,5,5,19,19,38],"current_hp_per_floor":[59,59,59,39,39,39,58,29,29,48,30,30,30,26,45,13,53,49,49,49,49,47,47,42,42,42,38,57,57,57,54,54,25,56,50,50,50,50,46,63,60,60,60,55,55,55,55,45,63,21,0,0],"gold":489,"neow_bonus":"THREE_ENEMY_KILL","is_daily":false,"chose_seed":false,"campfire_upgraded":3,"win_rate":0.0,"timestamp":1608878370,"path_taken":["M","M","?","?","$","E","R","E","T","R","E","M","M","M","R","BOSS","M","$","?","?","M","R","?","$","T","E","R","?","R","E","R","BOSS","M","?","?","$","M","R","E","R","T","E","?","?","E","M","R","BOSS","BOSS"],"items_purchased_type":["Card","Potion","Card","Relic","Card","Relic"],"build_version":"2020-12-22","purchased_purges":3,"victory":false,"max_hp_per_floor":[66,66,66,66,66,66,66,66,66,66,66,66,66,66,66,66,66,66,66,66,66,66,66,66,66,66,66,66,66,66,66,66,66,66,66,63,63,63,63,63,63,63,63,63,63,63,63,63,63,63,63,63],"card_choices":[{"not_picked":["Tactician","Expertise"],"picked":"Deadly Poison","floor":1.0},{"not_picked":["Blade Dance","Slice"],"picked":"Crippling Poison","floor":2.0},{"not_picked":["Acrobatics","Sucker Punch"],"picked":"Venomology","floor":6.0},{"not_picked":["Dagger Throw","Flying Knee"],"picked":"Slice","floor":8.0},{"not_picked":["Underhanded Strike","Acrobatics"],"picked":"Crippling Poison","floor":11.0},{"not_picked":["Quick Slash","Infinite Blades"],"picked":"Adrenaline","floor":12.0},{"not_picked":["Infinite Blades","Dash"],"picked":"Setup","floor":13.0},{"not_picked":["Outmaneuver","Accuracy"],"picked":"PiercingWail","floor":14.0},{"not_picked":["Phantasmal Killer","Tools of the Trade"],"picked":"Wraith Form v2","floor":16.0},{"not_picked":["Flying Knee","Blade Dance"],"picked":"Well Laid Plans","floor":18},{"not_picked":["Slice","Deadly Poison+1"],"picked":"Footwork","floor":22},{"not_picked":["Bane","Poisoned Stab+1"],"picked":"Dodge and Roll","floor":24},{"not_picked":["Quick Slash","PiercingWail"],"picked":"Leg Sweep","floor":27},{"not_picked":["Deadly Poison","Backflip"],"picked":"Noxious Fumes","floor":31},{"not_picked":["Malaise","Unload"],"picked":"Burst","floor":33},{"not_picked":["Underhanded Strike+1","Finisher","Outmaneuver"],"picked":"SKIP","floor":35},{"not_picked":["Cloak And Dagger+1","Deflect"],"picked":"Prepared","floor":39},{"not_picked":["Dagger Spray+1","Infinite Blades+1"],"picked":"Deadly Poison+1","floor":41},{"not_picked":["Flying Knee","Poisoned Stab"],"picked":"Caltrops+1","floor":44},{"not_picked":["Backstab","Envenom+1"],"picked":"Well Laid Plans+1","floor":47},{"not_picked":["Dodge and Roll","Dagger Throw","Masterful Stab+1"],"picked":"SKIP","floor":48}],"player_experience":2064760,"relics_obtained":[{"floor":6.0,"key":"CeramicFish"},{"floor":8.0,"key":"InkBottle"},{"floor":9.0,"key":"Snake Skull"},{"floor":11.0,"key":"Juzu Bracelet"},{"floor":24,"key":"Red Mask"},{"floor":26,"key":"Mummified Hand"},{"floor":27,"key":"Orichalcum"},{"floor":31,"key":"Blue Candle"},{"floor":37,"key":"Pen Nib"},{"floor":41,"key":"Frozen Egg 2"},{"floor":44,"key":"Letter Opener"},{"floor":47,"key":"Boot"}],"event_choices":[{"damage_healed":0.0,"max_hp_gain":0.0,"max_hp_loss":0.0,"gold_gain":150.0,"event_name":"Liars Game","player_choice":"AGREE","floor":3.0,"gold_loss":0.0,"damage_taken":0.0,"cards_obtained":["Doubt"]},{"damage_healed":0.0,"max_hp_gain":0.0,"max_hp_loss":0.0,"gold_gain":0.0,"event_name":"Shining Light","player_choice":"Entered Light","floor":4.0,"gold_loss":0.0,"damage_taken":20.0,"cards_upgraded":["Crippling Poison","Defend_G"]},{"damage_healed":0,"gold_gain":0,"player_choice":"Read","damage_taken":0,"max_hp_gain":0,"max_hp_loss":0,"event_name":"The Library","floor":20,"gold_loss":0,"cards_obtained":["Catalyst"]},{"damage_healed":0,"gold_gain":0,"player_choice":"Smashed Altar","damage_taken":0,"max_hp_gain":0,"max_hp_loss":0,"event_name":"Forgotten Altar","floor":21,"gold_loss":0,"cards_obtained":["Decay"]},{"damage_healed":0,"gold_gain":0,"player_choice":"Fought Bandits","damage_taken":0,"max_hp_gain":0,"max_hp_loss":0,"event_name":"Masked Bandits","floor":24,"gold_loss":0},{"damage_healed":0,"gold_gain":0,"cards_transformed":["Defend_G","Strike_G"],"player_choice":"Became Test Subject","damage_taken":0,"max_hp_gain":0,"max_hp_loss":0,"event_name":"Drug Dealer","floor":29,"gold_loss":0,"cards_obtained":["Glass Knife","Backflip"]},{"damage_healed":0,"gold_gain":0,"player_choice":"Max HP","damage_taken":0,"max_hp_gain":0,"max_hp_loss":3,"event_name":"Winding Halls","floor":36,"gold_loss":0},{"damage_healed":0,"gold_gain":0,"player_choice":"Relic","damage_taken":0,"max_hp_gain":0,"max_hp_loss":0,"event_name":"Wheel of Change","floor":37,"gold_loss":0},{"damage_healed":0,"gold_gain":222,"player_choice":"Wore Mask","damage_taken":0,"max_hp_gain":0,"max_hp_loss":0,"event_name":"Tomb of Lord Red Mask","floor":45,"gold_loss":0},{"damage_healed":0,"gold_gain":0,"player_choice":"Ignored","damage_taken":0,"max_hp_gain":0,"max_hp_loss":0,"event_name":"Mysterious Sphere","floor":46,"gold_loss":0}],"is_beta":false,"boss_relics":[{"not_picked":["WristBlade","Ring of the Serpent"],"picked":"SacredBark"},{"not_picked":["Cursed Key","Astrolabe"],"picked":"SlaversCollar"}],"items_purged_floors":[5,19,25],"is_endless":false,"potions_floor_spawned":[1,12,14,16,18,24,33,39,47],"killed_by":"Donu and Deca","ascension_level":20}}