{"host":"6xsbn6ynqlzwllfm","time":1608923390,"event":{"mods":["2.2 Compatiblity","BaseMod","Bestiary","Colored Map","Colored Powertips","Curses Come First","Downfall","Highlight Path","Keyboard Shortcuts","Minty Spire (QoL Compilation)","Quick Restart","Relic Stats","Slay the Relics Exporter","StSLib","SuperFastMode"],"gold_per_floor":[111,186,204,20,34,66,66,66,143,170,170,204,220,234,234,234,234,234],"floor_reached":16,"playtime":445,"items_purged":["Guardian:Strike_Guardian"],"score":216,"play_id":"936b2f3b-3314-4690-82ef-51433854371a","local_time":"20201225140950","is_ascension_mode":true,"campfire_choices":[{"data":"Guardian:EvasiveProtocol","floor":7,"key":"SMITH"},{"floor":11,"key":"REST"},{"data":"Guardian:Orbwalk","floor":15,"key":"SMITH"}],"circlet_count":0,"master_deck":["AscendersBane","Guardian:Strike_Guardian","Guardian:Strike_Guardian","Guardian:Strike_Guardian","Guardian:Defend_Guardian","Guardian:Defend_Guardian","Guardian:Defend_Guardian","Guardian:Defend_Guardian","Guardian:CurlUp","Guardian:TwinSlam","Guardian:Orbwalk+1","Guardian:PrimingBeam","Guardian:Reroute","Guardian:PrimingBeam","Guardian:Recover","Guardian:EvasiveProtocol+1","Guardian:VentSteam+1","Guardian:StasisField+1","Guardian:PiercingHide+1","Guardian:PiercingHide+1"],"relics":["Guardian:ModeShifter","NeowsBlessing","Nunchaku","Toxic Egg 2","Anchor","Happy Flower"],"acts_visited":["Exordium"],"potions_floor_usage":[6,6,6,10,13,16],"damage_taken":[{"damage":0,"enemies":"Small Slimes","floor":1,"turns":1},{"damage":0,"enemies":"Jaw Worm","floor":3,"turns":1},{"damage":0,"enemies":"Cultist","floor":5,"turns":1},{"damage":16,"enemies":"3 Sentries","floor":6,"turns":8},{"damage":12,"enemies":"Gremlin Nob","floor":10,"turns":4},{"damage":16,"enemies":"3 Sentries","floor":12,"turns":8},{"damage":18,"enemies":"Large Slime","floor":13,"turns":4},{"damage":2,"enemies":"3 Louse","floor":14,"turns":4},{"damage":23,"enemies":"Slime Boss","floor":16,"turns":8}],"seed_played":"6948771374705487438","potions_obtained":[{"floor":1,"key":"DistilledChaos"},{"floor":5,"key":"EntropicBrew"},{"floor":10,"key":"Ancient Potion"},{"floor":12,"key":"Fruit Juice"},{"floor":14,"key":"SkillPotion"}],"is_trial":false,"path_per_floor":["M","?","M","$","M","E","R","$","T","E","R","E","M","M","R","B"],"character_chosen":"GUARDIAN","items_purchased":["Guardian:Reroute","Guardian:PrimingBeam"],"campfire_rested":1,"item_purchase_floors":[4,4],"current_hp_per_floor":[65,54,54,54,54,38,38,38,38,26,47,31,18,16,16,0,0,0],"gold":234,"neow_bonus":"THREE_ENEMY_KILL","is_daily":false,"chose_seed":false,"campfire_upgraded":2,"win_rate":0.0,"timestamp":1608923390,"path_taken":["M","?","M","?","M","E","R","$","T","E","R","E","M","M","R","BOSS"],"items_purchased_type":["Card","Card"],"build_version":"2020-12-22","purchased_purges":1,"victory":false,"max_hp_per_floor":[72,72,72,72,72,72,72,72,72,72,72,72,77,77,77,77,77,77],"relic_stats":{"Nunchaku":[4],"Happy Flower":[5],"counters":[9,39],"obtain_stats":[{"Nunchaku":6,"Anchor":10,"NeowsBlessing":0,"Happy Flower":12,"Guardian:ModeShifter":0,"Toxic Egg 2":9},{"Nunchaku":4,"Anchor":5,"NeowsBlessing":0,"Happy Flower":6,"Guardian:ModeShifter":0,"Toxic Egg 2":4},{"Nunchaku":11,"Anchor":15,"NeowsBlessing":0,"Happy Flower":23,"Guardian:ModeShifter":0,"Toxic Egg 2":11}]},"card_choices":[{"not_picked":["Guardian:TimeCapacitor","Guardian:Gem_Green"],"picked":"Guardian:Orbwalk","floor":1},{"not_picked":["Guardian:Repulse","Guardian:TemporalStrike"],"picked":"Guardian:PrimingBeam","floor":3},{"not_picked":["Guardian:Gem_Lightblue","Guardian:WalkerClaw"],"picked":"Guardian:Recover","floor":5},{"not_picked":["Guardian:ArmoredProtocol","Guardian:Suspension"],"picked":"Guardian:EvasiveProtocol","floor":6},{"not_picked":["Guardian:Gem_Cyan","Guardian:DecasProtection+1"],"picked":"Guardian:VentSteam+1","floor":10},{"not_picked":["Guardian:TimeCapacitor","Guardian:Suspension+1"],"picked":"Guardian:StasisField+1","floor":12},{"not_picked":["Guardian:Incinerate","Guardian:CrystalBeam"],"picked":"Guardian:PiercingHide+1","floor":13},{"not_picked":["Guardian:Incinerate","Guardian:ShieldCharger+1"],"picked":"Guardian:PiercingHide+1","floor":14}],"player_experience":1262113,"relics_obtained":[{"floor":6,"key":"Nunchaku"},{"floor":9,"key":"Toxic Egg 2"},{"floor":10,"key":"Anchor"},{"floor":12,"key":"Happy Flower"}],"event_choices":[{"damage_healed":0,"gold_gain":75,"player_choice":"Gather Gold","damage_taken":11,"max_hp_gain":0,"max_hp_loss":0,"event_name":"World of Goop","floor":2,"gold_loss":0}],"is_beta":false,"boss_relics":[],"items_purged_floors":[4],"is_endless":false,"potions_floor_spawned":[1,5,10,12,14],"killed_by":"Slime Boss","ascension_level":16}}