{"host":"zhec3g4cvsmevugl","time":1608871771,"event":{"mods":["BaseMod","BetterRewards","Minty Spire (QoL Compilation)","Relic Stats","Slay-I","StSLib"],"gold_per_floor":[110,110,11,11,24,24,54,54,107,118,118,145,159,171,171,274,274,289,37,37,37,51,51,85,85,85,10,24,299,312,325,325,423,423,440,1439,1439,1439,1449,1449,1466,639,712,737,737,748,767,109,109,109],"floor_reached":51,"playtime":2603,"items_purged":["Pain","Normality","Normality"],"score":955,"play_id":"f7d11ca7-271e-48f8-86ae-fe8511872e09","local_time":"20201225124931","is_ascension_mode":false,"campfire_choices":[{"floor":6,"key":"REST"},{"floor":11,"key":"REST"},{"floor":15,"key":"REST"},{"floor":23,"key":"REST"},{"floor":25,"key":"REST"},{"floor":32,"key":"REST"},{"floor":40,"key":"REST"},{"floor":45,"key":"REST"},{"floor":49,"key":"REST"}],"circlet_count":0,"master_deck":["Strike_R","Strike_R","Strike_R","Defend_R","Defend_R","Defend_R","Defend_R","Bash","Master of Strategy","Rage","Perfected Strike","Anger","Clash","Flex","Thunderclap","Sword Boomerang","Metallicize","Ghostly Armor","Wild Strike","Dark Embrace","Armaments","Clash","Immolate","Uppercut","Dramatic Entrance","Necronomicurse","Perfected Strike","Headbutt+1","Metallicize","Hemokinesis+1","Pummel+1","Rupture+1","Perfected Strike+1","Fiend Fire","Barricade","Wild Strike+1","Anger","Dual Wield+1","Shockwave","Impervious","Iron Wave","Immolate","Inflame+1","Flex","Carnage","Carnage+1"],"relics":["Burning Blood","Dream Catcher","MealTicket","Strange Spoon","Bag of Marbles","Centennial Puzzle","Anchor","Strawberry","Bag of Preparation","Fusion Hammer","Happy Flower","Necronomicon","WarpedTongs","Bird Faced Urn","Vajra","Empty Cage","Ancient Tea Set","Thread and Needle","Sling","Ornamental Fan","Omamori","TungstenRod","Lantern"],"acts_visited":["Exordium","TheCity","TheBeyond"],"potions_floor_usage":[16,16,24,33,33,33,50,50],"damage_taken":[{"damage":2,"enemies":"Small Slimes","floor":1,"turns":4},{"damage":2,"enemies":"Cultist","floor":5,"turns":3},{"damage":8,"enemies":"Gremlin Nob","floor":7,"turns":3},{"damage":3,"enemies":"2 Louse","floor":10,"turns":2},{"damage":23,"enemies":"Lagavulin","floor":12,"turns":6},{"damage":2,"enemies":"Blue Slaver","floor":13,"turns":3},{"damage":0,"enemies":"3 Louse","floor":14,"turns":2},{"damage":42,"enemies":"Slime Boss","floor":16,"turns":10},{"damage":14,"enemies":"3 Byrds","floor":18,"turns":4},{"damage":7,"enemies":"2 Thieves","floor":22,"turns":3},{"damage":6,"enemies":"Book of Stabbing","floor":24,"turns":2},{"damage":2,"enemies":"Snake Plant","floor":28,"turns":2},{"damage":5,"enemies":"Cultist and Chosen","floor":30,"turns":3},{"damage":0,"enemies":"Centurion and Healer","floor":31,"turns":2},{"damage":22,"enemies":"Champ","floor":33,"turns":5},{"damage":6,"enemies":"3 Shapes","floor":35,"turns":2},{"damage":0,"enemies":"Orb Walker","floor":39,"turns":1},{"damage":14,"enemies":"Maw","floor":41,"turns":5},{"damage":28,"enemies":"Nemesis","floor":44,"turns":3},{"damage":0,"enemies":"Sphere and 2 Shapes","floor":46,"turns":2},{"damage":16,"enemies":"Writhing Mass","floor":47,"turns":2},{"damage":9,"enemies":"Donu and Deca","floor":50,"turns":5}],"seed_played":"-6129975298704435331","potions_obtained":[{"floor":1,"key":"FearPotion"},{"floor":12,"key":"Strength Potion"},{"floor":13,"key":"AttackPotion"},{"floor":16,"key":"ColorlessPotion"},{"floor":24,"key":"DistilledChaos"},{"floor":28,"key":"AttackPotion"},{"floor":33,"key":"PowerPotion"},{"floor":44,"key":"Dexterity Potion"},{"floor":46,"key":"Strength Potion"},{"floor":47,"key":"Energy Potion"}],"is_trial":false,"path_per_floor":["M","?","$","?","M","R","E","?","T","M","R","E","M","M","R","B",null,"M","$","?","?","M","R","E","R","T","$","M","?","M","M","R","B",null,"M","?","?","?","M","R","M","$","T","E","R","M","M","$","R","B",null],"character_chosen":"IRONCLAD","items_purchased":["Dream Catcher","MealTicket","Strange Spoon","Master of Strategy","Rage","Anger","Clash","Happy Flower","Dramatic Entrance","Ancient Tea Set","Thread and Needle","Sling","Fire Potion","Impervious","TungstenRod","Lantern","Carnage"],"campfire_rested":9,"item_purchase_floors":[0,0,0,0,0,3,3,19,19,42,42,42,42,42,48,48,48],"current_hp_per_floor":[54,54,69,69,73,80,78,75,82,85,87,70,74,80,87,51,87,79,87,71,71,70,87,87,87,87,87,87,87,87,87,87,75,87,87,87,87,87,87,87,83,87,87,65,87,87,77,87,87,86],"gold":109,"neow_bonus":"","is_daily":false,"chose_seed":false,"campfire_upgraded":0,"win_rate":0.0,"timestamp":1608871771,"path_taken":["M","?","?","?","M","R","E","?","T","M","R","E","M","?","R","BOSS","M","$","?","?","M","R","E","R","T","$","?","?","M","M","R","BOSS","M","?","?","?","M","R","?","?","T","E","R","M","M","$","R","BOSS"],"items_purchased_type":["Relic","Relic","Relic","Card","Card","Card","Card","Relic","Card","Relic","Relic","Relic","Potion","Card","Relic","Relic","Card"],"build_version":"2020-12-22","purchased_purges":3,"victory":true,"max_hp_per_floor":[80,80,80,80,80,80,80,80,87,87,87,87,87,87,87,87,87,87,87,87,87,87,87,87,87,87,87,87,87,87,87,87,87,87,87,87,87,87,87,87,87,87,87,87,87,87,87,87,87,87],"relic_stats":{"Happy Flower":[38],"counters":[46,168],"Bag of Preparation":[68],"Burning Blood":246,"WarpedTongs":[37],"Strange Spoon":[33],"Dream Catcher":9,"Centennial Puzzle":[45],"Ornamental Fan":[44],"Bird Faced Urn":[91],"MealTicket":82,"Necronomicon":[28],"obtain_stats":[{"Lantern":48,"Singing Bowl":26,"Enchiridion":20,"Vajra":26,"Juzu Bracelet":42,"Bag of Preparation":12,"Empty Cage":34,"Ancient Tea Set":42,"Sling":42,"Burning Blood":0,"Blood Vial":48,"Dream Catcher":0,"Centennial Puzzle":7,"Shovel":44,"FaceOfCleric":11,"Sundial":43,"Strawberry":25,"Philosopher\u0027s Stone":17,"Tiny Chest":28,"MealTicket":0,"Fusion Hammer":17,"Necronomicon":20,"InkBottle":41,"Paper Frog":45,"Potion Belt":12,"Happy Flower":10,"Eternal Feather":44,"Thread and Needle":42,"PreservedInsect":23,"Omamori":44,"Orichalcum":0,"WarpedTongs":21,"Du-Vu Doll":38,"Strange Spoon":0,"Anchor":8,"Ornamental Fan":43,"Bird Faced Urn":7,"MutagenicStrength":30,"Black Star":34,"Bag of Marbles":4,"Bottled Lightning":9,"Toy Ornithopter":48,"TungstenRod":48},{"Lantern":45,"Singing Bowl":12,"Enchiridion":9,"Vajra":35,"Juzu Bracelet":19,"Bag of Preparation":29,"Empty Cage":39,"Ancient Tea Set":42,"Sling":42,"Burning Blood":0,"Blood Vial":23,"Dream Catcher":24,"Centennial Puzzle":27,"Shovel":20,"FaceOfCleric":4,"Sundial":19,"Strawberry":12,"Philosopher\u0027s Stone":8,"Tiny Chest":13,"MealTicket":24,"Fusion Hammer":32,"Necronomicon":33,"InkBottle":19,"Paper Frog":20,"Potion Belt":5,"Happy Flower":4,"Eternal Feather":20,"Thread and Needle":42,"PreservedInsect":11,"Omamori":43,"Orichalcum":0,"WarpedTongs":33,"Du-Vu Doll":18,"Strange Spoon":24,"Anchor":27,"Ornamental Fan":42,"Bird Faced Urn":3,"MutagenicStrength":13,"Black Star":15,"Bag of Marbles":25,"Bottled Lightning":4,"Toy Ornithopter":23,"TungstenRod":45},{"Lantern":163,"Singing Bowl":40,"Enchiridion":30,"Vajra":136,"Juzu Bracelet":69,"Bag of Preparation":112,"Empty Cage":148,"Ancient Tea Set":156,"Sling":156,"Burning Blood":0,"Blood Vial":86,"Dream Catcher":94,"Centennial Puzzle":104,"Shovel":75,"FaceOfCleric":15,"Sundial":69,"Strawberry":40,"Philosopher\u0027s Stone":27,"Tiny Chest":43,"MealTicket":94,"Fusion Hammer":127,"Necronomicon":131,"InkBottle":69,"Paper Frog":75,"Potion Belt":18,"Happy Flower":15,"Eternal Feather":75,"Thread and Needle":156,"PreservedInsect":37,"Omamori":159,"Orichalcum":0,"WarpedTongs":131,"Du-Vu Doll":66,"Strange Spoon":94,"Anchor":104,"Ornamental Fan":156,"Bird Faced Urn":13,"MutagenicStrength":43,"Black Star":54,"Bag of Marbles":98,"Bottled Lightning":15,"Toy Ornithopter":86,"TungstenRod":163}],"TungstenRod":3},"card_choices":[{"not_picked":["Searing Blow","Body Slam"],"picked":"Perfected Strike","floor":1},{"not_picked":["Warcry","Ghostly Armor"],"picked":"Flex","floor":5},{"not_picked":["Warcry","Clash"],"picked":"Thunderclap","floor":6},{"not_picked":["Headbutt","Shrug It Off"],"picked":"Sword Boomerang","floor":7},{"not_picked":["Twin Strike","Rage"],"picked":"Metallicize","floor":10},{"not_picked":["Warcry","True Grit"],"picked":"Ghostly Armor","floor":11},{"not_picked":["Fire Breathing","Clothesline"],"picked":"Wild Strike","floor":12},{"not_picked":["Exhume","Ghostly Armor"],"picked":"Dark Embrace","floor":13},{"not_picked":["Entrench","Seeing Red"],"picked":"Armaments","floor":14},{"not_picked":["Warcry","Intimidate"],"picked":"Clash","floor":15},{"not_picked":["Exhume","Barricade"],"picked":"Immolate","floor":16},{"not_picked":["Sever Soul","Pommel Strike"],"picked":"Uppercut","floor":18},{"not_picked":["Ghostly Armor","Heavy Blade"],"picked":"Perfected Strike","floor":22},{"not_picked":["Shrug It Off","Intimidate"],"picked":"Headbutt+1","floor":23},{"not_picked":["Dual Wield","Rampage"],"picked":"Metallicize","floor":24},{"not_picked":["True Grit","Pommel Strike"],"picked":"Hemokinesis+1","floor":25},{"not_picked":["Evolve+1","Havoc"],"picked":"Pummel+1","floor":28},{"not_picked":["Havoc","Pommel Strike"],"picked":"Rupture+1","floor":30},{"not_picked":["Clothesline","Whirlwind+1"],"picked":"Perfected Strike+1","floor":31},{"not_picked":["Metallicize+1","Heavy Blade"],"picked":"Fiend Fire","floor":32},{"not_picked":["Corruption","Berserk"],"picked":"Barricade","floor":33},{"not_picked":["True Grit","Iron Wave"],"picked":"Wild Strike+1","floor":35},{"not_picked":["Body Slam","Sword Boomerang"],"picked":"Anger","floor":39},{"not_picked":["Power Through+1","Metallicize"],"picked":"Dual Wield+1","floor":40},{"not_picked":["Heavy Blade+1","Evolve+1"],"picked":"Shockwave","floor":41},{"not_picked":["Burning Pact","Dual Wield"],"picked":"Iron Wave","floor":44},{"not_picked":["Wild Strike","Twin Strike+1"],"picked":"Immolate","floor":45},{"not_picked":["Clash","Warcry+1"],"picked":"Inflame+1","floor":46},{"not_picked":["Iron Wave+1","Twin Strike"],"picked":"Flex","floor":47},{"not_picked":["Double Tap","Rampage"],"picked":"Carnage+1","floor":49}],"player_experience":172191,"relics_obtained":[{"floor":7,"key":"Centennial Puzzle"},{"floor":9,"key":"Strawberry"},{"floor":12,"key":"Bag of Preparation"},{"floor":20,"key":"Necronomicon"},{"floor":24,"key":"Bird Faced Urn"},{"floor":26,"key":"Vajra"},{"floor":43,"key":"Ornamental Fan"},{"floor":44,"key":"Omamori"}],"event_choices":[{"cards_removed":["Strike_R"],"damage_healed":0,"gold_gain":0,"player_choice":"Card Removal","damage_taken":0,"max_hp_gain":0,"max_hp_loss":0,"event_name":"Wheel of Change","floor":2,"gold_loss":0},{"damage_healed":0,"gold_gain":0,"player_choice":"Box","damage_taken":0,"relics_obtained":["Bag of Marbles"],"max_hp_gain":0,"max_hp_loss":0,"event_name":"Big Fish","floor":4,"gold_loss":0,"cards_obtained":["Regret"]},{"damage_healed":0,"gold_gain":0,"player_choice":"Success","damage_taken":3,"relics_obtained":["Anchor"],"max_hp_gain":0,"max_hp_loss":0,"event_name":"Scrap Ooze","floor":8,"gold_loss":0},{"damage_healed":0,"gold_gain":0,"player_choice":"Obtained Book","damage_taken":16,"max_hp_gain":0,"max_hp_loss":0,"event_name":"Cursed Tome","floor":20,"gold_loss":0},{"damage_healed":0,"gold_gain":0,"player_choice":"Rummage","damage_taken":0,"relics_obtained":["WarpedTongs"],"max_hp_gain":0,"max_hp_loss":0,"event_name":"Accursed Blacksmith","floor":21,"gold_loss":0,"cards_obtained":["Pain"]},{"damage_healed":0,"gold_gain":275,"player_choice":"Desecrate","damage_taken":0,"max_hp_gain":0,"max_hp_loss":0,"event_name":"Golden Shrine","floor":29,"gold_loss":0,"cards_obtained":["Regret"]},{"damage_healed":0,"gold_gain":999,"player_choice":"Gold","damage_taken":0,"max_hp_gain":0,"max_hp_loss":0,"event_name":"MindBloom","floor":36,"gold_loss":0,"cards_obtained":["Normality","Normality"]},{"cards_removed":["Strike_R"],"damage_healed":0,"gold_gain":0,"player_choice":"Removed Attack","damage_taken":0,"max_hp_gain":0,"max_hp_loss":0,"event_name":"Falling","floor":37,"gold_loss":0},{"damage_healed":0,"gold_gain":0,"player_choice":"Ignored","damage_taken":0,"max_hp_gain":0,"max_hp_loss":0,"event_name":"Golden Shrine","floor":38,"gold_loss":0}],"is_beta":false,"boss_relics":[{"not_picked":["SlaversCollar","Pandora\u0027s Box"],"picked":"Fusion Hammer"},{"not_picked":["Snecko Eye","Cursed Key"],"picked":"Empty Cage"}],"items_purged_floors":[27,42,48],"is_endless":false,"potions_floor_spawned":[1,12,13,16,24,28,33,44,46,47],"ascension_level":0}}