{"host":"yn17ruofed46ymbq","time":1608911293,"event":{"mods":["AchievementEnabler","BaseMod","Colored Map","Colored Powertips","DeckTracker","Highlight Path","Keyboard Shortcuts","Minty Spire (QoL Compilation)","Permanent Neow","Quick Restart","Rare Cards Sparkle","Relic Stats","SuperFastMode"],"gold_per_floor":[115,129,143,156,167,167,196,45,45,77,77,89,120,85,85,184,184,201,201,219,229,248,283,127,161,161,161,193,193,224,242,242,340,340,358,370,386,23,43,76,76,105,176,176,186,186,196,225,225,225],"floor_reached":51,"playtime":2137,"items_purged":["Strike_R"],"score":1206,"play_id":"ec3f30b2-c1ef-4cfc-ac9f-44eff1541456","local_time":"20201226004813","is_ascension_mode":true,"campfire_choices":[{"data":"Blood for Blood","floor":6.0,"key":"SMITH"},{"data":"Seeing Red","floor":15.0,"key":"SMITH"},{"floor":27.0,"key":"REST"},{"floor":29.0,"key":"REST"},{"data":"Exhume","floor":32,"key":"SMITH"},{"data":"Barricade","floor":44,"key":"SMITH"},{"data":"Body Slam","floor":49,"key":"SMITH"}],"circlet_count":0,"master_deck":["Strike_R","Strike_R","Strike_R","Defend_R","Defend_R","Bash","Cleave","Exhume+1","Wild Strike","Blood for Blood+1","Battle Trance","Sever Soul","Shrug It Off","Bloodletting","Power Through+1","Seeing Red+1","Barricade+1","Infernal Blade+1","Inflame+1","True Grit+1","Pummel","Metallicize","Body Slam+1","Thunderclap","Parasite","Havoc","Fire Breathing","Dramatic Entrance","Havoc+1","Pummel+1"],"relics":["Black Blood","Juzu Bracelet","Strange Spoon","Magic Flower","Champion Belt","Thread and Needle","Busted Crown","Dead Branch","Orrery","Sundial","Mummified Hand","Paper Frog","Bag of Marbles","Nunchaku","Ornamental Fan","Bird Faced Urn","Toxic Egg 2","Bronze Scales"],"acts_visited":["Exordium","TheCity","TheBeyond"],"potions_floor_usage":[37,40,40,42,48,50],"damage_taken":[{"damage":6.0,"enemies":"Cultist","floor":1.0,"turns":3.0},{"damage":1.0,"enemies":"2 Louse","floor":2.0,"turns":2.0},{"damage":5.0,"enemies":"Small Slimes","floor":3.0,"turns":3.0},{"damage":7.0,"enemies":"3 Louse","floor":4.0,"turns":3.0},{"damage":11.0,"enemies":"Looter","floor":5.0,"turns":2.0},{"damage":6.0,"enemies":"3 Sentries","floor":7.0,"turns":7.0},{"damage":25.0,"enemies":"Lagavulin","floor":10.0,"turns":6.0},{"damage":0.0,"enemies":"Large Slime","floor":12.0,"turns":4.0},{"damage":12.0,"enemies":"3 Sentries","floor":13.0,"turns":5.0},{"damage":9.0,"enemies":"Slime Boss","floor":16.0,"turns":12.0},{"damage":25.0,"enemies":"2 Thieves","floor":18.0,"turns":4.0},{"damage":6.0,"enemies":"Spheric Guardian","floor":20.0,"turns":8.0},{"damage":11.0,"enemies":"Centurion and Healer","floor":21.0,"turns":7.0},{"damage":16.0,"enemies":"Cultist and Chosen","floor":22.0,"turns":6.0},{"damage":15.0,"enemies":"Book of Stabbing","floor":23.0,"turns":4.0},{"damage":22.0,"enemies":"Gremlin Leader","floor":25.0,"turns":5.0},{"damage":20.0,"enemies":"Slavers","floor":28.0,"turns":6.0},{"damage":13,"enemies":"Book of Stabbing","floor":30,"turns":3},{"damage":13,"enemies":"Snake Plant","floor":31,"turns":4},{"damage":18,"enemies":"Champ","floor":33,"turns":7},{"damage":4,"enemies":"Orb Walker","floor":35,"turns":2},{"damage":0,"enemies":"3 Shapes","floor":36,"turns":2},{"damage":30,"enemies":"Writhing Mass","floor":37,"turns":6},{"damage":11,"enemies":"Maw","floor":39,"turns":6},{"damage":54,"enemies":"Giant Head","floor":40,"turns":8},{"damage":0,"enemies":"Reptomancer","floor":42,"turns":5},{"damage":17,"enemies":"Sphere and 2 Shapes","floor":45,"turns":4},{"damage":2,"enemies":"Jaw Worm Horde","floor":47,"turns":3},{"damage":22,"enemies":"Nemesis","floor":48,"turns":9},{"damage":73,"enemies":"Donu and Deca","floor":50,"turns":8}],"seed_played":"-1243230887521969717","potions_obtained":[{"floor":3.0,"key":"AttackPotion"},{"floor":4.0,"key":"HeartOfIron"},{"floor":7.0,"key":"GamblersBrew"},{"floor":10.0,"key":"ColorlessPotion"},{"floor":13.0,"key":"FearPotion"},{"floor":20.0,"key":"DuplicationPotion"},{"floor":22.0,"key":"LiquidMemories"},{"floor":30,"key":"DistilledChaos"},{"floor":31,"key":"LiquidBronze"},{"floor":39,"key":"BloodPotion"},{"floor":40,"key":"Regen Potion"},{"floor":42,"key":"Dexterity Potion"},{"floor":45,"key":"Explosive Potion"}],"is_trial":false,"path_per_floor":["M","M","M","M","M","R","E","$","T","E","?","M","E","?","R","B",null,"M","?","M","M","M","E","$","E","T","R","E","R","E","M","R","B",null,"M","M","M","$","M","E","?","E","T","R","M","?","M","E","R","B",null],"character_chosen":"IRONCLAD","items_purchased":["Strange Spoon","Orrery","Havoc","Fire Breathing","Nunchaku"],"campfire_rested":2,"item_purchase_floors":[8,24,38,38,38],"current_hp_per_floor":[51,56,57,56,51,51,51,51,51,35,35,44,41,61,61,61,75,59,59,62,60,53,47,47,34,34,58,47,71,67,63,63,54,74,80,80,68,68,75,63,58,80,80,80,80,80,80,80,80,52],"gold":225,"neow_bonus":"TRANSFORM_TWO_CARDS","is_daily":false,"chose_seed":false,"campfire_upgraded":5,"win_rate":0.0,"timestamp":1608911293,"path_taken":["M","M","M","M","M","R","E","?","T","E","?","M","E","?","R","BOSS","M","?","M","M","M","E","$","E","T","R","E","R","E","M","R","BOSS","M","M","M","$","M","E","?","E","T","R","M","?","M","E","R","BOSS"],"items_purchased_type":["Relic","Relic","Card","Card","Relic"],"build_version":"2020-12-13","purchased_purges":1,"victory":true,"max_hp_per_floor":[80,80,80,80,80,80,80,80,80,80,80,80,80,80,80,80,80,80,80,80,80,80,80,80,80,80,80,80,80,80,80,80,80,80,80,80,80,80,80,80,80,80,80,80,80,80,80,80,80,80],"relic_stats":{"counters":[30,154],"Dead Branch":[96],"Black Blood":277,"Magic Flower":[94],"Juzu Bracelet":1,"Strange Spoon":[72],"Nunchaku":[11],"Busted Crown":52,"Sundial":[4],"Mummified Hand":[69],"Ornamental Fan":[68],"Bird Faced Urn":[49],"Bronze Scales":[18],"Champion Belt":[54],"obtain_stats":[{"Dead Branch":23,"Magic Flower":9,"Black Blood":34,"Thread and Needle":13,"Juzu Bracelet":7,"Burning Blood":0,"Strange Spoon":8,"Nunchaku":38,"Busted Crown":17,"Sundial":25,"Mummified Hand":26,"Ornamental Fan":40,"Bird Faced Urn":42,"Bronze Scales":48,"Orrery":24,"Bag of Marbles":30,"Champion Belt":10,"Toxic Egg 2":43,"Paper Frog":28},{"Dead Branch":15,"Magic Flower":6,"Black Blood":20,"Thread and Needle":9,"Juzu Bracelet":6,"Burning Blood":0,"Strange Spoon":6,"Nunchaku":23,"Busted Crown":10,"Sundial":16,"Mummified Hand":16,"Ornamental Fan":25,"Bird Faced Urn":26,"Bronze Scales":29,"Orrery":15,"Bag of Marbles":18,"Champion Belt":7,"Toxic Egg 2":26,"Paper Frog":17},{"Dead Branch":76,"Magic Flower":20,"Black Blood":101,"Thread and Needle":35,"Juzu Bracelet":20,"Burning Blood":0,"Strange Spoon":20,"Nunchaku":111,"Busted Crown":47,"Sundial":81,"Mummified Hand":81,"Ornamental Fan":125,"Bird Faced Urn":130,"Bronze Scales":146,"Orrery":76,"Bag of Marbles":90,"Champion Belt":26,"Toxic Egg 2":130,"Paper Frog":87}]},"card_choices":[{"not_picked":["Perfected Strike","Inflame"],"picked":"Wild Strike","floor":1.0},{"not_picked":["Wild Strike","Clash"],"picked":"Blood for Blood","floor":2.0},{"not_picked":["Pummel","Perfected Strike"],"picked":"Battle Trance","floor":3.0},{"not_picked":["Havoc","Dropkick"],"picked":"Sever Soul","floor":4.0},{"not_picked":["Pommel Strike","Uppercut"],"picked":"Shrug It Off","floor":5.0},{"not_picked":["Armaments","Havoc"],"picked":"Bloodletting","floor":7.0},{"not_picked":["Brutality","Heavy Blade"],"picked":"Power Through","floor":10.0},{"not_picked":["Flex","Entrench"],"picked":"True Grit","floor":12.0},{"not_picked":["Pommel Strike","Blood for Blood"],"picked":"Seeing Red","floor":13.0},{"not_picked":["Impervious","Juggernaut"],"picked":"Barricade","floor":16.0},{"not_picked":["Iron Wave"],"picked":"SKIP","floor":18.0},{"not_picked":[],"picked":"Infernal Blade+1","floor":20.0},{"not_picked":[],"picked":"Inflame+1","floor":21.0},{"not_picked":["Sever Soul+1"],"picked":"SKIP","floor":22.0},{"not_picked":["Wild Strike"],"picked":"SKIP","floor":23.0},{"not_picked":[],"picked":"True Grit+1","floor":24.0},{"not_picked":[],"picked":"Pummel","floor":24.0},{"not_picked":[],"picked":"Metallicize","floor":24.0},{"not_picked":[],"picked":"Body Slam","floor":24.0},{"not_picked":["Clash"],"picked":"SKIP","floor":25.0},{"not_picked":[],"picked":"Thunderclap","floor":28.0},{"not_picked":["Pommel Strike"],"picked":"SKIP","floor":30},{"not_picked":["Bludgeon"],"picked":"SKIP","floor":31},{"not_picked":["Twin Strike+1"],"picked":"SKIP","floor":35},{"not_picked":["Clothesline"],"picked":"SKIP","floor":36},{"not_picked":["Iron Wave"],"picked":"SKIP","floor":37},{"not_picked":["Clash"],"picked":"SKIP","floor":39},{"not_picked":["Flex"],"picked":"SKIP","floor":40},{"not_picked":[],"picked":"Dramatic Entrance","floor":41},{"not_picked":["Cleave+1"],"picked":"SKIP","floor":42},{"not_picked":[],"picked":"Havoc+1","floor":45},{"not_picked":["Searing Blow"],"picked":"SKIP","floor":47},{"not_picked":[],"picked":"Pummel+1","floor":48}],"player_experience":426770,"relics_obtained":[{"floor":7.0,"key":"Juzu Bracelet"},{"floor":9.0,"key":"Magic Flower"},{"floor":10.0,"key":"Champion Belt"},{"floor":13.0,"key":"Thread and Needle"},{"floor":23.0,"key":"Dead Branch"},{"floor":25.0,"key":"Sundial"},{"floor":26.0,"key":"Mummified Hand"},{"floor":28.0,"key":"Paper Frog"},{"floor":30,"key":"Bag of Marbles"},{"floor":40,"key":"Ornamental Fan"},{"floor":42,"key":"Bird Faced Urn"},{"floor":43,"key":"Toxic Egg 2"},{"floor":48,"key":"Bronze Scales"}],"event_choices":[{"damage_healed":0.0,"max_hp_gain":0.0,"max_hp_loss":0.0,"gold_gain":0.0,"event_name":"Accursed Blacksmith","player_choice":"Forge","floor":11.0,"gold_loss":0.0,"damage_taken":0.0,"cards_upgraded":["Power Through"]},{"damage_healed":20.0,"max_hp_gain":0.0,"max_hp_loss":0.0,"gold_gain":0.0,"event_name":"The Cleric","player_choice":"Healed","floor":14.0,"gold_loss":35.0,"damage_taken":0.0},{"cards_removed":["Strike_R"],"damage_healed":0.0,"max_hp_gain":0.0,"max_hp_loss":0.0,"gold_gain":0.0,"event_name":"Back to Basics","player_choice":"Elegance","floor":19.0,"gold_loss":0.0,"damage_taken":0.0},{"damage_healed":0,"gold_gain":0,"player_choice":"Memory 2","damage_taken":5,"max_hp_gain":0,"max_hp_loss":0,"event_name":"SensoryStone","floor":41,"gold_loss":0},{"cards_removed":["True Grit"],"damage_healed":0,"gold_gain":0,"player_choice":"Removed Skill","damage_taken":0,"max_hp_gain":0,"max_hp_loss":0,"event_name":"Falling","floor":46,"gold_loss":0}],"is_beta":false,"boss_relics":[{"not_picked":["Runic Dome","Runic Pyramid"],"picked":"Busted Crown"},{"not_picked":["Calling Bell","Coffee Dripper"],"picked":"Black Blood"}],"items_purged_floors":[38],"is_endless":false,"potions_floor_spawned":[3,4,7,10,13,20,22,30,31,39,40,42,45],"ascension_level":6}}