{"host":"vc42n08di9czm3e7","time":1608920388,"event":{"mods":["AchievementEnabler","Act Like it!","BaseMod","Colored Powertips","Downfall","Friendly Minions","GifTheSpireLib","Minty Spire (QoL Compilation)","Rare Cards Sparkle","StSLib"],"gold_per_floor":[114,114,130,25,44,77,97,114,138,213,243,0,0,12,12,110,110,124,140,22,22,39,71,84,84,84,95,114,114,131,143,143,243,243,259,116,133,150,165,165,165],"floor_reached":40,"playtime":2498,"items_purged":["Strike_G"],"score":451,"play_id":"10736389-a96b-40ce-b138-267800661e18","local_time":"20201225131948","is_ascension_mode":false,"campfire_choices":[{"data":"Noxious Fumes","floor":13,"key":"SMITH"},{"data":"Skewer","floor":15,"key":"SMITH"},{"floor":25,"key":"REST"},{"floor":29,"key":"REST"},{"data":"Footwork","floor":32,"key":"SMITH"}],"circlet_count":0,"master_deck":["Strike_G","Strike_G","Strike_G","Strike_G","Defend_G","Defend_G","Defend_G","Defend_G","Defend_G","Survivor","Neutralize","Finisher+1","Skewer+1","Noxious Fumes+1","Blur","Cloak And Dagger","Backstab","Dagger Throw+1","Bouncing Flask","Blur","Caltrops","Deadly Poison","Infinite Blades","After Image","Acrobatics+1","Backflip","Footwork+1","Backstab","Cloak And Dagger+1","PiercingWail","Escape Plan","PiercingWail","Blur","Setup+1","Backflip","Blade Dance","Unload","Cloak And Dagger","Calculated Gamble","PiercingWail+1"],"relics":["Ring of the Snake","NeowsBlessing","Lizard Tail","MealTicket","Dream Catcher","Lantern","expansioncontent:StudyCardRelic","Whetstone","Ninja Scroll","WristBlade"],"acts_visited":["Exordium","TheCity","TheBeyond"],"potions_floor_usage":[6,24,27,30,33,33,39,40,40,40],"damage_taken":[{"damage":0,"enemies":"Small Slimes","floor":1,"turns":1},{"damage":0,"enemies":"2 Louse","floor":3,"turns":1},{"damage":0,"enemies":"Cultist","floor":5,"turns":1},{"damage":15,"enemies":"3 Sentries","floor":6,"turns":8},{"damage":5,"enemies":"Exordium Wildlife","floor":7,"turns":4},{"damage":0,"enemies":"Gremlin Gang","floor":8,"turns":5},{"damage":14,"enemies":"Gremlin Nob","floor":11,"turns":4},{"damage":0,"enemies":"3 Louse","floor":14,"turns":3},{"damage":23,"enemies":"Slime Boss","floor":16,"turns":10},{"damage":2,"enemies":"Shell Parasite","floor":18,"turns":5},{"damage":8,"enemies":"3 Byrds","floor":19,"turns":4},{"damage":12,"enemies":"Shelled Parasite and Fungi","floor":22,"turns":6},{"damage":28,"enemies":"Slavers","floor":23,"turns":5},{"damage":26,"enemies":"Snake Plant","floor":24,"turns":4},{"damage":10,"enemies":"Centurion and Healer","floor":27,"turns":6},{"damage":7,"enemies":"Shelled Parasite and Fungi","floor":28,"turns":5},{"damage":0,"enemies":"Snecko","floor":30,"turns":2},{"damage":1,"enemies":"Centurion and Healer","floor":31,"turns":6},{"damage":55,"enemies":"Collector","floor":33,"turns":11},{"damage":0,"enemies":"Orb Walker","floor":35,"turns":1},{"damage":9,"enemies":"3 Shapes","floor":37,"turns":2},{"damage":9,"enemies":"Jaw Worm Horde","floor":38,"turns":4},{"damage":9,"enemies":"3 Darklings","floor":39,"turns":4},{"damage":62,"enemies":"Reptomancer","floor":40,"turns":4}],"seed_played":"2673394218452209109","potions_obtained":[{"floor":3,"key":"Dexterity Potion"},{"floor":6,"key":"Strength Potion"},{"floor":16,"key":"Slimebound:ThreeZeroPotion"},{"floor":22,"key":"Energy Potion"},{"floor":27,"key":"EssenceOfSteel"},{"floor":28,"key":"CunningPotion"},{"floor":33,"key":"Regen Potion"},{"floor":37,"key":"GamblersBrew"},{"floor":38,"key":"Fruit Juice"},{"floor":39,"key":"EntropicBrew"}],"is_trial":false,"path_per_floor":["M","?","M","$","M","E","M","M","T","?","E","$","R","M","R","B",null,"M","M","$","?","M","E","M","R","T","M","M","R","M","M","R","B",null,"M","$","M","M","M","E"],"character_chosen":"THE_SILENT","items_purchased":["Noxious Fumes","Blur","Lantern","Caltrops","Deadly Poison","Footwork","Backstab","Calculated Gamble"],"campfire_rested":2,"item_purchase_floors":[4,4,12,12,12,20,20,36],"current_hp_per_floor":[70,70,70,70,70,55,50,50,50,39,25,40,40,40,40,17,70,68,60,70,70,58,30,4,25,25,15,8,29,29,28,28,27,70,70,70,61,52,55,0,0],"gold":165,"neow_bonus":"THREE_ENEMY_KILL","is_daily":false,"chose_seed":false,"campfire_upgraded":3,"win_rate":0.0,"timestamp":1608920388,"path_taken":["M","?","M","$","M","E","M","M","T","?","E","$","R","M","R","BOSS","M","M","$","?","M","E","M","R","T","M","M","R","?","M","R","BOSS","M","$","M","M","M","E"],"items_purchased_type":["Card","Card","Relic","Card","Card","Card","Card","Card"],"build_version":"2020-12-22","purchased_purges":1,"victory":false,"max_hp_per_floor":[70,70,70,70,70,70,70,70,70,70,70,70,70,70,70,70,70,70,70,70,70,70,70,70,70,70,70,70,70,70,70,70,70,70,70,70,70,70,70,75,75],"card_choices":[{"not_picked":["Deadly Poison","Bane"],"picked":"Finisher","floor":1},{"not_picked":["Eviscerate","Flying Knee"],"picked":"Skewer","floor":3},{"not_picked":["Blur","Noxious Fumes"],"picked":"Cloak And Dagger","floor":5},{"not_picked":["All Out Attack","Underhanded Strike"],"picked":"Backstab","floor":6},{"not_picked":["Distraction","Expertise"],"picked":"Dagger Throw","floor":7},{"not_picked":["Dodge and Roll","Poisoned Stab"],"picked":"Bouncing Flask","floor":8},{"not_picked":["Skewer","Malaise"],"picked":"Blur","floor":11},{"not_picked":["Quick Slash","Blade Dance"],"picked":"Infinite Blades","floor":14},{"not_picked":["Bullet Time","Tools of the Trade"],"picked":"After Image","floor":16},{"not_picked":["Terror","Endless Agony"],"picked":"Acrobatics+1","floor":18},{"not_picked":["Outmaneuver","Deadly Poison"],"picked":"Backflip","floor":19},{"not_picked":["Poisoned Stab","Quick Slash"],"picked":"Cloak And Dagger+1","floor":22},{"not_picked":["Calculated Gamble","Reflex"],"picked":"PiercingWail","floor":23},{"not_picked":["Sucker Punch","Backflip"],"picked":"Escape Plan","floor":24},{"not_picked":["Dodge and Roll","Malaise"],"picked":"PiercingWail","floor":25},{"not_picked":["Dodge and Roll","Prepared"],"picked":"Blur","floor":27},{"not_picked":["Escape Plan","Dagger Throw"],"picked":"Setup+1","floor":28},{"not_picked":["Outmaneuver","Noxious Fumes"],"picked":"Backflip","floor":29},{"not_picked":["Acrobatics","Eviscerate+1"],"picked":"Blade Dance","floor":30},{"not_picked":["Grand Finale","Predator","Bane"],"picked":"SKIP","floor":31},{"not_picked":["Corpse Explosion","Bullet Time"],"picked":"Unload","floor":33},{"not_picked":["PiercingWail+1","Slice"],"picked":"Cloak And Dagger","floor":35},{"not_picked":["Acrobatics+1","Finisher+1","Backflip"],"picked":"SKIP","floor":37},{"not_picked":["Dagger Throw","Riddle With Holes+1","Well Laid Plans+1"],"picked":"SKIP","floor":38},{"not_picked":["Dash","Well Laid Plans+1"],"picked":"PiercingWail+1","floor":39}],"player_experience":223463,"relics_obtained":[{"floor":6,"key":"Lizard Tail"},{"floor":9,"key":"MealTicket"},{"floor":11,"key":"Dream Catcher"},{"floor":23,"key":"Whetstone"},{"floor":26,"key":"Ninja Scroll"}],"event_choices":[{"damage_healed":0,"gold_gain":0,"player_choice":"Ignored","damage_taken":0,"max_hp_gain":0,"max_hp_loss":0,"event_name":"Golden Wing","floor":2,"gold_loss":0},{"damage_healed":0,"gold_gain":75,"player_choice":"Gather Gold","damage_taken":11,"max_hp_gain":0,"max_hp_loss":0,"event_name":"World of Goop","floor":10,"gold_loss":0},{"damage_healed":0,"gold_gain":0,"player_choice":"Full Heal","damage_taken":0,"max_hp_gain":0,"max_hp_loss":0,"event_name":"Wheel of Change","floor":21,"gold_loss":0}],"is_beta":false,"boss_relics":[{"not_picked":["SacredBark","Philosopher\u0027s Stone"],"picked":"expansioncontent:StudyCardRelic"},{"not_picked":["Runic Pyramid","SlaversCollar"],"picked":"WristBlade"}],"items_purged_floors":[36],"is_endless":false,"potions_floor_spawned":[3,6,16,22,23,27,28,33,37,38,39],"killed_by":"Reptomancer","ascension_level":0}}