{"host":"baymyijz6sxaqj5s","time":1608881412,"event":{"mods":["AchievementEnabler","BaseMod","Colored Map","Colored Powertips","DeckTracker","KOR Keyword Fix","Keyboard Shortcuts","Minty Spire (QoL Compilation)","Quick Restart","StSLib","SuperFastMode"],"gold_per_floor":[115,115,132,147,160,187,187,187,210,210,210,58,74,74,74,174,174,185,201,251,270,283,283,283],"floor_reached":23,"playtime":839,"items_purged":["Strike_G"],"score":203,"play_id":"50aa285d-c9bd-46a7-89af-47123f6239f9","local_time":"20201225163012","is_ascension_mode":true,"campfire_choices":[{"data":"Noxious Fumes","floor":7,"key":"SMITH"},{"data":"Dash","floor":10,"key":"SMITH"},{"data":"Blur","floor":15,"key":"SMITH"}],"circlet_count":0,"master_deck":["Strike_G","Strike_G","Strike_G","Strike_G","Defend_G+1","Defend_G","Defend_G","Defend_G","Survivor+1","Neutralize","Outmaneuver","Noxious Fumes+1","Backflip","Dash+1","Quick Slash","A Thousand Cuts","Blur+1","Dagger Spray+1","Poisoned Stab","Bouncing Flask+1"],"relics":["Ring of the Snake","Lantern","MealTicket","Runic Pyramid"],"acts_visited":["Exordium","TheCity"],"potions_floor_usage":[6,6,16,18,19,22,23],"damage_taken":[{"damage":0,"enemies":"Small Slimes","floor":1,"turns":5},{"damage":2,"enemies":"Jaw Worm","floor":3,"turns":4},{"damage":1,"enemies":"2 Louse","floor":4,"turns":5},{"damage":0,"enemies":"Blue Slaver","floor":5,"turns":6},{"damage":5,"enemies":"Lagavulin","floor":6,"turns":8},{"damage":0,"enemies":"Looter","floor":13,"turns":3},{"damage":21,"enemies":"Hexaghost","floor":16,"turns":11},{"damage":15,"enemies":"Spheric Guardian","floor":18,"turns":6},{"damage":9,"enemies":"2 Thieves","floor":19,"turns":4},{"damage":10,"enemies":"Snake Plant","floor":21,"turns":6},{"damage":0,"enemies":"Centurion and Healer","floor":22,"turns":6},{"damage":55,"enemies":"Gremlin Leader","floor":23,"turns":8}],"seed_played":"-2170512622913205362","potions_obtained":[{"floor":1,"key":"Energy Potion"},{"floor":4,"key":"Explosive Potion"},{"floor":5,"key":"Swift Potion"},{"floor":13,"key":"Dexterity Potion"},{"floor":16,"key":"Dexterity Potion"},{"floor":21,"key":"AttackPotion"},{"floor":22,"key":"ColorlessPotion"}],"is_trial":false,"path_per_floor":["M","?","M","M","M","E","R","?","T","R","?","$","M","$","R","B",null,"M","M","?","M","M","E"],"character_chosen":"THE_SILENT","items_purchased":["Blur"],"campfire_rested":0,"item_purchase_floors":[12],"current_hp_per_floor":[77,62,60,59,59,54,54,54,54,54,54,69,69,77,77,56,77,62,53,53,43,43,0,0],"gold":283,"neow_bonus":"TEN_PERCENT_HP_BONUS","is_daily":false,"chose_seed":false,"campfire_upgraded":3,"win_rate":0.0,"timestamp":1608881412,"path_taken":["M","?","M","M","M","E","R","?","T","R","?","?","M","$","R","BOSS","M","M","?","?","M","E"],"items_purchased_type":["Card"],"build_version":"2020-12-22","purchased_purges":1,"victory":false,"max_hp_per_floor":[77,77,77,77,77,77,77,77,77,77,77,77,77,77,77,77,77,77,77,77,77,77,77,77],"card_choices":[{"not_picked":["Escape Plan","Reflex"],"picked":"Outmaneuver","floor":1},{"not_picked":["Infinite Blades","Dagger Spray"],"picked":"Noxious Fumes","floor":3},{"not_picked":["Deflect","Riddle With Holes"],"picked":"Backflip","floor":4},{"not_picked":["Flying Knee","Escape Plan"],"picked":"Dash","floor":5},{"not_picked":["Eviscerate","Night Terror"],"picked":"Quick Slash","floor":6},{"not_picked":["Acrobatics","Outmaneuver","PiercingWail"],"picked":"SKIP","floor":13},{"not_picked":["Riddle With Holes","Calculated Gamble"],"picked":"Dagger Spray+1","floor":18},{"not_picked":["Footwork","Outmaneuver"],"picked":"Poisoned Stab","floor":19},{"not_picked":["All Out Attack","Quick Slash"],"picked":"Bouncing Flask+1","floor":21},{"not_picked":["Terror","Outmaneuver+1","Footwork+1"],"picked":"SKIP","floor":22}],"player_experience":232471,"relics_obtained":[{"floor":6,"key":"Lantern"},{"floor":9,"key":"MealTicket"}],"event_choices":[{"damage_healed":0,"gold_gain":0,"player_choice":"Entered Light","damage_taken":15,"max_hp_gain":0,"max_hp_loss":0,"event_name":"Shining Light","floor":2,"gold_loss":0,"cards_upgraded":["Defend_G","Survivor"]},{"damage_healed":0,"gold_gain":0,"player_choice":"Ignored","damage_taken":0,"max_hp_gain":0,"max_hp_loss":0,"event_name":"Golden Idol","floor":8,"gold_loss":0},{"damage_healed":0,"gold_gain":0,"cards_transformed":["Defend_G"],"player_choice":"Change","damage_taken":0,"max_hp_gain":0,"max_hp_loss":0,"event_name":"Living Wall","floor":11,"gold_loss":0,"cards_obtained":["A Thousand Cuts"]},{"damage_healed":0,"gold_gain":100,"player_choice":"Bet on Murderer","damage_taken":0,"max_hp_gain":0,"max_hp_loss":0,"event_name":"The Joust","floor":20,"gold_loss":50}],"is_beta":false,"boss_relics":[{"not_picked":["Calling Bell","Tiny House"],"picked":"Runic Pyramid"}],"items_purged_floors":[12],"is_endless":false,"potions_floor_spawned":[1,4,5,13,16,21,22],"killed_by":"Gremlin Leader","ascension_level":1}}