{"host":"ordt8z0j7vbct84d","time":1608900932,"event":{"mods":["AchievementEnabler","Act Like it!","Bard","BaseMod","Better Altar","Better Note","Better Sensory Stone","Better Skull","Better Vampires","CapriCore","Colored Map","Colored Powertips","Conspire","Downfall","Gensokyo","Hermit","Highlight Path","Hubris","Infinite Spire","Jorbs\u0027s Wanderer Trilogy","KomeijiMod","Lobotomy","LobotomyExtend","Marisa????????","Minty Spire (QoL Compilation)","Rare Cards Sparkle","Reimu??????","Replay The Spire","Robot Space Explorer","StSLib","The Animator","The Gatherer","The Immortal","The Runesmith","TheVelvet","Waifu the Spire","WarShipGirlsR/????R mod"],"gold_per_floor":[111,125,142,42,57,57,57,57,132,132,183,217,217,47,47,143,143,163,163,163,163,163,163,196,196,196,156,31,31,51,51,51,150,150,167,167,0,16,16,16,33,70,120,146,146,169,169,131,131,131,131],"floor_reached":52,"playtime":4276,"items_purged":["RobotSpaceExplorer:Defend","RobotSpaceExplorer:Defend","RobotSpaceExplorer:Strike","RobotSpaceExplorer:Strike"],"score":842,"play_id":"eed87dce-3239-4c7a-a50f-bfe6f427297f","local_time":"20201225205532","is_ascension_mode":false,"campfire_choices":[{"data":"RobotSpaceExplorer:BigMissile","floor":6,"key":"SMITH"},{"data":"RobotSpaceExplorer:Fix","floor":8,"key":"SMITH"},{"floor":15,"key":"REST"},{"data":"RobotSpaceExplorer:Fix","floor":23,"key":"SMITH"},{"floor":25,"key":"REST"},{"data":"RobotSpaceExplorer:Blaster","floor":29,"key":"SMITH"},{"floor":32,"key":"REST"},{"floor":40,"key":"REST"},{"data":"RobotSpaceExplorer:Autoloader","floor":45,"key":"SMITH"},{"data":"RobotSpaceExplorer:DroneSwarm","floor":47,"key":"SMITH"}],"circlet_count":0,"master_deck":["RobotSpaceExplorer:Strike","RobotSpaceExplorer:Strike","RobotSpaceExplorer:Defend","RobotSpaceExplorer:Scan","RobotSpaceExplorer:MiniLasers","RobotSpaceExplorer:BigMissile+1","RobotSpaceExplorer:MiniDrones","RobotSpaceExplorer:SurgingShield","RobotSpaceExplorer:Fix+1","RobotSpaceExplorer:SurgingShield","RobotSpaceExplorer:FranticSearch+1","RobotSpaceExplorer:HighVoltage","RobotSpaceExplorer:MakeshiftVolley","RobotSpaceExplorer:Multitool+1","RobotSpaceExplorer:FrostMissile+1","RobotSpaceExplorer:Fix+1","RitualDagger","RobotSpaceExplorer:ShovelStrike","RobotSpaceExplorer:FranticSearch","RobotSpaceExplorer:Jetpack","RobotSpaceExplorer:FreezeRay","RobotSpaceExplorer:SlimeMissile","RobotSpaceExplorer:Blaster+1","RobotSpaceExplorer:MiniDrones","RobotSpaceExplorer:DroneSwarm+1","RobotSpaceExplorer:Probe+1","RobotSpaceExplorer:MetalStrike+1","RobotSpaceExplorer:SurgingStrike+1","RobotSpaceExplorer:Autoloader+1","Parasite","RobotSpaceExplorer:DroneSwarm","RobotSpaceExplorer:ToxicBomb"],"relics":["RobotSpaceExplorer:RoboCore","infinitespire:EmpoweringShard","Runesmith:AutoHammer","Juzu Bracelet","Replay:Bottled Snecko","hubris:TerracottaHorce","Nloth\u0027s Gift","PreservedInsect","LetterFromLob","Tiny Chest","hubris:HollowSoul","infinitespire:EvilPickle","Replay:WaspNest","Red Mask","Replay:Wax Seal","RobotSpaceExplorer:FoglandsKnife","ReplayTheSpireMod:Lightbulb"],"acts_visited":["Exordium","TheCity","TheBeyond"],"potions_floor_usage":[18,39,50],"damage_taken":[{"damage":8,"enemies":"infinitespire:Voidling","floor":1,"turns":4},{"damage":0,"enemies":"Cultist","floor":2,"turns":3},{"damage":0,"enemies":"2 Louse","floor":3,"turns":2},{"damage":10,"enemies":"Exordium Thugs","floor":5,"turns":5},{"damage":11,"enemies":"Gremlin Nob","floor":12,"turns":3},{"damage":20,"enemies":"The Guardian","floor":16,"turns":7},{"damage":0,"enemies":"3 Byrds","floor":18,"turns":2},{"damage":43,"enemies":"Slavers","floor":24,"turns":4},{"damage":0,"enemies":"2 Thieves","floor":30,"turns":2},{"damage":45,"enemies":"Pondfish","floor":33,"turns":10},{"damage":13,"enemies":"3 Shapes","floor":35,"turns":4},{"damage":23,"enemies":"3 Darklings","floor":38,"turns":4},{"damage":0,"enemies":"Sphere and 2 Shapes","floor":39,"turns":1},{"damage":7,"enemies":"Jaw Worm Horde","floor":41,"turns":5},{"damage":2,"enemies":"R_Hoarder","floor":42,"turns":8},{"damage":8,"enemies":"Writhing Mass","floor":46,"turns":4},{"damage":67,"enemies":"Time Eater","floor":50,"turns":8}],"seed_played":"1812822120741202744","potions_obtained":[{"floor":3,"key":"GamblersBrew"},{"floor":5,"key":"Explosive Potion"},{"floor":24,"key":"SmokeBomb"},{"floor":42,"key":"Venom Potion"},{"floor":46,"key":"Elixir"}],"is_trial":false,"path_per_floor":["M","M","M","$","M","R","$","R","T","M","T","E","?","$","R","B",null,"M","?","?","?","?","R","E","R","T","?","$","R","M","$","R","B",null,"M","AVR","?","M","M","R","M","E","T","T","R","M","R","$","R_BF","B",null,null],"character_chosen":"RobotSpaceExplorer","items_purchased":["RobotSpaceExplorer:SurgingShield","RobotSpaceExplorer:MakeshiftVolley","RobotSpaceExplorer:ToxicBomb"],"campfire_rested":4,"item_purchase_floors":[4,14,48],"current_hp_per_floor":[67,67,67,67,61,61,61,61,61,61,61,50,50,50,72,55,70,75,75,75,75,69,69,38,60,60,60,60,60,60,60,75,42,67,66,66,66,49,49,71,75,74,74,74,74,67,67,67,75,20,20],"gold":131,"neow_bonus":"THREE_CARDS","is_daily":false,"chose_seed":false,"campfire_upgraded":6,"win_rate":0.0,"timestamp":1608900932,"path_taken":["M","?","M","$","M","R","?","R","T","M","?","E","?","$","R","BOSS","M","?","?","?","?","R","E","R","T","?","?","R","M","$","R","BOSS","M","AVR","?","M","M","R","M","E","T","?","R","M","R","$","R_BF","BOSS"],"items_purchased_type":["Card","Card","Card"],"build_version":"2020-12-22","purchased_purges":4,"victory":true,"max_hp_per_floor":[75,75,75,75,75,75,75,75,75,75,75,75,75,75,75,75,75,75,75,75,75,75,75,75,75,75,75,75,75,75,75,75,75,75,75,75,75,75,75,75,75,75,75,75,75,75,75,75,75,75,75],"card_choices":[{"not_picked":["RobotSpaceExplorer:ShockKick","RobotSpaceExplorer:Ammunition"],"picked":"RobotSpaceExplorer:BigMissile","floor":0},{"not_picked":["RobotSpaceExplorer:SlimeMissile","RobotSpaceExplorer:ShovelStrike"],"picked":"RobotSpaceExplorer:MiniDrones","floor":1},{"not_picked":["RobotSpaceExplorer:FranticSearch","RobotSpaceExplorer:StunGrenade"],"picked":"RobotSpaceExplorer:SurgingShield","floor":2},{"not_picked":["RobotSpaceExplorer:SelfCleaning","RobotSpaceExplorer:Blitz"],"picked":"RobotSpaceExplorer:Fix","floor":3},{"not_picked":["RobotSpaceExplorer:ImprovisedAttack","RobotSpaceExplorer:JunkDive"],"picked":"RobotSpaceExplorer:FranticSearch","floor":5},{"not_picked":["RobotSpaceExplorer:GlueSpray","RobotSpaceExplorer:FreezeRay"],"picked":"RobotSpaceExplorer:HighVoltage","floor":12},{"not_picked":["RobotSpaceExplorer:ChargingLaser","RobotSpaceExplorer:Blaster"],"picked":"RobotSpaceExplorer:Multitool","floor":16},{"not_picked":["RobotSpaceExplorer:Pulsar","RobotSpaceExplorer:ShovelStrike"],"picked":"RobotSpaceExplorer:FrostMissile+1","floor":18},{"not_picked":["RobotSpaceExplorer:Exploration","RobotSpaceExplorer:SwiftStep+1"],"picked":"RobotSpaceExplorer:ShovelStrike","floor":24},{"not_picked":[],"picked":"RobotSpaceExplorer:FranticSearch","floor":27},{"not_picked":[],"picked":"RobotSpaceExplorer:Jetpack","floor":27},{"not_picked":[],"picked":"RobotSpaceExplorer:FreezeRay","floor":27},{"not_picked":[],"picked":"RobotSpaceExplorer:SlimeMissile","floor":27},{"not_picked":[],"picked":"RobotSpaceExplorer:Blaster","floor":27},{"not_picked":["RobotSpaceExplorer:PowerGlove","RobotSpaceExplorer:ScrapMissile"],"picked":"RobotSpaceExplorer:MiniDrones","floor":30},{"not_picked":["RobotSpaceExplorer:Asteroid","RobotSpaceExplorer:ShockMissile"],"picked":"RobotSpaceExplorer:DroneSwarm","floor":33},{"not_picked":["RobotSpaceExplorer:Electroshield+1","RobotSpaceExplorer:GlueShot+1"],"picked":"RobotSpaceExplorer:Probe+1","floor":35},{"not_picked":["RobotSpaceExplorer:FranticSearch","RobotSpaceExplorer:Reload+1"],"picked":"RobotSpaceExplorer:MetalStrike+1","floor":38},{"not_picked":["RobotSpaceExplorer:ImprovisedAttack","RobotSpaceExplorer:ExhaustFan"],"picked":"RobotSpaceExplorer:SurgingStrike+1","floor":41},{"not_picked":["RobotSpaceExplorer:Smokescreen+1","RobotSpaceExplorer:ScrapMissile"],"picked":"RobotSpaceExplorer:Autoloader","floor":42},{"not_picked":["RobotSpaceExplorer:ShockKick+1","RobotSpaceExplorer:Counterblock+1"],"picked":"RobotSpaceExplorer:DroneSwarm","floor":46}],"player_experience":558662,"relics_obtained":[{"floor":1,"key":"LetterFromLob"},{"floor":9,"key":"infinitespire:EmpoweringShard"},{"floor":11,"key":"Runesmith:AutoHammer"},{"floor":12,"key":"Juzu Bracelet"},{"floor":13,"key":"Replay:Bottled Snecko"},{"floor":24,"key":"PreservedInsect"},{"floor":24,"key":"LetterFromLob"},{"floor":26,"key":"Tiny Chest"},{"floor":42,"key":"Replay:Wax Seal"},{"floor":43,"key":"RobotSpaceExplorer:FoglandsKnife"},{"floor":44,"key":"ReplayTheSpireMod:Lightbulb"}],"event_choices":[{"damage_healed":0,"gold_gain":0,"player_choice":"Upgraded","damage_taken":0,"max_hp_gain":0,"max_hp_loss":0,"event_name":"Upgrade Shrine","floor":19,"gold_loss":0,"cards_upgraded":["RobotSpaceExplorer:Multitool"]},{"damage_healed":0,"gold_gain":0,"cards_transformed":["RobotSpaceExplorer:Defend"],"player_choice":"Transformed","damage_taken":0,"max_hp_gain":0,"max_hp_loss":0,"event_name":"Transmorgrifier","floor":20,"gold_loss":0,"cards_obtained":["RobotSpaceExplorer:Fix"]},{"damage_healed":0,"gold_gain":0,"player_choice":"Traded Relic","damage_taken":0,"relics_obtained":["Nloth\u0027s Gift"],"max_hp_gain":0,"max_hp_loss":0,"event_name":"N\u0027loth","floor":21,"relics_lost":["LetterFromLob"],"gold_loss":0},{"damage_healed":0,"gold_gain":0,"player_choice":"Joined the Cult","damage_taken":6,"max_hp_gain":0,"max_hp_loss":0,"event_name":"Nest","floor":22,"gold_loss":0,"cards_obtained":["RitualDagger"]},{"damage_healed":0,"gold_gain":0,"player_choice":"Paid","damage_taken":0,"relics_obtained":["Red Mask"],"max_hp_gain":0,"max_hp_loss":0,"event_name":"Tomb of Lord Red Mask","floor":37,"gold_loss":167}],"is_beta":false,"boss_relics":[{"not_picked":["Cursed Key","Replay:Drink Me"],"picked":"hubris:TerracottaHorce"},{"not_picked":["SacredBark","conspire:RunicOctahedron"],"picked":"hubris:HollowSoul"}],"items_purged_floors":[4,14,28,36],"is_endless":false,"potions_floor_spawned":[3,5,24,42,46],"ascension_level":0}}