{"host":"6to8m083wj0ro91z","time":1608910972,"event":{"mods":["BaseMod","Better Third Choice","BetterRewards","CatGirl Mod","Friendly Minions","Hubris","Mad Scientist","Marisa????????","Minty Spire (QoL Compilation)","Shade Mod","Spicy Shops","StSLib","The Blackbeard","The Death Knight","The Gatherer","The Marked","The Mystic","The Necromancer","The Servant 0.9.4","TheVacant"],"gold_per_floor":[109,109,109,123,139,173,173,212,265,301,301,320,361,14,14,143,143,159,159,172,190,205,244,244,268,268,268,301,382,417,438,438,568,568,583,598,931,831,846,846,862,888,914,964,998,456,475,485,485,485,485,485,140,165,165],"floor_reached":56,"playtime":2422,"items_purged":["theMarked:Strike","theMarked:Strike","theMarked:Strike"],"score":2208,"play_id":"e292e53f-5ce4-4b94-8608-df647a24e57c","local_time":"20201225164252","is_ascension_mode":true,"campfire_choices":[{"data":"theMarked:Electrocute","floor":7,"key":"SMITH"},{"data":"theMarked:MagicAdept","floor":11,"key":"SMITH"},{"data":"theMarked:Levitate","floor":15,"key":"SMITH"},{"data":"theMarked:SoldierOfQuellstein","floor":24,"key":"SMITH"},{"data":"theMarked:Panic","floor":27,"key":"SMITH"},{"data":"theMarked:EnhanceMovement","floor":32,"key":"SMITH"},{"floor":40,"key":"RECALL"},{"data":"Panacea","floor":49,"key":"SMITH"},{"data":"theMarked:Defend","floor":52,"key":"SMITH"}],"circlet_count":0,"master_deck":["theMarked:Defend+1","theMarked:SoldierOfQuellstein+1","theMarked:MagicAdept+1","theMarked:Electrocute+1","theMarked:Levitate+1","theMarked:MagicAdept+1","hubris:DuctTapeCard","theMarked:EnhanceMovement+1","theMarked:SuspiciousRaven","Panacea+1","Finesse","Finesse"],"relics":["theMarked:ArtifactOfAir","hubris:PeanutButter","Oddly Smooth Stone","hubris:CrystalStatue","theMarked:Winder","Vajra","Anchor","Bag of Preparation","Tiny Chest","hubris:OldNail","PreservedInsect","War Paint","Orichalcum","Membership Card","Pear","Lantern","Empty Cage","Smiling Mask","Art of War","Thread and Needle","hubris:DuctTape","hubris:SlimyHat","hubris:Backtick","Calipers","Mercury Hourglass","Pen Nib","hubris:Potato","Toy Ornithopter","ClockworkSouvenir","Blue Candle","Strange Spoon","White Beast Statue","MealTicket","Bag of Marbles","Strawberry","Toolbox","DollysMirror","Blood Vial"],"acts_visited":["Exordium","TheCity","TheBeyond","TheEnding"],"potions_floor_usage":[8,55,55,55,55,55],"damage_taken":[{"damage":0,"enemies":"Small Slimes","floor":1,"turns":2},{"damage":0,"enemies":"Jaw Worm","floor":4,"turns":2},{"damage":0,"enemies":"Cultist","floor":5,"turns":2},{"damage":0,"enemies":"3 Sentries","floor":6,"turns":5},{"damage":0,"enemies":"Gremlin Nob","floor":8,"turns":2},{"damage":0,"enemies":"3 Sentries","floor":10,"turns":3},{"damage":0,"enemies":"Large Slime","floor":12,"turns":2},{"damage":0,"enemies":"Lagavulin","floor":13,"turns":2},{"damage":0,"enemies":"Slime Boss","floor":16,"turns":5},{"damage":0,"enemies":"Shell Parasite","floor":18,"turns":1},{"damage":0,"enemies":"Spheric Guardian","floor":20,"turns":1},{"damage":0,"enemies":"Centurion and Healer","floor":21,"turns":2},{"damage":0,"enemies":"Snecko","floor":22,"turns":1},{"damage":0,"enemies":"Slavers","floor":23,"turns":4},{"damage":0,"enemies":"Snake Plant","floor":25,"turns":2},{"damage":0,"enemies":"Book of Stabbing","floor":28,"turns":2},{"damage":0,"enemies":"Slavers","floor":30,"turns":4},{"damage":0,"enemies":"3 Cultists","floor":31,"turns":3},{"damage":0,"enemies":"Champ","floor":33,"turns":3},{"damage":0,"enemies":"Orb Walker","floor":35,"turns":1},{"damage":0,"enemies":"3 Darklings","floor":36,"turns":3},{"damage":0,"enemies":"Maw","floor":39,"turns":1},{"damage":0,"enemies":"Transient","floor":41,"turns":4},{"damage":0,"enemies":"Nemesis","floor":42,"turns":1},{"damage":0,"enemies":"Mind Bloom Boss Battle","floor":44,"turns":2},{"damage":0,"enemies":"Reptomancer","floor":45,"turns":1},{"damage":0,"enemies":"Jaw Worm Horde","floor":47,"turns":2},{"damage":0,"enemies":"Sphere and 2 Shapes","floor":48,"turns":3},{"damage":0,"enemies":"Time Eater","floor":50,"turns":1},{"damage":0,"enemies":"Shield and Spear","floor":54,"turns":2},{"damage":0,"enemies":"The Heart","floor":55,"turns":4}],"seed_played":"1578601350390884786","potions_obtained":[{"floor":1,"key":"Ancient Potion"},{"floor":5,"key":"theMarked:ChargePotion"},{"floor":6,"key":"SkillPotion"},{"floor":13,"key":"BlessingOfTheForge"},{"floor":16,"key":"theMarked:ChargePotion"},{"floor":44,"key":"EntropicBrew"},{"floor":54,"key":"Energy Potion"}],"is_trial":false,"path_per_floor":["M","?","?","M","M","E","R","E","T","E","R","M","E","$","R","B",null,"M","?","M","M","M","E","R","M","T","R","E","T","E","M","R","B",null,"M","M","?","NS","M","R","M","E","T","?","E","$","M","M","R","B",null,"R","$","E","B",null],"character_chosen":"THE_DEFAULT","items_purchased":["hubris:PeanutButter","Oddly Smooth Stone","hubris:CrystalStatue","theMarked:Winder","Vajra","Anchor","Bag of Preparation","theMarked:MagicAdept","Tiny Chest","DuplicationPotion","Membership Card","Pear","Lantern","ClockworkSouvenir","Blue Candle","Strange Spoon","Panacea","White Beast Statue","MealTicket","Bag of Marbles","Strawberry","Finesse","Toolbox","DollysMirror"],"campfire_rested":0,"item_purchase_floors":[0,0,0,0,0,0,0,0,0,0,14,14,14,46,46,46,46,46,46,53,53,53,53,53],"current_hp_per_floor":[28,28,11,11,11,11,11,11,11,11,11,11,11,21,21,21,80,80,80,80,80,80,80,80,80,80,80,80,80,80,80,80,80,80,80,80,80,80,80,80,80,80,80,80,80,80,80,80,80,80,80,80,87,87,87],"gold":165,"neow_bonus":"","is_daily":false,"chose_seed":false,"campfire_upgraded":8,"win_rate":0.0,"timestamp":1608910972,"path_taken":["M","?","?","M","M","E","R","E","T","E","R","M","E","$","R","BOSS","M","?","M","M","M","E","R","M","T","R","E","?","E","M","R","BOSS","M","M","?","NS","M","R","M","E","T","?","E","$","M","M","R","BOSS","R","$","E","BOSS"],"items_purchased_type":["Relic","Relic","Relic","Relic","Relic","Relic","Relic","Card","Relic","Potion","Relic","Relic","Relic","Relic","Relic","Relic","Card","Relic","Relic","Relic","Relic","Card","Relic","Relic"],"build_version":"2020-12-22","purchased_purges":3,"victory":true,"max_hp_per_floor":[70,70,70,70,70,70,70,70,70,70,70,70,70,80,80,80,80,80,80,80,80,80,80,80,80,80,80,80,80,80,80,80,80,80,80,80,80,80,80,80,80,80,80,80,80,80,80,80,80,80,80,80,87,87,87],"card_choices":[{"not_picked":["theMarked:TwofoldDefense","theMarked:Aftermath"],"picked":"theMarked:Electrocute","floor":1},{"not_picked":["theMarked:Electrocute","theMarked:WastefulAttack"],"picked":"theMarked:Panic","floor":4},{"not_picked":["theMarked:KeepCalmAndFightOn","theMarked:TwofoldDefense","theMarked:RepellingDischarge"],"picked":"SKIP","floor":5},{"not_picked":["theMarked:SoldierForm","theMarked:KeepCalmAndFightOn","theMarked:LightningStrikesTwice"],"picked":"SKIP","floor":6},{"not_picked":["theMarked:BanishingWave","theMarked:RepellingDischarge","theMarked:Static"],"picked":"SKIP","floor":8},{"not_picked":["theMarked:TakeOffHeels","theMarked:Aftermath"],"picked":"theMarked:Levitate","floor":10},{"not_picked":["theMarked:Electrocute","theMarked:BanishingStrike","theMarked:RepellingDischarge"],"picked":"SKIP","floor":12},{"not_picked":["theMarked:Electrocute","theMarked:BanishingStrike","theMarked:RepellingDischarge"],"picked":"SKIP","floor":12},{"not_picked":["theMarked:HeritageOfTheMarked","theMarked:ElectricStrings","theMarked:SelfDefenseTraining"],"picked":"SKIP","floor":13},{"not_picked":["theMarked:TunnelVision+1","theMarked:HeightenedSenses"],"picked":"theMarked:WardOff+1","floor":18},{"not_picked":["theMarked:ShockingTouch+1","theMarked:KeepCalmAndFightOn"],"picked":"theMarked:MagicAdept+1","floor":20},{"not_picked":["theMarked:Aftermath","theMarked:MagicAdept","theMarked:SwordAndMagic"],"picked":"SKIP","floor":21},{"not_picked":["theMarked:TwofoldDefense","theMarked:SelfDefenseTraining+1","theMarked:WastefulDefense"],"picked":"SKIP","floor":22},{"not_picked":["theMarked:Frustration+1","theMarked:BanishingWave","theMarked:RepellingDischarge"],"picked":"SKIP","floor":23},{"not_picked":["theMarked:ElectricStrings+1","theMarked:ReduceFriction","theMarked:Indomitable"],"picked":"SKIP","floor":25},{"not_picked":["theMarked:Challenge","theMarked:RepellingDischarge","theMarked:Indomitable"],"picked":"SKIP","floor":28},{"not_picked":["theMarked:HeightenedSenses","theMarked:ResourceFulStrike"],"picked":"theMarked:EnhanceMovement","floor":30},{"not_picked":["theMarked:HeightenedSenses","theMarked:ParalyzingBlade","theMarked:Aftermath+1"],"picked":"SKIP","floor":31},{"not_picked":["theMarked:Defy","theMarked:DispelDoubt"],"picked":"theMarked:SuspiciousRaven","floor":33},{"not_picked":["theMarked:HeightenedSenses","theMarked:WastefulAttack","theMarked:WardOff+1"],"picked":"SKIP","floor":35},{"not_picked":["theMarked:Overcharge+1","theMarked:ChainLightning","theMarked:MagicAdept"],"picked":"SKIP","floor":36},{"not_picked":["theMarked:HeightenedSenses+1","theMarked:SwordAndMagic","theMarked:MagicAdept"],"picked":"SKIP","floor":39},{"not_picked":["theMarked:Improvise","theMarked:Electrocute+1","theMarked:EmpowerWeapon+1"],"picked":"SKIP","floor":41},{"not_picked":["theMarked:SwordAndMagic","theMarked:Convert","theMarked:LightningStrikesTwice"],"picked":"SKIP","floor":42},{"not_picked":["theMarked:TakeOffHeels","theMarked:GodGivenPower","theMarked:ReduceFriction"],"picked":"SKIP","floor":45},{"not_picked":["theMarked:EmpowerWeapon+1","theMarked:Parkour","theMarked:Opportunist"],"picked":"SKIP","floor":47},{"not_picked":["theMarked:ResourceFulStrike+1","theMarked:WastefulAttack","theMarked:TakeCover+1"],"picked":"SKIP","floor":48},{"not_picked":["theMarked:WardOff+1","theMarked:CreepingChasm+1","theMarked:ElectricStrings+1"],"picked":"SKIP","floor":54}],"player_experience":1035157,"relics_obtained":[{"floor":6,"key":"hubris:OldNail"},{"floor":8,"key":"PreservedInsect"},{"floor":10,"key":"War Paint"},{"floor":13,"key":"Orichalcum"},{"floor":23,"key":"Smiling Mask"},{"floor":26,"key":"Art of War"},{"floor":28,"key":"Thread and Needle"},{"floor":29,"key":"hubris:DuctTape"},{"floor":30,"key":"hubris:SlimyHat"},{"floor":42,"key":"Mercury Hourglass"},{"floor":43,"key":"Pen Nib"},{"floor":44,"key":"hubris:Potato"},{"floor":45,"key":"Toy Ornithopter"},{"floor":54,"key":"Blood Vial"}],"event_choices":[{"cards_removed":["theMarked:Strike"],"damage_healed":0,"gold_gain":0,"player_choice":"Forget","damage_taken":0,"max_hp_gain":0,"max_hp_loss":0,"event_name":"Living Wall","floor":2,"gold_loss":0},{"damage_healed":0,"gold_gain":0,"player_choice":"Take Damage","damage_taken":17,"relics_obtained":["Golden Idol"],"max_hp_gain":0,"max_hp_loss":0,"event_name":"Golden Idol","floor":3,"gold_loss":0},{"damage_healed":0,"gold_gain":0,"player_choice":"Got Potions","damage_taken":0,"max_hp_gain":0,"max_hp_loss":0,"event_name":"Lab","floor":19,"gold_loss":0},{"damage_healed":0,"gold_gain":333,"player_choice":"Gave Idol","damage_taken":0,"max_hp_gain":0,"max_hp_loss":0,"event_name":"The Moai Head","floor":37,"relics_lost":["Golden Idol"],"gold_loss":0},{"damage_healed":0,"gold_gain":0,"player_choice":"Fight","damage_taken":0,"max_hp_gain":0,"max_hp_loss":0,"event_name":"MindBloom","floor":44,"gold_loss":0}],"is_beta":false,"boss_relics":[{"not_picked":["Astrolabe","hubris:CrackedHourglass"],"picked":"Empty Cage"},{"not_picked":["Sozu","hubris:Stopwatch"],"picked":"hubris:Backtick"}],"items_purged_floors":[0,0,0],"is_endless":false,"potions_floor_spawned":[1,5,6,13,16,20,25,31,33,36,41,44,45,47,48,54],"ascension_level":1}}