{"host":"1eo5f82aifdzd7pr","time":1608919746,"event":{"mods":["AchievementEnabler","BaseMod","Colored Map","Colored Powertips","DeckTracker","Minty Spire (QoL Compilation)","SuperFastMode"],"gold_per_floor":[116,128,128,140,140,140,157,157,157,157,167,187,198,215,215,291,291,301,316,11,21,41,41,68,78,78,78,90,90,90,90],"floor_reached":30,"playtime":2576,"items_purged":[],"score":450,"play_id":"c29f8138-5a7a-4e8d-a8b9-40bfb0e21ea5","local_time":"20201225200906","is_ascension_mode":true,"campfire_choices":[{"floor":6.0,"key":"REST"},{"data":"ClearTheMind","floor":8.0,"key":"SMITH"},{"data":"Vigilance","floor":10.0,"key":"SMITH"},{"floor":15.0,"key":"REST"},{"floor":23,"key":"REST"},{"floor":27,"key":"REST"},{"floor":29,"key":"REST"}],"circlet_count":0,"master_deck":["AscendersBane","Strike_P","Strike_P+1","Strike_P","Defend_P","Defend_P","Defend_P","Eruption+1","Vigilance+1","ClearTheMind+1","ForeignInfluence+1","Adaptation","Indignation","CutThroughFate","FearNoEvil","Scrawl","EmptyBody","FollowUp","MasterReality","BattleHymn","FlurryOfBlows","Evaluate"],"relics":["PureWater","Dead Branch","SacredBark","Ginger","White Beast Statue","Anchor"],"acts_visited":["Exordium","TheCity"],"potions_floor_usage":[22,24,30],"damage_taken":[{"damage":3.0,"enemies":"2 Louse","floor":1.0,"turns":3.0},{"damage":0.0,"enemies":"Jaw Worm","floor":2.0,"turns":6.0},{"damage":1.0,"enemies":"Cultist","floor":4.0,"turns":3.0},{"damage":7.0,"enemies":"Large Slime","floor":7.0,"turns":7.0},{"damage":0.0,"enemies":"Blue Slaver","floor":11.0,"turns":1.0},{"damage":1.0,"enemies":"2 Fungi Beasts","floor":12.0,"turns":3.0},{"damage":0.0,"enemies":"Exordium Thugs","floor":13.0,"turns":3.0},{"damage":3.0,"enemies":"Looter","floor":14.0,"turns":2.0},{"damage":38.0,"enemies":"The Guardian","floor":16.0,"turns":7.0},{"damage":16.0,"enemies":"Shell Parasite","floor":18.0,"turns":4.0},{"damage":0,"enemies":"2 Thieves","floor":19,"turns":3},{"damage":18,"enemies":"Sentry and Sphere","floor":21,"turns":7},{"damage":12,"enemies":"Snake Plant","floor":22,"turns":4},{"damage":0,"enemies":"Gremlin Leader","floor":24,"turns":4},{"damage":14,"enemies":"3 Cultists","floor":25,"turns":4},{"damage":26,"enemies":"Snecko","floor":28,"turns":3},{"damage":46,"enemies":"Centurion and Healer","floor":30,"turns":4}],"seed_played":"378675363005919615","potions_obtained":[{"floor":4.0,"key":"Swift Potion"},{"floor":11.0,"key":"Fire Potion"},{"floor":18.0,"key":"BottledMiracle"},{"floor":21,"key":"BottledMiracle"},{"floor":25,"key":"Energy Potion"},{"floor":28,"key":"DuplicationPotion"}],"is_trial":false,"path_per_floor":["M","M","?","M","?","R","M","R","T","R","M","M","M","M","R","B",null,"M","M","$","M","M","R","E","M","T","R","M","R","M"],"character_chosen":"WATCHER","items_purchased":["Ginger"],"campfire_rested":5,"item_purchase_floors":[20],"current_hp_per_floor":[44,44,30,29,29,50,43,43,43,43,43,42,42,39,60,22,60,44,44,44,26,14,35,35,21,21,42,16,37,0,0],"gold":90,"neow_bonus":"REMOVE_TWO","is_daily":false,"chose_seed":false,"campfire_upgraded":2,"win_rate":0.0,"timestamp":1608919746,"path_taken":["M","M","?","M","?","R","M","R","T","R","M","M","M","M","R","BOSS","M","M","$","M","M","R","E","?","T","R","M","R","M"],"items_purchased_type":["Relic"],"build_version":"2020-12-22","purchased_purges":0,"victory":false,"max_hp_per_floor":[72,72,72,72,72,72,72,72,72,72,72,72,72,72,72,72,72,72,72,72,72,72,72,72,72,72,72,72,72,72,72],"card_choices":[{"not_picked":["InnerPeace","Crescendo"],"picked":"ClearTheMind","floor":1.0},{"not_picked":["Tantrum","CutThroughFate"],"picked":"ForeignInfluence","floor":2.0},{"not_picked":["ClearTheMind","FlyingSleeves","Wireheading"],"picked":"SKIP","floor":4.0},{"not_picked":["Weave","CrushJoints","DevaForm"],"picked":"SKIP","floor":7.0},{"not_picked":["ThirdEye","Evaluate"],"picked":"Adaptation","floor":11.0},{"not_picked":["FlurryOfBlows","BowlingBash"],"picked":"Indignation","floor":12.0},{"not_picked":["FlurryOfBlows","EmptyFist"],"picked":"CutThroughFate","floor":13.0},{"not_picked":["Protect","Evaluate"],"picked":"FearNoEvil","floor":14.0},{"not_picked":["Wish","Omniscience"],"picked":"Scrawl","floor":16.0},{"not_picked":["Prostrate","Consecrate+1"],"picked":"EmptyBody","floor":18.0},{"not_picked":["CutThroughFate","FlurryOfBlows+1"],"picked":"FollowUp","floor":19},{"not_picked":["Collect","CutThroughFate"],"picked":"MasterReality","floor":21},{"not_picked":["Sanctity","InnerPeace"],"picked":"BattleHymn","floor":22},{"not_picked":["Adaptation","Halt"],"picked":"FlurryOfBlows","floor":24},{"not_picked":["EmptyBody","SandsOfTime"],"picked":"Evaluate","floor":25},{"not_picked":["FlurryOfBlows","LikeWater","Consecrate"],"picked":"SKIP","floor":28}],"player_experience":683379,"relics_obtained":[{"floor":9.0,"key":"Dead Branch"},{"floor":24,"key":"White Beast Statue"},{"floor":26,"key":"Anchor"}],"event_choices":[{"damage_healed":0.0,"max_hp_gain":0.0,"max_hp_loss":0.0,"gold_gain":0.0,"event_name":"Shining Light","player_choice":"Entered Light","floor":3.0,"gold_loss":0.0,"damage_taken":14.0,"cards_upgraded":["ForeignInfluence","Strike_P"]},{"damage_healed":0.0,"max_hp_gain":0.0,"max_hp_loss":0.0,"gold_gain":0.0,"event_name":"Accursed Blacksmith","player_choice":"Forge","floor":5.0,"gold_loss":0.0,"damage_taken":0.0,"cards_upgraded":["Eruption"]}],"is_beta":false,"boss_relics":[{"not_picked":["Calling Bell","Fusion Hammer"],"picked":"SacredBark"}],"items_purged_floors":[],"is_endless":false,"potions_floor_spawned":[4,11,12,13,18,21,25,28],"killed_by":"Centurion and Healer","ascension_level":13}}