{"host":"er8s5flrc5z1a07t","time":1608862106,"event":{"mods":["2.2 Compatiblity","Act Like it!","Bard","BaseMod","Better Note","Better Third Choice","Downfall","Duelist Mod","Elementarium","Energized Spire","GifTheSpireLib","Hermit","Hubris","Infinite Spire","Minty Spire (QoL Compilation)","Relic Stats","Replay The Spire","Shop Mod","StSLib","Stuff the Spire","Synergy Search","The Cursed","The Disciple","The Mystic"],"gold_per_floor":[116,116,116,165,36,75,75,119,119,119,159,57,57,72,72,166,166,185,185,275,295,314,347,359,409,421,433,433],"floor_reached":27,"playtime":896,"items_purged":["Regret","TheCursedMod:Strike_TheCursed"],"score":730,"play_id":"547aa535-17ab-4ebd-95a9-3c7ff802fd1e","local_time":"20201224210826","is_ascension_mode":true,"campfire_choices":[{"data":"TheCursedMod:RavingStaff","floor":7,"key":"SMITH"},{"data":"TheCursedMod:CleanUpWorkshop","floor":10,"key":"SMITH"},{"data":"TheCursedMod:ManaCirculation","floor":24,"key":"SMITH"}],"circlet_count":0,"master_deck":["AscendersBane","TheCursedMod:Strike_TheCursed","TheCursedMod:Strike_TheCursed","TheCursedMod:Strike_TheCursed","TheCursedMod:Defend_TheCursed","TheCursedMod:Defend_TheCursed","TheCursedMod:Defend_TheCursed","TheCursedMod:Defend_TheCursed","TheCursedMod:CursedWand","TheCursedMod:CleanUpWorkshop+1","TheCursedMod:Dregs","TheCursedMod:CursedStaff","Injury","TheCursedMod:RavingStaff+1","TheCursedMod:SurpriseAttack+1","TheCursedMod:HellfireBreathing","TheCursedMod:Evocation","TheCursedMod:LuckyCharm","TheCursedMod:SmokeScreen","TheCursedMod:WearCloak","TheCursedMod:NeowsMight","Madness","TheCursedMod:ManaCirculation+1"],"relics":["TheCursedMod:BlackMagic101","NeowsBlessing","StuffTheSpire:RedRose","Golden Idol","Simple Rune","Chameleon Ring","Replay:Rubber Ducky","hubris:Metronome","Akabeko","energizedSpire:CursedPentagram","Ginger","Philosopher\u0027s Stone","MawBank","Nunchaku","White Beast Statue"],"acts_visited":["Exordium","TheCity"],"potions_floor_usage":[11,23,23,27],"damage_taken":[{"damage":0,"enemies":"Cultist","floor":1,"turns":1},{"damage":0,"enemies":"Gremlin Nob","floor":6,"turns":1},{"damage":0,"enemies":"Lagavulin","floor":8,"turns":1},{"damage":10,"enemies":"Gremlin Nob","floor":11,"turns":3},{"damage":0,"enemies":"Small Slimes","floor":14,"turns":2},{"damage":12,"enemies":"Fading Forest","floor":16,"turns":13},{"damage":4,"enemies":"Shell Parasite","floor":18,"turns":2},{"damage":0,"enemies":"2 Thieves","floor":21,"turns":3},{"damage":0,"enemies":"Snake Plant","floor":22,"turns":1},{"damage":0,"enemies":"Nightmare","floor":23,"turns":4},{"damage":0,"enemies":"theDuelist:KaibaA2","floor":25,"turns":5},{"damage":49,"enemies":"Gremlin Leader","floor":27,"turns":6}],"seed_played":"-8883998918407125283","potions_obtained":[{"floor":6,"key":"Fire Potion"},{"floor":11,"key":"DistilledChaos"},{"floor":13,"key":"infinitespire:BlackPotion"},{"floor":23,"key":"AttackPotion"}],"is_trial":false,"path_per_floor":["M","?","?","T","$","E","R","E","T","R","E","$","?","M","R","B",null,"M","AVR","?","M","M","NM","R","E","T","E"],"character_chosen":"THE_CURSED","items_purchased":["TheCursedMod:RavingStaff","TheCursedMod:LuckyCharm","TheCursedMod:SmokeScreen"],"campfire_rested":0,"item_purchase_floors":[5,12,12],"current_hp_per_floor":[64,64,64,64,64,64,64,64,64,64,54,54,54,54,71,59,68,64,64,46,46,46,46,46,46,46,0,0],"gold":433,"neow_bonus":"THREE_ENEMY_KILL","is_daily":false,"chose_seed":false,"campfire_upgraded":3,"win_rate":0.0,"timestamp":1608862106,"path_taken":["M","?","?","?","?","E","R","E","T","R","E","$","?","M","R","BOSS","M","AVR","?","M","M","NM","R","E","T","E"],"items_purchased_type":["Card","Card","Card"],"build_version":"2020-12-22","purchased_purges":2,"victory":false,"max_hp_per_floor":[71,71,71,71,71,71,71,71,71,71,71,71,71,71,71,71,71,71,71,71,71,71,71,71,71,71,71,71],"relic_stats":{"Nunchaku":[1],"counters":[12,42],"Golden Idol":74,"Ginger":[0],"MawBank":48,"obtain_stats":[{"TheCursedMod:BlackMagic101":0,"hubris:Metronome":9,"NeowsBlessing":0,"Golden Idol":3,"Ginger":19,"MawBank":23,"Akabeko":11,"White Beast Statue":26,"Replay:Rubber Ducky":8,"Nunchaku":25,"Chameleon Ring":6,"energizedSpire:CursedPentagram":17,"Simple Rune":4,"Philosopher\u0027s Stone":19,"StuffTheSpire:RedRose":2},{"TheCursedMod:BlackMagic101":0,"hubris:Metronome":3,"NeowsBlessing":0,"Golden Idol":1,"Ginger":7,"MawBank":10,"Akabeko":4,"White Beast Statue":11,"Replay:Rubber Ducky":3,"Nunchaku":11,"Chameleon Ring":2,"energizedSpire:CursedPentagram":6,"Simple Rune":1,"Philosopher\u0027s Stone":7,"StuffTheSpire:RedRose":1},{"TheCursedMod:BlackMagic101":0,"hubris:Metronome":3,"NeowsBlessing":0,"Golden Idol":1,"Ginger":23,"MawBank":31,"Akabeko":6,"White Beast Statue":36,"Replay:Rubber Ducky":3,"Nunchaku":36,"Chameleon Ring":2,"energizedSpire:CursedPentagram":21,"Simple Rune":1,"Philosopher\u0027s Stone":23,"StuffTheSpire:RedRose":1}]},"card_choices":[{"not_picked":["TheCursedMod:RapidMovement","TheCursedMod:Wield"],"picked":"TheCursedMod:CursedStaff","floor":1},{"not_picked":["TheCursedMod:Mangle","TheCursedMod:DemonicPact"],"picked":"TheCursedMod:SurpriseAttack","floor":6},{"not_picked":["TheCursedMod:Obscuration","TheCursedMod:SpreadPlague"],"picked":"TheCursedMod:HellfireBreathing","floor":8},{"not_picked":["TheCursedMod:Stretching","TheCursedMod:DoubleShield"],"picked":"TheCursedMod:Evocation","floor":11},{"not_picked":["TheCursedMod:Stigma","TheCursedMod:CircleOfCorruption"],"picked":"TheCursedMod:WearCloak","floor":14},{"not_picked":["TheCursedMod:OutForBlood","TheCursedMod:CollectTribute"],"picked":"TheCursedMod:NeowsMight","floor":16},{"not_picked":["TheCursedMod:SmokeScreen","TheCursedMod:SurpriseAttack","TheCursedMod:SaltUponWound"],"picked":"SKIP","floor":18},{"not_picked":["TheCursedMod:Obscuration","TheCursedMod:SoulReap","TheCursedMod:CursedShiv+1"],"picked":"SKIP","floor":21},{"not_picked":["TheCursedMod:CircleOfFlame","TheCursedMod:Stretching","TheCursedMod:CircleOfWindfury"],"picked":"SKIP","floor":22},{"not_picked":["TheCursedMod:TacticalStrike","TheCursedMod:WearCloak"],"picked":"TheCursedMod:ManaCirculation","floor":23},{"not_picked":["TheCursedMod:HellfireBreathing","TheCursedMod:SoulReap","TheCursedMod:CircleOfBlood"],"picked":"SKIP","floor":25}],"player_experience":1167509,"relics_obtained":[{"floor":4,"key":"Simple Rune"},{"floor":6,"key":"Chameleon Ring"},{"floor":8,"key":"Replay:Rubber Ducky"},{"floor":9,"key":"hubris:Metronome"},{"floor":11,"key":"Akabeko"},{"floor":23,"key":"MawBank"},{"floor":25,"key":"Nunchaku"},{"floor":26,"key":"White Beast Statue"}],"event_choices":[{"damage_healed":0,"gold_gain":0,"player_choice":"Take Wound","damage_taken":0,"relics_obtained":["Golden Idol"],"max_hp_gain":0,"max_hp_loss":0,"event_name":"Golden Idol","floor":3,"gold_loss":0,"cards_obtained":["Injury"]},{"damage_healed":0,"gold_gain":0,"player_choice":"Got Potions","damage_taken":0,"max_hp_gain":0,"max_hp_loss":0,"event_name":"Lab","floor":13,"gold_loss":0},{"damage_healed":0,"gold_gain":90,"player_choice":"GOLD CARD ","damage_taken":18,"max_hp_gain":0,"max_hp_loss":0,"event_name":"Knowing Skull","floor":20,"potions_obtained":[],"gold_loss":0,"cards_obtained":["Madness"]}],"is_beta":false,"boss_relics":[{"not_picked":["StuffTheSpire:Kangaroo","Runic Dome"],"picked":"energizedSpire:CursedPentagram"}],"items_purged_floors":[5,19],"is_endless":true,"potions_floor_spawned":[6,11,16,21,22,23],"killed_by":"Gremlin Leader","ascension_level":20}}