{"host":"l3driqybz9dsrt8z","time":1608926264,"event":{"mods":["AchievementEnabler","Act Like it!","Aspiration","BaseMod","Conspire","Downfall","GifTheSpireLib","Hallownest","Hermit","Hubris","Hunter ??","Infinite Spire","Marisa????????","Minty Spire (QoL Compilation)","Quick Restart","Replay The Spire","StSLib","Stuff the Spire","The Bug Knight","The Servant 0.9.4","[IsaacMod]????"],"gold_per_floor":[99,111,123,135,147,159,253,265,262,292,333,330,342,370,402,509,521,533,560,572,584,596,626,664,686,725,757,799,824,836,848,874,982,994,994,994],"floor_reached":34,"playtime":1982,"items_purged":[],"score":388,"play_id":"72547a19-0d79-48e6-bc3d-620f5485e062","local_time":"20201225195744","is_ascension_mode":false,"campfire_choices":[{"floor":1.0,"key":"DIG"},{"data":"Slimebound:SlimeSlap","floor":13.0,"key":"SMITH"},{"data":"infinitespire:SevenWalls","floor":18.0,"key":"SMITH"},{"data":"Slimebound:GoopSpray","floor":30.0,"key":"SMITH"}],"circlet_count":0,"master_deck":["Slimebound:Strike_Slimebound","Slimebound:Strike_Slimebound","Slimebound:Strike_Slimebound","Slimebound:Tackle","Slimebound:Defend_Slimebound","Slimebound:Defend_Slimebound","Slimebound:Defend_Slimebound","Slimebound:Split+1","Slimebound:CorrosiveSpit","Slimebound:LeadByExample","infinitespire:SevenWalls+1","Slimebound:SlimeSlap+1","Slimebound:LevelUp","Slimebound:SlimeTap+1","Slimebound:ItLooksTasty","Slimebound:FormOfPuddle","Slimebound:OneTwoCombo","Slimebound:GoopSpray+1","Slimebound:Schlurp","Slimebound:RejuvenatingLick+1","Slimebound:Schlurp+1","Slimebound:MegaLick+1","Slimebound:MinionMaster"],"relics":["Slimebound:AbsorbEndCombat","HushsDoor","MoneyPower","downfall:HeartsMalice","MawBank","hubris:TinFlute","AnarchistCookbook","Replay:Bronze Core","Darkstone Periapt","BloodDonationMachine","downfall:RedIOU"],"acts_visited":["Exordium","TheCity"],"potions_floor_usage":[],"damage_taken":[{"damage":0.0,"enemies":"Jaw Worm","floor":2.0,"turns":1.0},{"damage":0.0,"enemies":"2 Louse","floor":5.0,"turns":1.0},{"damage":0.0,"enemies":"Small Slimes","floor":6.0,"turns":1.0},{"damage":11.0,"enemies":"downfall:FleeingMerchant","floor":9.0,"turns":4.0},{"damage":22.0,"enemies":"3 Louse","floor":10.0,"turns":3.0},{"damage":21.0,"enemies":"Gremlin Nob","floor":11.0,"turns":3.0},{"damage":21.0,"enemies":"downfall:FleeingMerchant","floor":12.0,"turns":4.0},{"damage":8.0,"enemies":"Gremlin Gang","floor":14.0,"turns":3.0},{"damage":11.0,"enemies":"Large Slime","floor":15.0,"turns":3.0},{"damage":53.0,"enemies":"downfall:Silent","floor":16.0,"turns":5.0},{"damage":10.0,"enemies":"conspire:FuzzyDice","floor":19.0,"turns":5.0},{"damage":0.0,"enemies":"Spheric Guardian","floor":23.0,"turns":3.0},{"damage":13.0,"enemies":"conspire:HollyBat","floor":25.0,"turns":6.0},{"damage":39.0,"enemies":"Gremlin Leader","floor":26.0,"turns":3.0},{"damage":11.0,"enemies":"Sentry and Sphere","floor":27.0,"turns":3.0},{"damage":21.0,"enemies":"conspire:SneckoGhost","floor":28.0,"turns":5.0},{"damage":8.0,"enemies":"Shelled Parasite and Fungi","floor":29.0,"turns":4.0},{"damage":4.0,"enemies":"Snecko","floor":32.0,"turns":3.0},{"damage":47.0,"enemies":"downfall:Watcher","floor":33.0,"turns":4.0}],"seed_played":"-363794063906859347","potions_obtained":[{"floor":10.0,"key":"champ:CounterPotion"},{"floor":11.0,"key":"champ:CounterPotion"},{"floor":14.0,"key":"hexamod:EctoCoolerPotion"},{"floor":23.0,"key":"infinitespire:BlackPotion"},{"floor":33.0,"key":"Slimebound:SpawnSlimePotion"}],"is_trial":false,"path_per_floor":["R","M","?","?","M","M","T","?","$","M","E","$","R","M","M","B",null,"R","M","?","?","?","M","T","M","E","M","E","M","R","?","M","B",null],"character_chosen":"SLIMEBOUND","items_purchased":[],"campfire_rested":0,"item_purchase_floors":[],"current_hp_per_floor":[60,60,60,44,44,44,44,44,53,43,42,49,49,53,57,36,60,60,60,60,60,60,60,60,60,39,56,49,60,60,60,60,35,35,35,35],"gold":994,"neow_bonus":"THREE_ENEMY_KILL","is_daily":false,"chose_seed":false,"campfire_upgraded":3,"win_rate":0.0,"timestamp":1608926264,"path_taken":["R","M","?","?","M","?","T","?","$","M","E","$","R","M","M","BOSS","R","M","?","?","?","M","T","M","E","M","E","?","R","?","M","BOSS"],"items_purchased_type":[],"build_version":"2020-12-22","purchased_purges":0,"victory":false,"max_hp_per_floor":[60,60,60,60,60,60,60,60,60,60,60,60,60,60,60,60,60,60,60,60,60,60,60,60,60,60,60,60,60,60,60,60,60,60,60,60],"card_choices":[{"not_picked":["Slimebound:PressTheAttack","Slimebound:SplitLeeching"],"picked":"Slimebound:LeadByExample","floor":2.0},{"not_picked":["ReplayTheSpireMod:??????????????????????","infinitespire:FinalStrike"],"picked":"infinitespire:SevenWalls","floor":4.0},{"not_picked":["Slimebound:PressTheAttack","Slimebound:Repurpose"],"picked":"Slimebound:SlimeSlap","floor":5.0},{"not_picked":["Slimebound:SplitMire","Slimebound:SplitBruiser"],"picked":"Slimebound:LevelUp","floor":6.0},{"not_picked":["Slimebound:GoopSpray","Slimebound:GoopTackle"],"picked":"Slimebound:ItLooksTasty","floor":9.0},{"not_picked":["Slimebound:RollThrough","Slimebound:LeechEnergy","Slimebound:ComboTackle"],"picked":"SKIP","floor":10.0},{"not_picked":["Slimebound:GrowthPunch","Slimebound:SplitLeeching"],"picked":"Slimebound:FormOfPuddle","floor":11.0},{"not_picked":["Slimebound:ProtectTheBoss","Slimebound:GoopTackle","Slimebound:SlimeBarrage"],"picked":"SKIP","floor":12.0},{"not_picked":["Slimebound:ViciousTackle","Slimebound:LeechingTouch","Slimebound:ComboTackle"],"picked":"SKIP","floor":14.0},{"not_picked":["Slimebound:Overexert","Slimebound:PressTheAttack"],"picked":"Bomb","floor":15.0},{"not_picked":["Slimebound:RallyTheTroops","Slimebound:DuplicatedForm"],"picked":"Slimebound:OneTwoCombo","floor":16.0},{"not_picked":["Slimebound:Repurpose","Slimebound:LeadByExample+1"],"picked":"Slimebound:GoopSpray","floor":19.0},{"not_picked":["Slimebound:SlimeBrawl","Slimebound:DisruptingSlam+1"],"picked":"Slimebound:Schlurp","floor":23.0},{"not_picked":["Slimebound:DisruptingSlam","Slimebound:ViciousTackle+1"],"picked":"Slimebound:RejuvenatingLick+1","floor":25.0},{"not_picked":["Slimebound:AcidTongue","Slimebound:SplitLeeching+1"],"picked":"Slimebound:Schlurp+1","floor":26.0},{"not_picked":["Slimebound:SplitMire","Slimebound:DuplicatedForm"],"picked":"Slimebound:MegaLick+1","floor":27.0},{"not_picked":["Slimebound:SplitAcid","Slimebound:Replication","Slimebound:LeechingTouch"],"picked":"SKIP","floor":28.0},{"not_picked":["Slimebound:PressTheAttack","Slimebound:SlimeBarrage","Slimebound:LeadByExample+1"],"picked":"SKIP","floor":29.0},{"not_picked":["Slimebound:BestDefense","Slimebound:SplitBruiser","Slimebound:FinishingTackle"],"picked":"SKIP","floor":32.0},{"not_picked":["Slimebound:Teamwork","Slimebound:OneTwoCombo"],"picked":"Slimebound:MinionMaster","floor":33.0}],"player_experience":28595,"relics_obtained":[{"floor":1.0,"key":"MawBank"},{"floor":7.0,"key":"hubris:TinFlute"},{"floor":11.0,"key":"AnarchistCookbook"},{"floor":24.0,"key":"ReplayTheSpireMod:TigerMarble"},{"floor":26.0,"key":"Darkstone Periapt"},{"floor":28.0,"key":"BloodDonationMachine"}],"event_choices":[{"damage_healed":0.0,"max_hp_gain":0.0,"max_hp_loss":0.0,"gold_gain":0.0,"event_name":"Ghosts","player_choice":"Ignored","floor":20.0,"gold_loss":0.0,"damage_taken":0.0},{"damage_healed":0.0,"max_hp_gain":0.0,"max_hp_loss":0.0,"gold_gain":0.0,"event_name":"conspire:Investor","player_choice":"Leave","floor":21.0,"gold_loss":0.0,"damage_taken":0.0}],"is_beta":false,"boss_relics":[{"not_picked":["Calling Bell","conspire:RunicOctahedron"],"picked":"Replay:Bronze Core"},{"not_picked":[]}],"items_purged_floors":[],"is_endless":false,"potions_floor_spawned":[10,11,14,15,23,27,29,33],"ascension_level":0}}