{"host":"2qdrd1k0srhz2le1","time":1608872974,"event":{"mods":["ATMod(阿瑾Mod)","Ascension Reborn","BaseMod","Better Vampires","Colored Powertips","Conspire","Lobotomy","Marisa（F雨　魔理沙）","Minty Spire (QoL Compilation)","MostiFishMod","Relic Stats","Replay The Spire","Robot Space Explorer","SOS（斯巴达之子）","Shop Mod","Spicy Shops","StSLib","TestMod","The Edgeheg","【东方二次创作】八云紫mod","【功能Mod】聪明的最终Boss","篝火指南"],"gold_per_floor":[108,118,118,129,86,86,113,113,132,132,57,83,93,115,115,174,174,185,105,105,115,115,141,141,157,222,247,256,256,53,77,77,136,136,136],"floor_reached":34,"playtime":2223,"items_purged":[],"score":576,"play_id":"daa4b794-7db1-44fa-bd51-a91d437c53ec","local_time":"20201225130934","is_ascension_mode":true,"campfire_choices":[{"data":"Accuracy","floor":6.0,"key":"SMITH"},{"data":"After Image","floor":8.0,"key":"SMITH"},{"data":"Blade Dance","floor":10.0,"key":"SMITH"},{"data":"AT_KingSlayer","floor":15.0,"key":"SMITH"},{"data":"Footwork","floor":15.0,"key":"SMITH"},{"data":"MostiFishMod:VineMother","floor":24.0,"key":"SMITH"},{"data":"MostiFishMod:ThornCasing","floor":24.0,"key":"SMITH"},{"data":"AT_TwilightShroud","floor":29.0,"key":"SMITH"},{"data":"MostiFishMod:SpreadingSpore","floor":29.0,"key":"SMITH"},{"data":"Blade Dance","floor":32,"key":"SMITH"},{"data":"MostiFishMod:FrostNova","floor":32,"key":"SMITH"}],"circlet_count":0,"master_deck":["Strike_G","Strike_G","Strike_G","Defend_G","Defend_G","Defend_G","Defend_G","Defend_G","Survivor","Neutralize","AscMod:ascendersbane","AT_KingSlayer+1","Eviscerate","MostiFishMod:FrostNova+1","Accuracy+1","Blade Dance+1","Blade Dance+1","After Image+1","Footwork+1","AT_KneejerkReflex","MostiFishMod:VineMother+1","MostiFishMod:ThornCasing+1","Looming Evil","MostiFishMod:SpreadingSpore+1","AT_TwilightShroud+1","MostiFishMod:FullyArmed"],"relics":["testmod-TestBox","AT_ATBox","DaveBox","testmod-ChristmasGift","xbg","Snecko Eye","SynthV:TestCard","Potion Belt","Blood Vial","Replay:Arrowhead","Oddly Smooth Stone","ReplayTheSpireMod:Ring of Collecting","Ring of Hypnosis","AT_ChloranthyRing","Replay:Accelerometer","Strawberry","TheAbacus","Dead Branch","Omamori"],"acts_visited":["Exordium","TheCity"],"potions_floor_usage":[],"damage_taken":[{"damage":0.0,"enemies":"conspire:RoseBush","floor":1.0,"turns":3.0},{"damage":0.0,"enemies":"Jaw Worm","floor":2.0,"turns":3.0},{"damage":0.0,"enemies":"Small Slimes","floor":4.0,"turns":1.0},{"damage":0.0,"enemies":"Gremlin Nob","floor":7.0,"turns":3.0},{"damage":1.0,"enemies":"Lagavulin","floor":12.0,"turns":5.0},{"damage":0.0,"enemies":"Looter","floor":13.0,"turns":1.0},{"damage":43.0,"enemies":"Gremlin Nob","floor":14.0,"turns":4.0},{"damage":0.0,"enemies":"Fading Forest","floor":16.0,"turns":11.0},{"damage":45.0,"enemies":"3 Byrds","floor":18.0,"turns":11.0},{"damage":14.0,"enemies":"Shell Parasite","floor":21.0,"turns":7.0},{"damage":0.0,"enemies":"Replay:Snechameleon","floor":23.0,"turns":4.0},{"damage":8.0,"enemies":"Snecko","floor":25.0,"turns":5.0},{"damage":33.0,"enemies":"Slavers","floor":27.0,"turns":6.0},{"damage":12.0,"enemies":"Snake Plant","floor":28.0,"turns":8.0},{"damage":18.0,"enemies":"conspire:Head Lice","floor":31.0,"turns":8.0},{"damage":5,"enemies":"Automaton","floor":33,"turns":9}],"seed_played":"-5581724337257351863","potions_obtained":[{"floor":2.0,"key":"Weak Potion"},{"floor":23.0,"key":"LiquidBronze"},{"floor":31.0,"key":"Energy Potion"}],"is_trial":false,"path_per_floor":["M","M","?","M","$","R","E","R","T","R","?","E","M","E","R","B",null,"M","?","?","M","?","E","R","M","T","E","M","R","$","E","R","B",null],"character_chosen":"THE_SILENT","items_purchased":["Blade Dance","TheAbacus","Dead Branch"],"campfire_rested":0,"item_purchase_floors":[5,30,30],"current_hp_per_floor":[64,65,65,65,65,65,69,69,69,69,69,69,70,31,31,65,68,42,42,42,52,52,67,67,69,69,52,70,70,70,69,69,77,77,77],"gold":136,"neow_bonus":"BOSS_RELIC","is_daily":false,"chose_seed":false,"campfire_upgraded":11,"win_rate":0.0,"timestamp":1608872974,"path_taken":["M","M","?","M","?","R","E","R","T","R","?","E","M","E","R","BOSS","M","?","?","M","?","E","R","?","T","E","M","R","?","E","R","BOSS"],"items_purchased_type":["Card","Relic","Relic"],"build_version":"2020-12-22","purchased_purges":0,"victory":false,"max_hp_per_floor":[70,70,70,70,70,70,70,70,70,70,70,70,70,70,70,70,70,70,70,70,70,70,70,70,70,70,77,77,77,77,77,77,77,77,77],"relic_stats":{"Blood Vial":19,"TheAbacus":[24],"counters":[16,89],"Dead Branch":[74],"Snecko Eye":[126,146,156,153],"obtain_stats":[{"Potion Belt":7,"AT_ChloranthyRing":23,"Replay:Accelerometer":26,"testmod-TestBox":0,"AT_ATBox":0,"DaveBox":0,"Ring of Hypnosis":20,"Dead Branch":30,"Oddly Smooth Stone":14,"Omamori":31,"Replay:Arrowhead":12,"Blood Vial":9,"SynthV:TestCard":1,"TheAbacus":30,"ReplayTheSpireMod:Ring of Collecting":20,"Strawberry":27,"Snecko Eye":0,"xbg":0,"testmod-ChristmasGift":0,"Ring of the Snake":0},{"Potion Belt":4,"AT_ChloranthyRing":11,"Replay:Accelerometer":12,"testmod-TestBox":0,"AT_ATBox":0,"DaveBox":0,"Ring of Hypnosis":9,"Dead Branch":14,"Oddly Smooth Stone":7,"Omamori":15,"Replay:Arrowhead":5,"Blood Vial":4,"SynthV:TestCard":1,"TheAbacus":14,"ReplayTheSpireMod:Ring of Collecting":9,"Strawberry":13,"Snecko Eye":0,"xbg":0,"testmod-ChristmasGift":0,"Ring of the Snake":0},{"Potion Belt":10,"AT_ChloranthyRing":53,"Replay:Accelerometer":58,"testmod-TestBox":0,"AT_ATBox":0,"DaveBox":0,"Ring of Hypnosis":42,"Dead Branch":72,"Oddly Smooth Stone":20,"Omamori":80,"Replay:Arrowhead":15,"Blood Vial":10,"SynthV:TestCard":3,"TheAbacus":72,"ReplayTheSpireMod:Ring of Collecting":42,"Strawberry":64,"Snecko Eye":0,"xbg":0,"testmod-ChristmasGift":0,"Ring of the Snake":0}]},"card_choices":[{"not_picked":["AT_WindRun","Deadly Poison"],"picked":"Eviscerate","floor":1.0},{"not_picked":["Hidden Blade","Backflip","Eviscerate","Poisoned Stab"],"picked":"MostiFishMod:FrostNova","floor":2.0},{"not_picked":["Backflip","AT_ShadowStep","Choke","Dodge and Roll"],"picked":"Accuracy","floor":4.0},{"not_picked":["Deadly Poison","Dagger Spray","Calculated Gamble","Adrenaline"],"picked":"After Image","floor":7.0},{"not_picked":["Fluid Movement","Backflip","MostiFishMod:PoisonShield","AT_ThistleTea"],"picked":"Footwork","floor":12.0},{"not_picked":["Replay:Poison Smokescreen","Underhanded Strike","Dagger Throw","Flying Knee"],"picked":"AT_KneejerkReflex","floor":13.0},{"not_picked":["Eviscerate","Endless Agony","Poisoned Stab","ReplayTheSpireMod:From All Sides","Dodge and Roll"],"picked":"SKIP","floor":14.0},{"not_picked":["AT_MyraUnstableElement","Tools of the Trade","Poison Darts","Atom Bomb"],"picked":"MostiFishMod:VineMother","floor":16.0},{"not_picked":["Blur+1","Deadly Poison","Sucker Punch+1","Distraction"],"picked":"MostiFishMod:ThornCasing","floor":18.0},{"not_picked":["Blade Dance","Deflect","MostiFishMod:ThornCasing","Cloak And Dagger"],"picked":"MostiFishMod:SpreadingSpore","floor":21.0},{"not_picked":["AT_WomanClash","Dagger Spray","Backflip","Corpse Explosion","Quick Slash"],"picked":"SKIP","floor":23.0},{"not_picked":["Deadly Poison","Acrobatics","Crippling Poison","Backflip+1","Quick Slash"],"picked":"SKIP","floor":25.0},{"not_picked":["Envenom","Eviscerate+1","Wraith Form v2","Fluid Movement","Poisoned Stab"],"picked":"SKIP","floor":27.0},{"not_picked":["Flying Knee","MostiFishMod:PerfectParry","Riddle With Holes","Poisoned Stab"],"picked":"AT_TwilightShroud","floor":28.0},{"not_picked":["Flying Knee","conspire:PoisonWeapons","Cloak And Dagger+1","Hidden Blade","Quick Slash"],"picked":"SKIP","floor":31.0},{"not_picked":["MostiFishMod:SpreadingSpore","MostiFishMod:HiddenBlade","MostiFishMod:Neurotoxin","Atom Bomb"],"picked":"MostiFishMod:FullyArmed","floor":33}],"player_experience":324869,"relics_obtained":[{"floor":1.0,"key":"SynthV:TestCard"},{"floor":7.0,"key":"Potion Belt"},{"floor":9.0,"key":"Blood Vial"},{"floor":12.0,"key":"Replay:Arrowhead"},{"floor":14.0,"key":"Oddly Smooth Stone"},{"floor":20.0,"key":"ReplayTheSpireMod:Ring of Collecting"},{"floor":20.0,"key":"Ring of Hypnosis"},{"floor":23.0,"key":"AT_ChloranthyRing"},{"floor":26.0,"key":"Replay:Accelerometer"},{"floor":27.0,"key":"Strawberry"},{"floor":31.0,"key":"Omamori"}],"event_choices":[{"damage_healed":0.0,"max_hp_gain":0.0,"max_hp_loss":0.0,"gold_gain":0.0,"event_name":"Match and Keep!","player_choice":"0 cards matched","floor":3.0,"gold_loss":0.0,"damage_taken":0.0,"cards_obtained":[]},{"cards_removed":["Strike_G"],"damage_healed":0.0,"max_hp_gain":0.0,"max_hp_loss":0.0,"gold_gain":0.0,"event_name":"The Cleric","player_choice":"Card Removal","floor":11.0,"gold_loss":75.0,"damage_taken":0.0},{"damage_healed":0.0,"max_hp_gain":0.0,"max_hp_loss":0.0,"gold_gain":0.0,"event_name":"Ghosts","player_choice":"Ignored","floor":22.0,"gold_loss":0.0,"damage_taken":0.0}],"is_beta":false,"boss_relics":[{"not_picked":["VoidEssence"],"picked":"MetallicRebirth"},{"not_picked":["VoidEssence"],"picked":"MetallicRebirth"}],"items_purged_floors":[],"is_endless":false,"potions_floor_spawned":[2,4,13,21,23,27,31],"ascension_level":0}}