{"host":"s8k08j4eybfen9r6","time":1608894623,"event":{"mods":["Ascension Reborn","Aspiration","BaseMod","Better Altar","Better Match","Better Note","Better Sensory Stone","Better Skull","Better Third Choice","BetterRewards","Downfall","Duelist Mod","Hubris","Minty Spire (QoL Compilation)","MostiFishMod","Rare Cards Sparkle","Shop Mod","Spicy Shops","StSLib","The Alterego","The Animator"],"gold_per_floor":[574,574,574,590,590,633,633,648,648,686,246,289,289,312,312,435,435,456,469,469,469,483,522,522,538,538,558,558,593,593,614,614,744,744,760,560,585,604,504,504,527,527,527,561,561,585,566,566,566,566,566,566,369,407,407],"floor_reached":56,"playtime":10437,"items_purged":["Regret"],"score":1310,"play_id":"2175b293-1bad-449f-8150-fd53df0e5de8","local_time":"20201225211022","is_ascension_mode":true,"campfire_choices":[{"data":"theDuelist:MudragonSwamp","floor":7,"key":"SMITH"},{"data":"theDuelist:Reinforcements","floor":13,"key":"SMITH"},{"data":"theDuelist:ScrapFactory","floor":15,"key":"SMITH"},{"data":"theDuelist:MiraculousDescent","floor":24,"key":"SMITH"},{"floor":32,"key":"RECALL"},{"data":"theDuelist:KamionTimelord","floor":40,"key":"SMITH"},{"data":"theDuelist:GravityLash","floor":45,"key":"SMITH"},{"data":"theDuelist:DeltaMagnet","floor":49,"key":"SMITH"},{"data":"theDuelist:RainbowKuriboh","floor":52,"key":"SMITH"}],"circlet_count":0,"master_deck":["theDuelist:BeaverWarrior","theDuelist:BeaverWarrior+1","theDuelist:CastleWalls","theDuelist:CastleWalls","theDuelist:FinalFlame","theDuelist:GiantSoldier","theDuelist:GiantSoldier+1","theDuelist:ScrapFactory+1","theDuelist:Sparks+1","theDuelist:Sparks","theDuelist:WhiteMagicalHat","theDuelist:MudragonSwamp+1","theDuelist:WingedKuriboh","theDuelist:FluteKuriboh+1","theDuelist:ImperialOrder","theDuelist:FluteKuriboh","theDuelist:Reinforcements+1","theDuelist:RainbowKuriboh+1","theDuelist:GravityLash","theDuelist:MiraculousDescent+1","theDuelist:EgoBoost","theDuelist:Wildfire","theDuelist:SwordsConcealing","theDuelist:GravityLash+1","theDuelist:PurplePainOni+1","theDuelist:Electrowhip+1","theDuelist:KamionTimelord+1","theDuelist:Graverobber+1","theDuelist:HappyLover","theDuelist:DeltaMagnet+1","theDuelist:UltraPolymerization"],"relics":["theDuelist:MillenniumPuzzle","theDuelist:CardPoolRelic","theDuelist:CardPoolBasicRelic","theDuelist:BoosterPackPoolRelic","theDuelist:CardPoolAddRelic","theDuelist:CardPoolMinusRelic","theDuelist:CardPoolSaveRelic","theDuelist:CardPoolOptionsRelic","DaveBox","aspiration:Nostalgia","Burning Blood","Nloth\u0027s Gift","SynthV:TestCard","aspiration:FrozenJewel","Dead Branch","Golden Idol","hubris:OldNail","Pantograph","theDuelist:MerchantPendant","theDuelist:ElectricToken","hubris:Zylophone","Letter Opener","Darkstone Periapt","Omamori","Happy Flower","hubris:GrandSneckoEye","Dead Branch","theDuelist:AknamkanonsEssence","aspiration:HiddenCompartment","War Paint","MerchantsRug","Whetstone"],"acts_visited":["Exordium","TheCity","TheBeyond","TheEnding"],"potions_floor_usage":[23,33,44,55],"damage_taken":[{"damage":1,"enemies":"Jaw Worm","floor":1,"turns":4},{"damage":2,"enemies":"Small Slimes","floor":4,"turns":4},{"damage":15,"enemies":"Lagavulin","floor":6,"turns":12},{"damage":3,"enemies":"Cultist","floor":8,"turns":3},{"damage":11,"enemies":"3 Sentries","floor":10,"turns":6},{"damage":4,"enemies":"Gremlin Nob","floor":12,"turns":4},{"damage":0,"enemies":"Exordium Wildlife","floor":14,"turns":3},{"damage":4,"enemies":"Slime Boss","floor":16,"turns":8},{"damage":10,"enemies":"2 Thieves","floor":18,"turns":4},{"damage":0,"enemies":"Chosen","floor":19,"turns":4},{"damage":3,"enemies":"Snecko","floor":22,"turns":4},{"damage":47,"enemies":"Slavers","floor":23,"turns":6},{"damage":8,"enemies":"3 Cultists","floor":25,"turns":5},{"damage":0,"enemies":"Centurion and Healer","floor":27,"turns":4},{"damage":0,"enemies":"theDuelist:KaibaA2","floor":29,"turns":4},{"damage":0,"enemies":"hubris:Merchant","floor":30,"turns":1},{"damage":0,"enemies":"Snecko","floor":31,"turns":2},{"damage":3,"enemies":"Automaton","floor":33,"turns":8},{"damage":0,"enemies":"3 Shapes","floor":35,"turns":2},{"damage":0,"enemies":"Orb Walker","floor":37,"turns":1},{"damage":0,"enemies":"4 Shapes","floor":38,"turns":2},{"damage":0,"enemies":"Sphere and 2 Shapes","floor":41,"turns":2},{"damage":11,"enemies":"Giant Head","floor":44,"turns":5},{"damage":0,"enemies":"Jaw Worm Horde","floor":46,"turns":2},{"damage":15,"enemies":"hubris:GrandSnecko","floor":50,"turns":6},{"damage":34,"enemies":"Shield and Spear","floor":54,"turns":4},{"damage":0,"enemies":"The Heart","floor":55,"turns":5}],"seed_played":"-5791360831570158534","potions_obtained":[{"floor":10,"key":"theDuelist:BurningPotion"},{"floor":12,"key":"theDuelist:TokenPotion"},{"floor":27,"key":"Fire Potion"},{"floor":29,"key":"theDuelist:VoidBottle"},{"floor":46,"key":"theDuelist:BottledKuriboh"}],"is_trial":false,"path_per_floor":["M","?","T","M","?","E","R","M","T","E","$","E","R","M","R","B",null,"M","M","?","?","M","E","R","M","T","M","?","E","$","M","R","B",null,"M","?","M","M","NS","R","M","$","T","E","R","M","$","?","R","B",null,"R","$","E","B",null],"character_chosen":"THE_DUELIST","items_purchased":["theDuelist:ImperialOrder","theDuelist:FluteKuriboh","theDuelist:MerchantPendant","theDuelist:ElectricToken","theDuelist:Reinforcements","theDuelist:AknamkanonsEssence","MerchantsRug","theDuelist:UltraPolymerization"],"campfire_rested":0,"item_purchase_floors":[11,11,11,11,11,42,47,53],"current_hp_per_floor":[80,80,80,80,74,65,65,68,68,63,63,65,65,71,71,74,74,70,74,74,74,74,33,33,31,31,37,37,43,74,74,74,74,74,74,74,74,74,74,74,74,64,64,59,59,65,65,65,65,65,74,74,74,46,74],"gold":407,"neow_bonus":"NOSTALGIA","is_daily":false,"chose_seed":false,"campfire_upgraded":8,"win_rate":0.0,"timestamp":1608894622,"path_taken":["M","?","?","M","?","E","R","M","T","E","$","E","R","M","R","BOSS","M","M","?","?","M","E","R","M","T","M","?","E","$","M","R","BOSS","M","?","M","M","NS","R","M","?","T","E","R","?","$","?","R","BOSS","R","$","E","BOSS"],"items_purchased_type":["Card","Card","Relic","Card","Card","Relic","Relic","Card"],"build_version":"2020-12-22","purchased_purges":1,"victory":true,"max_hp_per_floor":[80,80,80,80,74,74,74,74,74,74,74,74,74,74,74,74,74,74,74,74,74,74,74,74,74,74,74,74,74,74,74,74,74,74,74,74,74,74,74,74,74,74,74,74,74,74,74,74,74,74,74,74,74,74,74],"card_choices":[{"not_picked":["Dramatic Entrance","Finesse","Impatience","Violence"],"picked":"SKIP","floor":1},{"not_picked":["theDuelist:SpiritHarp","theDuelist:RainbowNeos","theDuelist:HappyLover","theDuelist:Eva"],"picked":"theDuelist:WhiteMagicalHat","floor":4},{"not_picked":["theDuelist:GauntletWarrior","theDuelist:WormWarlord","theDuelist:EvilswarmHeliotrope","theDuelist:PowerGiant"],"picked":"theDuelist:MudragonSwamp","floor":6},{"not_picked":["theDuelist:Hinotama","theDuelist:GiantSoldierSteel","theDuelist:RainbowLife","theDuelist:EarthquakeGiant"],"picked":"theDuelist:WingedKuriboh","floor":8},{"not_picked":["theDuelist:Hinotama","theDuelist:ScrapFactory","theDuelist:SpiritHarp","theDuelist:PowerKaishin"],"picked":"theDuelist:FluteKuriboh","floor":10},{"not_picked":["theDuelist:WormWarlord","theDuelist:DokiDoki","theDuelist:PreventRat","theDuelist:ForbiddenChalice"],"picked":"theDuelist:RainbowKuriboh","floor":12},{"not_picked":["theDuelist:DoubleTool","theDuelist:BattleFootballer","theDuelist:Sangan","theDuelist:Reinforcements","theDuelist:CircleFireKings"],"picked":"SKIP","floor":14},{"not_picked":["theDuelist:SwordsRevealing","theDuelist:PineappleBlast","theDuelist:InstantFusion","theDuelist:FeatherShot"],"picked":"theDuelist:GravityLash","floor":16},{"not_picked":["theDuelist:WhiteHowling+1","theDuelist:GravityAxe+1","theDuelist:ElectromagneticShield"],"picked":"theDuelist:MiraculousDescent","floor":18},{"not_picked":["theDuelist:FusionWeapon","theDuelist:MagicalStone+1","theDuelist:MythicalBeast+1","theDuelist:UnderworldCannon","theDuelist:CrystalBlessing"],"picked":"SKIP","floor":19},{"not_picked":["theDuelist:VenomShot","theDuelist:Mathematician+1"],"picked":"theDuelist:Wildfire","floor":22},{"not_picked":["theDuelist:Wiretap","theDuelist:WhiteHowling","theDuelist:ImperialOrder","theDuelist:SilverApples","theDuelist:PowerWall+1"],"picked":"SKIP","floor":23},{"not_picked":["theDuelist:MythicalBeast","theDuelist:RainbowNeos","theDuelist:SolarWindJammer+1","theDuelist:HappyLover"],"picked":"theDuelist:CharcoalInpachi+1","floor":25},{"not_picked":["theDuelist:CoreBlaster+1","theDuelist:WhiteMagicalHat","theDuelist:RainbowNeos+1","theDuelist:SwordDeepSeated","theDuelist:MythicalBeast+1"],"picked":"SKIP","floor":27},{"not_picked":["theDuelist:SwordsRevealing+1","theDuelist:SevenCompleted+1","theDuelist:PineappleBlast","theDuelist:FeatherShot+1"],"picked":"theDuelist:SwordsConcealing","floor":29},{"not_picked":["theDuelist:SpiralSpearStrike","theDuelist:FeatherShot"],"picked":"theDuelist:ForbiddenLance+1","floor":31},{"not_picked":["theDuelist:Wildfire","theDuelist:LightningBlade","theDuelist:ForbiddenLance","theDuelist:FeatherShot"],"picked":"theDuelist:GravityLash","floor":33},{"not_picked":["theDuelist:RainbowNeos","theDuelist:Eva","theDuelist:BlueBloodedOni","theDuelist:RainbowOverdragon"],"picked":"theDuelist:PurplePainOni+1","floor":35},{"not_picked":["theDuelist:WhiteHowling+1","theDuelist:GravityAxe+1","theDuelist:MiraculousDescent"],"picked":"theDuelist:Electrowhip+1","floor":37},{"not_picked":["theDuelist:RainbowNeos+1","theDuelist:HappyLover+1","theDuelist:RainbowKuriboh+1","theDuelist:RainbowOverdragon"],"picked":"theDuelist:KamionTimelord","floor":38},{"not_picked":["theDuelist:ImperialOrder","theDuelist:GravityAxe+1","theDuelist:Electrowhip+1","theDuelist:MiraculousDescent"],"picked":"SKIP","floor":41},{"not_picked":["theDuelist:FairyBox+1","theDuelist:PowerWall","theDuelist:Wiretap+1","theDuelist:PineappleBlast+1"],"picked":"theDuelist:Graverobber+1","floor":44},{"not_picked":["theDuelist:RainbowNeos+1","theDuelist:KamionTimelord+1","theDuelist:Eva","theDuelist:YellowBelliedOni"],"picked":"theDuelist:HappyLover","floor":46},{"not_picked":["theDuelist:FrontierWiseman+1","theDuelist:BlackPendant+1","theDuelist:Tuningware+1","theDuelist:PreventRat+1","theDuelist:BattleOx+1"],"picked":"SKIP","floor":54}],"player_experience":369606,"relics_obtained":[{"floor":1,"key":"SynthV:TestCard"},{"floor":3,"key":"Dead Branch"},{"floor":6,"key":"hubris:OldNail"},{"floor":10,"key":"Pantograph"},{"floor":12,"key":"hubris:Zylophone"},{"floor":23,"key":"Letter Opener"},{"floor":26,"key":"Darkstone Periapt"},{"floor":29,"key":"Happy Flower"},{"floor":43,"key":"aspiration:HiddenCompartment"},{"floor":44,"key":"War Paint"},{"floor":54,"key":"Whetstone"}],"event_choices":[{"damage_healed":0,"gold_gain":0,"player_choice":"Box","damage_taken":0,"relics_obtained":["aspiration:FrozenJewel"],"max_hp_gain":0,"max_hp_loss":0,"event_name":"Big Fish","floor":2,"gold_loss":0,"cards_obtained":["Regret"]},{"damage_healed":0,"gold_gain":0,"player_choice":"Lose Max HP","damage_taken":0,"relics_obtained":["Golden Idol"],"max_hp_gain":0,"max_hp_loss":6,"event_name":"Golden Idol","floor":5,"gold_loss":0},{"damage_healed":0,"gold_gain":0,"player_choice":"Ignored","damage_taken":0,"max_hp_gain":0,"max_hp_loss":0,"event_name":"betterNote:BetterNote","floor":20,"gold_loss":0,"cards_obtained":["Echo Form"]},{"damage_healed":0,"gold_gain":0,"player_choice":"Read","damage_taken":0,"max_hp_gain":0,"max_hp_loss":0,"event_name":"The Library","floor":21,"gold_loss":0,"cards_obtained":["theDuelist:EgoBoost"]},{"damage_healed":0,"gold_gain":0,"player_choice":"Gave Potion","damage_taken":0,"relics_obtained":["Omamori"],"max_hp_gain":0,"max_hp_loss":0,"event_name":"WeMeetAgain","floor":28,"gold_loss":0},{"damage_healed":0,"gold_gain":0,"player_choice":"Duplicated Relic - Dead Branch","duelist":true,"damage_taken":0,"max_hp_gain":0,"max_hp_loss":0,"event_name":"Relic Duplicator","floor":36,"gold_loss":0},{"damage_healed":0,"gold_gain":0,"player_choice":"Delta Electro","duelist":true,"damage_taken":0,"max_hp_gain":0,"max_hp_loss":0,"event_name":"Egyptian Village","floor":48,"gold_loss":0,"cards_obtained":["Delta Electromagnet Warrior"]}],"is_beta":false,"boss_relics":[{"not_picked":["ShadowXiaoBlade","Cursed Key"],"picked":"aspiration:RunicSpoon"},{"not_picked":["aspiration:DefectSkillbook","aspiration:RitualDagger"],"picked":"hubris:GrandSneckoEye"}],"items_purged_floors":[11],"is_endless":false,"potions_floor_spawned":[10,12,16,18,27,29,31,33,35,38,46],"ascension_level":0}}