{"host":"nh1tx9wty0m9wedw","time":1608873865,"event":{"mods":["BaseMod","Colored Map","Colored Powertips","Minty Spire (QoL Compilation)"],"gold_per_floor":[116,191,208,42,217,248,30,30,80,108,108,139,159,174,174,271,271,290,101,101,25,25,53,53,73,73,73,108,126,156,169,169,267,267,277,21,40,57,68,68,0,0,0,50,50,64,64,76,76,76],"floor_reached":51,"playtime":3511,"items_purged":["Doubt"],"score":833,"play_id":"05e7304c-cfc2-4550-95a4-ceb5081fec66","local_time":"20201225062425","is_ascension_mode":true,"campfire_choices":[{"floor":8,"key":"REST"},{"data":"Rampage","floor":11,"key":"SMITH"},{"floor":15,"key":"REST"},{"floor":27,"key":"REST"},{"floor":32,"key":"REST"},{"data":"Demon Form","floor":40,"key":"SMITH"},{"data":"The Bomb","floor":42,"key":"SMITH"},{"data":"Sadistic Nature","floor":45,"key":"SMITH"},{"data":"Inflame","floor":49,"key":"SMITH"}],"circlet_count":0,"master_deck":["Strike_R","Strike_R","Defend_R+1","Defend_R","Defend_R+1","Defend_R","Bash","Rampage+1","Twin Strike","Sadistic Nature+1","Intimidate","Thunderclap","Inflame+1","Thunderclap","Demon Form+1","Body Slam+1","The Bomb+1","Blood for Blood","Flame Barrier","Infernal Blade","Sentinel","Iron Wave+1","Thunderclap","Heavy Blade+1","Iron Wave+1","Reaper","Armaments+1","Headbutt+1","Transmutation","Bandage Up"],"relics":["Burning Blood","War Paint","Gambling Chip","Blood Vial","Boot","HornCleat","Oddly Smooth Stone","Snecko Eye","Happy Flower","Ornamental Fan","Bottled Lightning","Kunai","Incense Burner","Busted Crown","Frozen Egg 2","Red Mask","Nunchaku","FossilizedHelix"],"acts_visited":["Exordium","TheCity","TheBeyond"],"potions_floor_usage":[12,14,16,18,30,30,33,35,39,39,46,50],"damage_taken":[{"damage":7,"enemies":"Small Slimes","floor":1,"turns":4},{"damage":2,"enemies":"Jaw Worm","floor":3,"turns":3},{"damage":59,"enemies":"Lagavulin","floor":6,"turns":7},{"damage":8,"enemies":"Gremlin Nob","floor":10,"turns":3},{"damage":29,"enemies":"Lagavulin","floor":12,"turns":6},{"damage":5,"enemies":"2 Louse","floor":13,"turns":2},{"damage":0,"enemies":"Exordium Thugs","floor":14,"turns":3},{"damage":22,"enemies":"Hexaghost","floor":16,"turns":7},{"damage":19,"enemies":"Shell Parasite","floor":18,"turns":6},{"damage":57,"enemies":"Gremlin Leader","floor":23,"turns":7},{"damage":0,"enemies":"3 Byrds","floor":25,"turns":1},{"damage":33,"enemies":"Book of Stabbing","floor":28,"turns":6},{"damage":0,"enemies":"Snake Plant","floor":29,"turns":3},{"damage":1,"enemies":"Gremlin Leader","floor":30,"turns":3},{"damage":0,"enemies":"Snecko","floor":31,"turns":3},{"damage":19,"enemies":"Champ","floor":33,"turns":6},{"damage":6,"enemies":"3 Darklings","floor":35,"turns":4},{"damage":4,"enemies":"Orb Walker","floor":37,"turns":2},{"damage":3,"enemies":"Sphere and 2 Shapes","floor":38,"turns":3},{"damage":18,"enemies":"4 Shapes","floor":39,"turns":3},{"damage":28,"enemies":"Mind Bloom Boss Battle","floor":44,"turns":6},{"damage":0,"enemies":"Jaw Worm Horde","floor":46,"turns":3},{"damage":7,"enemies":"Transient","floor":48,"turns":5},{"damage":73,"enemies":"Donu and Deca","floor":50,"turns":7}],"seed_played":"6188095762833047513","potions_obtained":[{"floor":10,"key":"PowerPotion"},{"floor":13,"key":"Fire Potion"},{"floor":14,"key":"Strength Potion"},{"floor":16,"key":"Strength Potion"},{"floor":25,"key":"SteroidPotion"},{"floor":28,"key":"EssenceOfSteel"},{"floor":31,"key":"FearPotion"},{"floor":33,"key":"PowerPotion"},{"floor":37,"key":"Strength Potion"},{"floor":38,"key":"SteroidPotion"},{"floor":44,"key":"DuplicationPotion"},{"floor":46,"key":"ElixirPotion"}],"is_trial":false,"path_per_floor":["M","?","M","$","?","E","$","R","T","E","R","E","M","M","R","B",null,"M","$","?","$","?","E","T","M","T","R","E","M","E","M","R","B",null,"M","$","M","M","M","R","?","R","T","?","R","M","?","M","R","B",null],"character_chosen":"IRONCLAD","items_purchased":["Sadistic Nature","Blood Vial","The Bomb","Flame Barrier","Frozen Egg 2"],"campfire_rested":4,"item_purchase_floors":[4,7,19,21,36],"current_hp_per_floor":[79,68,72,72,72,19,19,43,43,43,43,22,25,33,57,43,80,67,67,67,67,67,18,18,26,26,50,25,33,40,48,72,61,80,80,80,80,80,78,78,78,78,78,58,58,75,70,71,71,30],"gold":76,"neow_bonus":"RANDOM_COMMON_RELIC","is_daily":false,"chose_seed":false,"campfire_upgraded":5,"win_rate":0.0,"timestamp":1608873865,"path_taken":["M","?","M","$","?","E","$","R","T","E","R","E","M","M","R","BOSS","M","$","?","?","?","E","?","M","T","R","E","?","E","M","R","BOSS","M","$","M","M","M","R","?","R","T","?","R","M","?","M","R","BOSS"],"items_purchased_type":["Card","Relic","Card","Card","Relic"],"build_version":"2020-12-22","purchased_purges":1,"victory":true,"max_hp_per_floor":[80,80,80,80,80,80,80,80,80,80,80,80,80,80,80,80,80,80,80,80,80,80,80,80,80,80,80,80,80,80,80,80,80,80,80,80,80,80,80,80,80,80,80,80,80,80,80,80,80,80],"card_choices":[{"not_picked":["Wild Strike","Rupture"],"picked":"Rampage","floor":1},{"not_picked":["Perfected Strike","Shrug It Off"],"picked":"Twin Strike","floor":3},{"not_picked":["Whirlwind","Fiend Fire"],"picked":"Intimidate","floor":6},{"not_picked":["Intimidate","Bloodletting"],"picked":"Thunderclap","floor":10},{"not_picked":["Burning Pact","Clash","Body Slam"],"picked":"SKIP","floor":12},{"not_picked":["Anger","Searing Blow"],"picked":"Inflame","floor":13},{"not_picked":["Headbutt","Heavy Blade"],"picked":"Thunderclap","floor":14},{"not_picked":["Feed","Corruption"],"picked":"Demon Form","floor":16},{"not_picked":["Clothesline+1","Feel No Pain"],"picked":"Body Slam+1","floor":18},{"not_picked":["Pommel Strike+1","Twin Strike"],"picked":"Iron Wave+1","floor":23},{"not_picked":["Shrug It Off","Flex","Clothesline"],"picked":"SKIP","floor":25},{"not_picked":["Dual Wield","Hemokinesis+1"],"picked":"Thunderclap","floor":28},{"not_picked":["Twin Strike","Cleave"],"picked":"Heavy Blade+1","floor":29},{"not_picked":["Shrug It Off","Exhume","Sword Boomerang"],"picked":"SKIP","floor":30},{"not_picked":["Headbutt","Whirlwind"],"picked":"Iron Wave+1","floor":31},{"not_picked":["Fiend Fire","Impervious"],"picked":"Reaper","floor":33},{"not_picked":["True Grit"],"picked":"SKIP","floor":35},{"not_picked":["Reckless Charge+1"],"picked":"SKIP","floor":37},{"not_picked":[],"picked":"Armaments+1","floor":38},{"not_picked":["Shrug It Off"],"picked":"SKIP","floor":39},{"not_picked":[],"picked":"Headbutt+1","floor":46},{"not_picked":[],"picked":"Transmutation","floor":47},{"not_picked":[],"picked":"Bandage Up","floor":47},{"not_picked":["Ghostly Armor"],"picked":"SKIP","floor":48}],"player_experience":581938,"relics_obtained":[{"floor":6,"key":"Gambling Chip"},{"floor":9,"key":"Boot"},{"floor":10,"key":"HornCleat"},{"floor":12,"key":"Oddly Smooth Stone"},{"floor":23,"key":"Happy Flower"},{"floor":24,"key":"Ornamental Fan"},{"floor":26,"key":"Bottled Lightning"},{"floor":28,"key":"Kunai"},{"floor":30,"key":"Incense Burner"},{"floor":43,"key":"Nunchaku"},{"floor":44,"key":"FossilizedHelix"}],"event_choices":[{"damage_healed":0,"gold_gain":75,"player_choice":"Gather Gold","damage_taken":11,"max_hp_gain":0,"max_hp_loss":0,"event_name":"World of Goop","floor":2,"gold_loss":0},{"damage_healed":0,"gold_gain":175,"player_choice":"AGREE","damage_taken":0,"max_hp_gain":0,"max_hp_loss":0,"event_name":"Liars Game","floor":5,"gold_loss":0,"cards_obtained":["Doubt"]},{"damage_healed":0,"gold_gain":0,"cards_transformed":["Strike_R"],"player_choice":"Transformed","damage_taken":0,"max_hp_gain":0,"max_hp_loss":0,"event_name":"Transmorgrifier","floor":20,"gold_loss":0,"cards_obtained":["Blood for Blood"]},{"damage_healed":0,"gold_gain":0,"cards_transformed":["Strike_R","Strike_R"],"player_choice":"Became Test Subject","damage_taken":0,"max_hp_gain":0,"max_hp_loss":0,"event_name":"Drug Dealer","floor":22,"gold_loss":0,"cards_obtained":["Infernal Blade","Sentinel"]},{"damage_healed":0,"gold_gain":0,"player_choice":"Paid","damage_taken":0,"relics_obtained":["Red Mask"],"max_hp_gain":0,"max_hp_loss":0,"event_name":"Tomb of Lord Red Mask","floor":41,"gold_loss":68},{"damage_healed":0,"gold_gain":0,"player_choice":"Fight","damage_taken":0,"max_hp_gain":0,"max_hp_loss":0,"event_name":"MindBloom","floor":44,"gold_loss":0},{"damage_healed":0,"gold_gain":0,"player_choice":"Memory 2","damage_taken":5,"max_hp_gain":0,"max_hp_loss":0,"event_name":"SensoryStone","floor":47,"gold_loss":0}],"is_beta":false,"boss_relics":[{"not_picked":["Runic Cube","Empty Cage"],"picked":"Snecko Eye"},{"not_picked":["Philosopher\u0027s Stone","Tiny House"],"picked":"Busted Crown"}],"items_purged_floors":[7],"is_endless":false,"potions_floor_spawned":[10,13,14,16,25,28,31,33,37,38,44,46],"ascension_level":4}}