{"host":"sav7uxregyirlf69","time":1608870989,"event":{"mods":["AchievementEnabler","BaseMod","Colored Map","DeckTracker","Keyboard Shortcuts","Minty Spire (QoL Compilation)","READ ME - Guardian Mod","StSLib","SuperFastMode"],"gold_per_floor":[112,112,112,126,126,126,151,168,193,227,227,239,239,252,252,252,252],"floor_reached":16,"playtime":215,"items_purged":[],"score":270,"play_id":"9cfabc92-8bbf-401b-a6ac-6ac9e741870d","local_time":"20201225133629","is_ascension_mode":true,"campfire_choices":[{"data":"Dagger Throw","floor":6,"key":"SMITH"},{"floor":11,"key":"REST"},{"data":"Neutralize","floor":13,"key":"SMITH"},{"floor":15,"key":"REST"}],"circlet_count":0,"master_deck":["AscendersBane","Strike_G","Strike_G","Strike_G","Strike_G","Defend_G","Defend_G","Defend_G","Defend_G","Defend_G","Survivor","Neutralize+1","Dagger Throw+1","Backflip","Leg Sweep"],"relics":["Ring of the Snake","NeowsBlessing","Bronze Scales","Blue Candle","Pen Nib","Thread and Needle"],"acts_visited":["Exordium"],"potions_floor_usage":[16],"damage_taken":[{"damage":0,"enemies":"2 Louse","floor":1,"turns":1},{"damage":0,"enemies":"Jaw Worm","floor":4,"turns":1},{"damage":0,"enemies":"Gremlin Nob","floor":7,"turns":1},{"damage":0,"enemies":"Cultist","floor":8,"turns":3},{"damage":45,"enemies":"Lagavulin","floor":10,"turns":8},{"damage":0,"enemies":"Exordium Thugs","floor":12,"turns":5},{"damage":0,"enemies":"Blue Slaver","floor":14,"turns":4},{"damage":11,"enemies":"Slime Boss","floor":16,"turns":4}],"seed_played":"3127855058973640710","potions_obtained":[{"floor":4,"key":"LiquidBronze"},{"floor":14,"key":"BlessingOfTheForge"}],"is_trial":false,"path_per_floor":["M","?","?","M","?","R","E","M","T","E","R","M","R","M","R","B"],"character_chosen":"THE_SILENT","items_purchased":[],"campfire_rested":2,"item_purchase_floors":[],"current_hp_per_floor":[59,64,46,46,46,46,46,46,46,1,22,22,22,22,43,32,32],"gold":252,"neow_bonus":"THREE_ENEMY_KILL","is_daily":false,"chose_seed":false,"campfire_upgraded":2,"win_rate":0.0,"timestamp":1608870989,"path_taken":["M","?","?","M","?","R","E","M","T","E","R","?","R","M","R","BOSS"],"items_purchased_type":[],"build_version":"2020-12-22","purchased_purges":0,"victory":false,"max_hp_per_floor":[66,71,71,71,71,71,71,71,71,71,71,71,71,71,71,71,71],"card_choices":[{"not_picked":["Slice","Flying Knee"],"picked":"Dagger Throw","floor":1},{"not_picked":["Accuracy","Outmaneuver","PiercingWail"],"picked":"SKIP","floor":4},{"not_picked":["Skewer","Expertise"],"picked":"Backflip","floor":7},{"not_picked":["Deflect","Sucker Punch","Infinite Blades"],"picked":"SKIP","floor":8},{"not_picked":["Outmaneuver","Setup","Infinite Blades"],"picked":"SKIP","floor":10},{"not_picked":["Deadly Poison","Underhanded Strike"],"picked":"Leg Sweep","floor":12},{"not_picked":["Deflect","Leg Sweep","Dash"],"picked":"SKIP","floor":14}],"player_experience":1007960,"relics_obtained":[{"floor":7,"key":"Blue Candle"},{"floor":9,"key":"Pen Nib"},{"floor":10,"key":"Thread and Needle"}],"event_choices":[{"damage_healed":0,"gold_gain":0,"player_choice":"Donut","damage_taken":0,"max_hp_gain":5,"max_hp_loss":0,"event_name":"Big Fish","floor":2,"gold_loss":0},{"damage_healed":0,"gold_gain":0,"player_choice":"Success","damage_taken":18,"relics_obtained":["Bronze Scales"],"max_hp_gain":0,"max_hp_loss":0,"event_name":"Scrap Ooze","floor":3,"gold_loss":0},{"cards_removed":["Strike_G"],"damage_healed":0,"gold_gain":0,"player_choice":"Purged","damage_taken":0,"max_hp_gain":0,"max_hp_loss":0,"event_name":"Purifier","floor":5,"gold_loss":0}],"is_beta":false,"boss_relics":[],"items_purged_floors":[],"is_endless":false,"potions_floor_spawned":[4,14],"killed_by":"Slime Boss","ascension_level":20}}