{"host":"mjau5a91be6b66g4","time":1608877489,"event":{"mods":["BaseMod","Minty Spire (QoL Compilation)","StSLib","The Animator","The Bug Knight","The Jungle"],"gold_per_floor":[111,43,53,53,72,97,110,110,110,110,125,144,161,178,178,178,178],"floor_reached":16,"playtime":470,"items_purged":[],"score":106,"play_id":"964c93a4-d909-4440-a738-4a40ce662817","local_time":"20201225142449","is_ascension_mode":false,"campfire_choices":[{"data":"Barricade","floor":8,"key":"SMITH"},{"floor":10,"key":"REST"},{"floor":15,"key":"REST"}],"circlet_count":0,"master_deck":["Strike_R","Strike_R","Strike_R","Strike_R","Strike_R","Defend_R","Defend_R","Defend_R","Defend_R","Bash","Cleave","Pummel","Cleave","Dropkick","Barricade+1","Clothesline","Clothesline","Intimidate","Sentinel"],"relics":["Burning Blood","NeowsBlessing","Red Skull","PreservedInsect"],"acts_visited":["Exordium"],"potions_floor_usage":[6,6,12,12,14],"damage_taken":[{"damage":0,"enemies":"Jaw Worm","floor":1,"turns":1},{"damage":0,"enemies":"Cultist","floor":3,"turns":1},{"damage":0,"enemies":"2 Louse","floor":5,"turns":1},{"damage":18,"enemies":"Lagavulin","floor":6,"turns":3},{"damage":15,"enemies":"Looter","floor":7,"turns":3},{"damage":14,"enemies":"2 Fungi Beasts","floor":11,"turns":3},{"damage":18,"enemies":"Exordium Wildlife","floor":12,"turns":4},{"damage":9,"enemies":"Looter","floor":13,"turns":3},{"damage":9,"enemies":"Large Slime","floor":14,"turns":6},{"damage":75,"enemies":"Slime Boss","floor":16,"turns":11}],"seed_played":"-1012503227600436357","potions_obtained":[{"floor":3,"key":"DistilledChaos"},{"floor":5,"key":"SteroidPotion"},{"floor":6,"key":"DuplicationPotion"},{"floor":7,"key":"Ancient Potion"},{"floor":13,"key":"Fire Potion"}],"is_trial":false,"path_per_floor":["M","$","M","?","M","E","M","R","T","R","M","M","M","M","R","B"],"character_chosen":"IRONCLAD","items_purchased":["Pummel"],"campfire_rested":2,"item_purchase_floors":[2],"current_hp_per_floor":[80,80,80,80,80,68,59,59,59,80,72,60,57,54,78,3,3],"gold":178,"neow_bonus":"THREE_ENEMY_KILL","is_daily":false,"chose_seed":false,"campfire_upgraded":1,"win_rate":0.0,"timestamp":1608877489,"path_taken":["M","$","M","?","M","E","M","R","T","R","M","?","M","M","R","BOSS"],"items_purchased_type":["Card"],"build_version":"2020-12-22","purchased_purges":0,"victory":false,"max_hp_per_floor":[80,80,80,80,80,80,80,80,80,80,80,80,80,80,80,80,80],"card_choices":[{"not_picked":["Clothesline","Flex"],"picked":"Cleave","floor":1},{"not_picked":["Clothesline","True Grit"],"picked":"Cleave","floor":3},{"not_picked":["Havoc","Fire Breathing"],"picked":"Dropkick","floor":5},{"not_picked":["Limit Break","Bludgeon"],"picked":"Barricade","floor":6},{"not_picked":["Heavy Blade","Wild Strike"],"picked":"Clothesline","floor":7},{"not_picked":["Offering","Perfected Strike"],"picked":"Clothesline","floor":11},{"not_picked":["Sword Boomerang","Cleave"],"picked":"Intimidate","floor":12},{"not_picked":["Sword Boomerang","Whirlwind","Twin Strike"],"picked":"SKIP","floor":13},{"not_picked":["Bludgeon","Cleave"],"picked":"Sentinel","floor":14}],"player_experience":230293,"relics_obtained":[{"floor":6,"key":"Red Skull"},{"floor":9,"key":"PreservedInsect"}],"event_choices":[{"damage_healed":0,"gold_gain":0,"player_choice":"Full Heal","damage_taken":0,"max_hp_gain":0,"max_hp_loss":0,"event_name":"Wheel of Change","floor":4,"gold_loss":0}],"is_beta":false,"boss_relics":[],"items_purged_floors":[],"is_endless":false,"potions_floor_spawned":[3,5,6,7,13],"killed_by":"Slime Boss","ascension_level":0}}