{"host":"5jn3rki867005t18","time":1608886069,"event":{"mods":["AchievementEnabler","BaseMod","Colored Map","DeckTracker","Highlight Path","Minty Spire (QoL Compilation)","Permanent Neow","Quick Restart","StSLib","SuperFastMode"],"gold_per_floor":[113,188,199,199,374,374,390,390,438,448,466,481,481,498,498,595,595,612,612,632,290,290,323,119,119,119,218,249,249,268,301,301,402,402,416,416,416],"floor_reached":36,"playtime":2390,"items_purged":["Doubt","Strike_P"],"score":392,"play_id":"cb562fb4-cfba-49bf-afbb-e55caf7f4a0f","local_time":"20201225174749","is_ascension_mode":false,"campfire_choices":[{"floor":6.0,"key":"REST"},{"data":"SignatureMove","floor":13.0,"key":"SMITH"},{"data":"FlurryOfBlows","floor":15.0,"key":"SMITH"},{"floor":25,"key":"REST"},{"floor":29,"key":"REST"},{"floor":32,"key":"REST"}],"circlet_count":0,"master_deck":["Defend_P","Defend_P+1","Defend_P","Defend_P","Eruption+1","Vigilance","Meditate","WheelKick+1","FlurryOfBlows+1","SignatureMove+1","FollowUp","SashWhip","Ragnarok","BattleHymn+1","ForeignInfluence+1","DeusExMachina+1","Adaptation","Adaptation","Halt","FollowUp","Enlightenment","FollowUp+1"],"relics":["PureWater","Strawberry","Astrolabe","Nilry\u0027s Codex","OrangePellets","Bag of Marbles","Calipers","Red Mask","Oddly Smooth Stone","Runic Pyramid"],"acts_visited":["Exordium","TheCity","TheBeyond"],"potions_floor_usage":[20,23,31,36],"damage_taken":[{"damage":3.0,"enemies":"Jaw Worm","floor":1.0,"turns":6.0},{"damage":0.0,"enemies":"2 Louse","floor":3.0,"turns":3.0},{"damage":0.0,"enemies":"Small Slimes","floor":7.0,"turns":3.0},{"damage":3.0,"enemies":"3 Louse","floor":10.0,"turns":4.0},{"damage":5.0,"enemies":"Looter","floor":11.0,"turns":3.0},{"damage":0.0,"enemies":"Blue Slaver","floor":12.0,"turns":3.0},{"damage":4.0,"enemies":"Gremlin Gang","floor":14.0,"turns":4.0},{"damage":32.0,"enemies":"Slime Boss","floor":16.0,"turns":8.0},{"damage":6.0,"enemies":"Chosen","floor":18.0,"turns":3.0},{"damage":15,"enemies":"3 Byrds","floor":20,"turns":4},{"damage":39,"enemies":"Slavers","floor":23,"turns":3},{"damage":9,"enemies":"Masked Bandits","floor":28,"turns":3},{"damage":2,"enemies":"Cultist and Chosen","floor":30,"turns":3},{"damage":11,"enemies":"Gremlin Leader","floor":31,"turns":3},{"damage":51,"enemies":"Champ","floor":33,"turns":8},{"damage":7,"enemies":"Orb Walker","floor":35,"turns":3},{"damage":87,"enemies":"2 Orb Walkers","floor":36,"turns":3}],"seed_played":"-6491503200145693913","potions_obtained":[{"floor":7.0,"key":"GamblersBrew"},{"floor":10.0,"key":"Fire Potion"},{"floor":12.0,"key":"Swift Potion"},{"floor":16.0,"key":"LiquidMemories"},{"floor":20,"key":"Swift Potion"},{"floor":28,"key":"CultistPotion"},{"floor":33,"key":"Fire Potion"}],"is_trial":false,"path_per_floor":["M","?","M","?","?","R","M","?","T","M","M","M","R","M","R","B",null,"M","?","M","$","?","E","$","R","T","?","?","R","M","E","R","B",null,"M","?"],"character_chosen":"WATCHER","items_purchased":["Adaptation","Halt","OrangePellets","FollowUp","Enlightenment"],"campfire_rested":4,"item_purchase_floors":[21,21,21,24,24],"current_hp_per_floor":[76,65,65,49,49,72,72,72,79,76,71,71,71,67,67,35,86,80,64,49,49,49,10,10,35,35,35,26,51,49,38,63,12,86,79,0,0],"gold":416,"neow_bonus":"TEN_PERCENT_HP_BONUS","is_daily":false,"chose_seed":false,"campfire_upgraded":2,"win_rate":0.0,"timestamp":1608886069,"path_taken":["M","?","M","?","?","R","M","?","T","?","M","M","R","M","R","BOSS","M","?","M","$","?","E","$","R","T","?","?","R","M","E","R","BOSS","M","?"],"items_purchased_type":["Card","Card","Relic","Card","Card"],"build_version":"2020-12-22","purchased_purges":2,"victory":false,"max_hp_per_floor":[79,79,79,79,79,79,79,79,86,86,86,86,86,86,86,86,86,86,86,86,86,86,86,86,86,86,86,86,86,86,86,86,86,86,86,86,86],"card_choices":[{"not_picked":["JustLucky","Wireheading","Nirvana"],"picked":"SKIP","floor":1.0},{"not_picked":["Prostrate","Protect"],"picked":"Meditate","floor":3.0},{"not_picked":["Consecrate","Meditate"],"picked":"WheelKick","floor":7.0},{"not_picked":["Evaluate","DeceiveReality"],"picked":"FlurryOfBlows","floor":10.0},{"not_picked":["Halt","FlyingSleeves"],"picked":"SignatureMove","floor":11.0},{"not_picked":["EmptyBody","Evaluate"],"picked":"FollowUp","floor":12.0},{"not_picked":["Evaluate","Consecrate"],"picked":"SashWhip","floor":14.0},{"not_picked":["MasterReality","ConjureBlade"],"picked":"Ragnarok","floor":16.0},{"not_picked":["ThirdEye","PathToVictory"],"picked":"Adaptation","floor":18.0},{"not_picked":["Protect","Meditate","PathToVictory"],"picked":"SKIP","floor":20},{"not_picked":["JustLucky","FearNoEvil","Indignation+1"],"picked":"SKIP","floor":23},{"not_picked":["FlyingSleeves+1","Crescendo","CrushJoints"],"picked":"SKIP","floor":30},{"not_picked":["PathToVictory","WheelKick+1","Vengeance"],"picked":"SKIP","floor":31},{"not_picked":["Fasting2+1","CutThroughFate+1"],"picked":"FollowUp+1","floor":35}],"player_experience":128122,"relics_obtained":[{"floor":9.0,"key":"Strawberry"},{"floor":19.0,"key":"Nilry\u0027s Codex"},{"floor":23,"key":"Bag of Marbles"},{"floor":26,"key":"Calipers"},{"floor":28,"key":"Red Mask"},{"floor":31,"key":"Oddly Smooth Stone"}],"event_choices":[{"damage_healed":0.0,"max_hp_gain":0.0,"max_hp_loss":0.0,"gold_gain":75.0,"event_name":"World of Goop","player_choice":"Gather Gold","floor":2.0,"gold_loss":0.0,"damage_taken":11.0},{"damage_healed":0.0,"max_hp_gain":0.0,"max_hp_loss":0.0,"gold_gain":0.0,"event_name":"Shining Light","player_choice":"Entered Light","floor":4.0,"gold_loss":0.0,"damage_taken":16.0,"cards_upgraded":["Defend_P","Eruption"]},{"damage_healed":0.0,"max_hp_gain":0.0,"max_hp_loss":0.0,"gold_gain":175.0,"event_name":"Liars Game","player_choice":"AGREE","floor":5.0,"gold_loss":0.0,"damage_taken":0.0,"cards_obtained":["Doubt"]},{"damage_healed":0.0,"max_hp_gain":0.0,"max_hp_loss":0.0,"gold_gain":0.0,"event_name":"Living Wall","player_choice":"Grow","floor":8.0,"gold_loss":0.0,"damage_taken":0.0,"cards_upgraded":["WheelKick"]},{"damage_healed":0.0,"max_hp_gain":0.0,"max_hp_loss":0.0,"gold_gain":0.0,"event_name":"Cursed Tome","player_choice":"Obtained Book","floor":19.0,"gold_loss":0.0,"damage_taken":16.0},{"damage_healed":0,"gold_gain":0,"player_choice":"Ignored","damage_taken":0,"max_hp_gain":0,"max_hp_loss":0,"event_name":"Ghosts","floor":22,"gold_loss":0},{"damage_healed":0,"gold_gain":99,"player_choice":"Stole From Cult","damage_taken":0,"max_hp_gain":0,"max_hp_loss":0,"event_name":"Nest","floor":27,"gold_loss":0},{"damage_healed":0,"gold_gain":0,"player_choice":"Fought Bandits","damage_taken":0,"max_hp_gain":0,"max_hp_loss":0,"event_name":"Masked Bandits","floor":28,"gold_loss":0},{"damage_healed":0,"gold_gain":0,"player_choice":"Fight","damage_taken":0,"max_hp_gain":0,"max_hp_loss":0,"event_name":"Mysterious Sphere","floor":36,"gold_loss":0}],"is_beta":false,"boss_relics":[{"not_picked":["Calling Bell","Velvet Choker"],"picked":"Astrolabe"},{"not_picked":["SlaversCollar","Snecko Eye"],"picked":"Runic Pyramid"}],"items_purged_floors":[21,24],"is_endless":false,"potions_floor_spawned":[7,10,12,16,20,28,33],"killed_by":"2 Orb Walkers","ascension_level":0}}