{"host":"vtat3rddyckbno30","time":1608893133,"event":{"mods":["AchievementEnabler","BaseMod","BetterRewards","Colored Map","Downfall","Highlight Path","Minty Spire (QoL Compilation)","Replay The Spire","StSLib","everything is the same but u backflip on backflip"],"gold_per_floor":[112,22,97,97,61,61,61,71,71,95,107,119,131,168,180,297,309,341,278,276,318,330,330],"floor_reached":22,"playtime":1261,"items_purged":[],"score":278,"play_id":"0e0cad71-ee51-436a-830b-3a1d1f9b3dc0","local_time":"20201225114532","is_ascension_mode":false,"campfire_choices":[{"data":"ReplayTheSpireMod:Strike From Hell","floor":7.0,"key":"SMITH"},{"data":"True Grit","floor":13.0,"key":"SMITH"},{"floor":15.0,"key":"REST"}],"circlet_count":0,"master_deck":["Strike_R","Strike_R","Strike_R","Strike_R","Defend_R","Defend_R","Defend_R","Bash","Hemogenesis+1","Life Link","ReplayTheSpireMod:Strike From Hell+1","True Grit+1","Armaments+1","Exhume","Abandon","Shrug It Off","ReplayTheSpireMod:LeadingStrike+1"],"relics":["Burning Blood","Bag of Marbles","MawBank","Replay:Baseball","Electric Blood","Red Mask"],"acts_visited":["Exordium","TheCity"],"potions_floor_usage":[21],"damage_taken":[{"damage":3.0,"enemies":"Jaw Worm","floor":1.0,"turns":6.0},{"damage":2.0,"enemies":"Small Slimes","floor":8.0,"turns":4.0},{"damage":49.0,"enemies":"3 Sentries","floor":14.0,"turns":10.0},{"damage":37.0,"enemies":"The Guardian","floor":16.0,"turns":14.0},{"damage":46.0,"enemies":"Spheric Guardian","floor":18.0,"turns":6.0},{"damage":21.0,"enemies":"2 Thieves","floor":20.0,"turns":4.0},{"damage":27,"enemies":"Masked Bandits","floor":21,"turns":5},{"damage":50,"enemies":"Cultist and Chosen","floor":22,"turns":4}],"seed_played":"6162987740051928999","potions_obtained":[{"floor":8.0,"key":"Fire Potion"},{"floor":16.0,"key":"Strength Potion"}],"is_trial":false,"path_per_floor":["M","$","?","?","$","?","R","M","T","T","$","?","R","E","R","B",null,"M","?","M","?","M"],"character_chosen":"IRONCLAD","items_purchased":["Hemogenesis","ReplayTheSpireMod:Strike From Hell","True Grit","Armaments+1"],"campfire_rested":1,"item_purchase_floors":[0,2,2,5],"current_hp_per_floor":[80,80,69,69,69,69,69,73,73,73,73,66,66,23,47,30,80,40,40,25,26,0,0],"gold":330,"neow_bonus":"","is_daily":false,"chose_seed":false,"campfire_upgraded":2,"win_rate":0.0,"timestamp":1608893132,"path_taken":["M","$","?","?","$","?","R","?","T","?","$","?","R","E","R","BOSS","M","?","M","?","M"],"items_purchased_type":["Card","Card","Card","Card"],"build_version":"2020-12-22","purchased_purges":0,"victory":false,"max_hp_per_floor":[80,80,80,80,80,80,80,80,80,80,80,80,80,80,80,80,80,80,80,80,80,80,80],"card_choices":[{"not_picked":["Run Through","Power Through"],"picked":"Life Link","floor":1.0},{"not_picked":["Armaments","Flex","Sever Soul"],"picked":"SKIP","floor":8.0},{"not_picked":["Warcry","Run Through","Thunderclap"],"picked":"SKIP","floor":14.0},{"not_picked":["Barricade","Feed"],"picked":"Exhume","floor":16.0},{"not_picked":["Inflame+1","Warcry+1"],"picked":"Abandon","floor":18.0},{"not_picked":["Combust","Clothesline"],"picked":"Shrug It Off","floor":20.0},{"not_picked":["Dark Embrace+1","Anger"],"picked":"ReplayTheSpireMod:LeadingStrike+1","floor":21}],"player_experience":524771,"relics_obtained":[{"floor":9.0,"key":"Bag of Marbles"},{"floor":10.0,"key":"MawBank"},{"floor":14.0,"key":"Replay:Baseball"},{"floor":21,"key":"Red Mask"}],"event_choices":[{"damage_healed":0.0,"max_hp_gain":0.0,"max_hp_loss":0.0,"gold_gain":75.0,"event_name":"World of Goop","player_choice":"Gather Gold","floor":3.0,"gold_loss":0.0,"damage_taken":11.0},{"cards_removed":["Defend_R"],"damage_healed":0.0,"max_hp_gain":0.0,"max_hp_loss":0.0,"gold_gain":0.0,"event_name":"Wheel of Change","player_choice":"Card Removal","floor":6.0,"gold_loss":0.0,"damage_taken":0.0},{"cards_removed":["ReplayTheSpireMod:Strike From Hell"],"damage_healed":0.0,"max_hp_gain":0.0,"max_hp_loss":0.0,"gold_gain":0.0,"event_name":"Golden Wing","player_choice":"Card Removal","floor":12.0,"gold_loss":0.0,"damage_taken":7.0},{"cards_removed":["Strike_R"],"damage_healed":0.0,"max_hp_gain":0.0,"max_hp_loss":0.0,"gold_gain":0.0,"event_name":"Beggar","player_choice":"Gave Gold","floor":19.0,"gold_loss":75.0,"damage_taken":0.0},{"damage_healed":0,"gold_gain":0,"player_choice":"Fought Bandits","damage_taken":0,"max_hp_gain":0,"max_hp_loss":0,"event_name":"Masked Bandits","floor":21,"gold_loss":0}],"is_beta":false,"boss_relics":[{"not_picked":["Ooze Armor","Astrolabe"],"picked":"Electric Blood"}],"items_purged_floors":[],"is_endless":false,"potions_floor_spawned":[8,16],"killed_by":"Cultist and Chosen","ascension_level":0}}