{"host":"xb2tau8pgi8aflss","time":1608904478,"event":{"mods":["AchievementEnabler","BaseMod","Hermit","Minty Spire (QoL Compilation)","StSLib","SuperFastMode"],"gold_per_floor":[109,120,137,107,123,157,35,46,46,61,61,80,109,126,126,225,225,242,212,212,212,212,212],"floor_reached":22,"playtime":655,"items_purged":[],"score":250,"play_id":"de07549f-a19d-4683-a8f2-8f8fc067b265","local_time":"20201225225438","is_ascension_mode":true,"campfire_choices":[{"data":"Conserve Battery","floor":15,"key":"SMITH"}],"circlet_count":0,"master_deck":["Strike_B+1","Strike_B+1","Strike_B+1","Defend_B+1","Defend_B+1","Defend_B+1","Zap","Dualcast","White Noise","Consume","Self Repair","BootSequence","Conserve Battery+1","Double Energy","Electrodynamics","Double Energy","Cold Snap","Barrage","Sunder","Lockon","Static Discharge","Amplify","Hologram","Stack"],"relics":["FrozenCore","The Courier","DollysMirror","Gremlin Horn","Strawberry"],"acts_visited":["Exordium","TheCity"],"potions_floor_usage":[13,22],"damage_taken":[{"damage":6,"enemies":"Cultist","floor":1,"turns":3},{"damage":0,"enemies":"Small Slimes","floor":2,"turns":3},{"damage":9,"enemies":"Jaw Worm","floor":3,"turns":4},{"damage":0,"enemies":"Looter","floor":4,"turns":4},{"damage":8,"enemies":"2 Fungi Beasts","floor":5,"turns":4},{"damage":25,"enemies":"3 Sentries","floor":6,"turns":7},{"damage":0,"enemies":"3 Louse","floor":8,"turns":2},{"damage":11,"enemies":"Red Slaver","floor":10,"turns":3},{"damage":6,"enemies":"Exordium Wildlife","floor":12,"turns":4},{"damage":16,"enemies":"Lagavulin","floor":13,"turns":6},{"damage":0,"enemies":"3 Louse","floor":14,"turns":1},{"damage":21,"enemies":"Slime Boss","floor":16,"turns":6},{"damage":9,"enemies":"Shell Parasite","floor":18,"turns":6},{"damage":17,"enemies":"2 Thieves","floor":19,"turns":5},{"damage":61,"enemies":"Masked Bandits","floor":22,"turns":3}],"seed_played":"-8068430730049065608","potions_obtained":[{"floor":1,"key":"Ancient Potion"},{"floor":3,"key":"Regen Potion"},{"floor":8,"key":"EssenceOfDarkness"},{"floor":14,"key":"Dexterity Potion"}],"is_trial":false,"path_per_floor":["M","M","M","M","M","E","$","M","T","M","?","M","E","M","R","B",null,"M","M","?","?","?"],"character_chosen":"DEFECT","items_purchased":["DollysMirror"],"campfire_rested":0,"item_purchase_floors":[7],"current_hp_per_floor":[48,55,53,60,59,41,41,41,41,37,37,31,29,29,29,15,65,63,46,46,46,0,0],"gold":212,"neow_bonus":"TRANSFORM_TWO_CARDS","is_daily":false,"chose_seed":false,"campfire_upgraded":1,"win_rate":0.0,"timestamp":1608904478,"path_taken":["M","M","M","?","M","E","$","M","T","M","?","M","E","M","R","BOSS","M","M","?","?","?"],"items_purchased_type":["Relic"],"build_version":"2020-12-22","purchased_purges":0,"victory":false,"max_hp_per_floor":[75,75,75,75,75,75,75,75,75,75,75,75,82,82,82,82,82,82,82,82,82,82,82],"card_choices":[{"not_picked":["Gash","Rebound"],"picked":"Self Repair","floor":1},{"not_picked":["Beam Cell","Sweeping Beam"],"picked":"BootSequence","floor":2},{"not_picked":["Heatsinks","Turbo"],"picked":"Conserve Battery","floor":3},{"not_picked":["Sweeping Beam","Blizzard","Recycle"],"picked":"SKIP","floor":4},{"not_picked":["Scrape","Recycle"],"picked":"Double Energy","floor":5},{"not_picked":["Force Field","Skim"],"picked":"Electrodynamics","floor":6},{"not_picked":["Aggregate","Reprogram"],"picked":"Cold Snap","floor":8},{"not_picked":["Sweeping Beam","Go for the Eyes"],"picked":"Barrage","floor":10},{"not_picked":["Hologram","Darkness"],"picked":"Sunder","floor":12},{"not_picked":["Steam","Streamline"],"picked":"Lockon","floor":13},{"not_picked":["Leap","Beam Cell"],"picked":"Static Discharge","floor":14},{"not_picked":["Creative AI","Seek"],"picked":"Amplify","floor":16},{"not_picked":["Streamline","Steam"],"picked":"Hologram","floor":18},{"not_picked":["Beam Cell","Turbo","Self Repair"],"picked":"SKIP","floor":19}],"player_experience":762965,"relics_obtained":[{"floor":6,"key":"The Courier"},{"floor":9,"key":"Gremlin Horn"},{"floor":13,"key":"Strawberry"}],"event_choices":[{"damage_healed":0,"gold_gain":0,"player_choice":"Ignored","damage_taken":0,"max_hp_gain":0,"max_hp_loss":0,"event_name":"Liars Game","floor":11,"gold_loss":0},{"damage_healed":0,"gold_gain":0,"player_choice":"Read","damage_taken":0,"max_hp_gain":0,"max_hp_loss":0,"event_name":"The Library","floor":20,"gold_loss":0,"cards_obtained":["Stack"]},{"damage_healed":0,"gold_gain":0,"player_choice":"Simplicity","damage_taken":0,"max_hp_gain":0,"max_hp_loss":0,"event_name":"Back to Basics","floor":21,"gold_loss":0,"cards_upgraded":["Strike_B","Strike_B","Strike_B","Defend_B","Defend_B","Defend_B"]},{"damage_healed":0,"gold_gain":0,"player_choice":"Fought Bandits","damage_taken":0,"max_hp_gain":0,"max_hp_loss":0,"event_name":"Masked Bandits","floor":22,"gold_loss":0}],"is_beta":false,"boss_relics":[{"not_picked":["Nuclear Battery","SlaversCollar"],"picked":"FrozenCore"}],"items_purged_floors":[],"is_endless":false,"potions_floor_spawned":[1,3,8,10,12,14,18,19],"killed_by":"Masked Bandits","ascension_level":5}}