{"host":"337p6miwxbqfki03","time":1608861294,"event":{"mods":["BaseMod","Better Third Choice","Colored Map","Conspire","Downfall","Hermit","Hubris","Minty Spire (QoL Compilation)","Replay The Spire","StSLib","The Hierophant","The Marked","Unceasing Turn Reminder"],"gold_per_floor":[99,99,99,99,99,124,124,124,29,43,58,116,133,133,133],"floor_reached":14,"playtime":558,"items_purged":[],"score":86,"play_id":"9ccc22a9-379d-4689-a6ad-b4dec8a000dc","local_time":"20201224195454","is_ascension_mode":false,"campfire_choices":[{"data":"sneckomod:Unknown","floor":1,"key":"SMITH"}],"circlet_count":0,"master_deck":["sneckomod:Strike","sneckomod:Strike","sneckomod:Strike","sneckomod:Defend","sneckomod:Defend","sneckomod:Defend","sneckomod:TailWhip","sneckomod:SnekBite","sneckomod:Unknown+1","sneckomod:Unknown","sneckomod:Nope","sneckomod:SoulDraw","sneckomod:UnknownCommonSkill","sneckomod:UnknownX+1","sneckomod:QuickBite+1","sneckomod:MasterEye","sneckomod:UnlimitedRolls","sneckomod:UnknownCommonAttack+1","sneckomod:RainOfDice+1","sneckomod:SnekBeam+1"],"relics":["sneckomod:SneckoSoul","downfall:HeartsMalice","Kunai","Molten Egg 2","sneckomod:ConfusingCodex"],"acts_visited":["Exordium"],"potions_floor_usage":[],"damage_taken":[{"damage":0,"enemies":"2 Louse","floor":2,"turns":1},{"damage":0,"enemies":"conspire:RoseBush","floor":4,"turns":1},{"damage":0,"enemies":"Cultist","floor":5,"turns":1},{"damage":18,"enemies":"Lagavulin","floor":6,"turns":3},{"damage":0,"enemies":"downfall:FleeingMerchant","floor":9,"turns":5},{"damage":0,"enemies":"2 Fungi Beasts","floor":10,"turns":3},{"damage":25,"enemies":"Exordium Wildlife","floor":11,"turns":5},{"damage":12,"enemies":"3 Louse","floor":13,"turns":3},{"damage":40,"enemies":"3 Sentries","floor":14,"turns":5}],"seed_played":"4767080729742096680","potions_obtained":[{"floor":6,"key":"Ancient Potion"},{"floor":10,"key":"champ:CounterPotion"},{"floor":11,"key":"BlessingOfTheForge"}],"is_trial":false,"path_per_floor":["R","M","?","M","M","E","T","?","$","M","M","?","M","E"],"character_chosen":"THE_SNECKO","items_purchased":["sneckomod:MasterEye"],"campfire_rested":0,"item_purchase_floors":[9],"current_hp_per_floor":[90,90,90,90,91,74,74,74,74,74,50,50,38,0,0],"gold":133,"neow_bonus":"THREE_ENEMY_KILL","is_daily":false,"chose_seed":false,"campfire_upgraded":1,"win_rate":0.0,"timestamp":1608861294,"path_taken":["R","M","?","?","M","E","T","?","$","?","M","?","M","E"],"items_purchased_type":["Card"],"build_version":"2020-12-22","purchased_purges":0,"victory":false,"max_hp_per_floor":[90,90,90,90,91,92,92,92,92,92,93,93,93,93,93],"card_choices":[{"not_picked":["sneckomod:IronFang","sneckomod:Unknown1Cost"],"picked":"sneckomod:Nope","floor":2},{"not_picked":["sneckomod:UnknownClassRED","sneckomod:SnekBeam"],"picked":"sneckomod:SoulDraw","floor":4},{"not_picked":["sneckomod:Nope","sneckomod:SnakeSap"],"picked":"sneckomod:UnknownCommonSkill","floor":5},{"not_picked":["sneckomod:UnknownEthereal","sneckomod:RainOfDice"],"picked":"sneckomod:UnknownX","floor":6},{"not_picked":["sneckomod:UnknownCommonSkill","sneckomod:UnknownWeak"],"picked":"sneckomod:QuickBite+1","floor":9},{"not_picked":["sneckomod:ImprovisedGuard","sneckomod:Nope"],"picked":"sneckomod:UnlimitedRolls","floor":10},{"not_picked":["sneckomod:DiceCrush+1","sneckomod:UnknownStrike+1"],"picked":"sneckomod:UnknownCommonAttack+1","floor":11},{"not_picked":["sneckomod:Nope","sneckomod:UnknownStrike+1"],"picked":"sneckomod:RainOfDice+1","floor":12},{"not_picked":["sneckomod:UnknownUncommonAttack+1","sneckomod:UnknownX"],"picked":"sneckomod:SnekBeam+1","floor":13}],"player_experience":184210,"relics_obtained":[{"floor":6,"key":"Kunai"},{"floor":7,"key":"Molten Egg 2"},{"floor":12,"key":"sneckomod:ConfusingCodex"}],"event_choices":[{"damage_healed":0,"gold_gain":0,"player_choice":"Ignored","damage_taken":0,"max_hp_gain":0,"max_hp_loss":0,"event_name":"Purifier","floor":3,"gold_loss":0},{"damage_healed":0,"gold_gain":0,"player_choice":"Upgraded","damage_taken":0,"max_hp_gain":0,"max_hp_loss":0,"event_name":"Upgrade Shrine","floor":8,"gold_loss":0,"cards_upgraded":["sneckomod:UnknownX"]}],"is_beta":false,"boss_relics":[],"items_purged_floors":[],"is_endless":false,"potions_floor_spawned":[6,10,11,13],"killed_by":"3 Sentries","ascension_level":0}}