{"host":"pg2biz4zy3df4ctj","time":1608861235,"event":{"mods":["BaseMod","Minty Spire (QoL Compilation)","Quick Restart","Random Character Button"],"gold_per_floor":[209,227,227,237,0,29,29,29,29,60,135,135,151,451,451,546,546,560,574,117,117,158,158,158],"floor_reached":23,"playtime":653,"items_purged":["Strike_R","Regret"],"score":308,"play_id":"418cf854-e010-402a-b8e4-dd4a67060a61","local_time":"20201224175355","is_ascension_mode":true,"campfire_choices":[{"data":"Apotheosis","floor":7.0,"key":"SMITH"},{"floor":15.0,"key":"RECALL"}],"circlet_count":0,"master_deck":["AscendersBane","Strike_R","Defend_R","Defend_R+1","Defend_R+1","Defend_R","Bash","Pommel Strike","Blood for Blood","Apotheosis+1","Armaments","Reaper+1","Whirlwind","Barricade","Spot Weakness+1","Battle Trance+1","Sword Boomerang+1","Flame Barrier+1","HandOfGreed","Juggernaut","True Grit","Bloodletting"],"relics":["Burning Blood","Thread and Needle","Lizard Tail","Akabeko","Old Coin","Astrolabe"],"acts_visited":["Exordium","TheCity"],"potions_floor_usage":[22],"damage_taken":[{"damage":14.0,"enemies":"Jaw Worm","floor":1.0,"turns":3.0},{"damage":0.0,"enemies":"Small Slimes","floor":2.0,"turns":3.0},{"damage":0.0,"enemies":"Cultist","floor":4.0,"turns":4.0},{"damage":16.0,"enemies":"3 Sentries","floor":6.0,"turns":7.0},{"damage":17.0,"enemies":"Gremlin Nob","floor":10.0,"turns":4.0},{"damage":4.0,"enemies":"3 Louse","floor":13.0,"turns":4.0},{"damage":75.0,"enemies":"The Guardian","floor":16.0,"turns":13.0},{"damage":22.0,"enemies":"Shell Parasite","floor":18.0,"turns":4.0},{"damage":45.0,"enemies":"2 Thieves","floor":19.0,"turns":4.0},{"damage":34,"enemies":"Shelled Parasite and Fungi","floor":22,"turns":6},{"damage":46,"enemies":"Book of Stabbing","floor":23,"turns":4}],"seed_played":"-8838125308341609502","potions_obtained":[{"floor":1.0,"key":"FearPotion"},{"floor":2.0,"key":"Energy Potion"},{"floor":6.0,"key":"Weak Potion"},{"floor":16.0,"key":"BloodPotion"}],"is_trial":false,"path_per_floor":["M","M","?","M","$","E","R","$","T","E","?","?","M","?","R","B",null,"M","M","$","?","M","E"],"character_chosen":"IRONCLAD","items_purchased":["Apotheosis","HandOfGreed","Juggernaut","True Grit"],"campfire_rested":0,"item_purchase_floors":[5,20,20,20],"current_hp_per_floor":[64,70,54,60,60,50,50,50,50,39,28,28,40,40,40,26,67,51,46,46,40,37,0,0],"gold":158,"neow_bonus":"HUNDRED_GOLD","is_daily":false,"chose_seed":false,"campfire_upgraded":1,"win_rate":0.0,"timestamp":1608861235,"path_taken":["M","M","?","M","$","E","R","$","T","E","?","?","?","?","R","BOSS","M","M","$","?","M","E"],"items_purchased_type":["Card","Card","Card","Card"],"build_version":"2020-12-22","purchased_purges":2,"victory":false,"max_hp_per_floor":[80,80,80,80,80,80,80,80,80,80,80,80,80,80,80,80,80,80,80,80,80,80,80,80],"card_choices":[{"not_picked":["Pummel","Body Slam"],"picked":"Pommel Strike","floor":1.0},{"not_picked":["Battle Trance","Body Slam"],"picked":"Blood for Blood","floor":2.0},{"not_picked":["Pommel Strike","Wild Strike","Perfected Strike"],"picked":"SKIP","floor":4.0},{"not_picked":["Infernal Blade","Rupture"],"picked":"Armaments","floor":6.0},{"not_picked":["Body Slam","Headbutt"],"picked":"Reaper","floor":10.0},{"not_picked":["True Grit","Intimidate"],"picked":"Whirlwind","floor":13.0},{"not_picked":["Corruption","Exhume"],"picked":"Barricade","floor":16.0},{"not_picked":["Thunderclap","Wild Strike","Anger"],"picked":"SKIP","floor":18.0},{"not_picked":["Shrug It Off","Havoc+1"],"picked":"Flame Barrier+1","floor":19.0},{"not_picked":["Twin Strike","Thunderclap"],"picked":"Bloodletting","floor":22}],"player_experience":568676,"relics_obtained":[{"floor":6.0,"key":"Thread and Needle"},{"floor":9.0,"key":"Lizard Tail"},{"floor":10.0,"key":"Akabeko"}],"event_choices":[{"damage_healed":0.0,"max_hp_gain":0.0,"max_hp_loss":0.0,"gold_gain":0.0,"event_name":"Shining Light","player_choice":"Entered Light","floor":3.0,"gold_loss":0.0,"damage_taken":16.0,"cards_upgraded":["Defend_R","Defend_R"]},{"damage_healed":0.0,"max_hp_gain":0.0,"max_hp_loss":0.0,"gold_gain":75.0,"event_name":"World of Goop","player_choice":"Gather Gold","floor":11.0,"gold_loss":0.0,"damage_taken":11.0},{"damage_healed":0.0,"max_hp_gain":0.0,"max_hp_loss":0.0,"gold_gain":0.0,"event_name":"Accursed Blacksmith","player_choice":"Forge","floor":12.0,"gold_loss":0.0,"damage_taken":0.0,"cards_upgraded":["Reaper"]},{"damage_healed":0.0,"max_hp_gain":0.0,"max_hp_loss":0.0,"gold_gain":0.0,"event_name":"Big Fish","player_choice":"Box","floor":14.0,"gold_loss":0.0,"damage_taken":0.0,"relics_obtained":["Old Coin"],"cards_obtained":["Regret"]},{"damage_healed":0.0,"max_hp_gain":0.0,"max_hp_loss":0.0,"gold_gain":0.0,"event_name":"Knowing Skull","player_choice":"","floor":21.0,"potions_obtained":[],"gold_loss":0.0,"damage_taken":6.0,"cards_obtained":[]}],"is_beta":false,"boss_relics":[{"not_picked":["Velvet Choker","Runic Dome"],"picked":"Astrolabe"}],"items_purged_floors":[5,20],"is_endless":false,"potions_floor_spawned":[1,2,4,6,16,18],"killed_by":"Book of Stabbing","ascension_level":11}}