{"host":"wkq136ike0ligh15","time":1608866640,"event":{"mods":["Bard","BaseMod","Clockwork Mod","Minty Spire (QoL Compilation)","StSLib"],"gold_per_floor":[113,113,43,62,79,109,109,124,206,216,249,215,243,254,254,353,353,363,381,381,396,396,396,424,424,424,439,439,12,12,26,26,26,26],"floor_reached":33,"playtime":1500,"items_purged":[],"score":337,"play_id":"efa7e5d9-629a-4378-ac9f-6621bec08fce","local_time":"20201224222400","is_ascension_mode":false,"campfire_choices":[{"floor":7.0,"key":"REST"},{"floor":15.0,"key":"REST"},{"data":"Infinite Blades","floor":23.0,"key":"SMITH"},{"floor":25.0,"key":"REST"},{"data":"Blade Dance","floor":30.0,"key":"SMITH"},{"floor":32.0,"key":"REST"}],"circlet_count":0,"master_deck":["Strike_G","Strike_G","Strike_G","Strike_G","Strike_G","Defend_G","Defend_G","Defend_G","Defend_G","Defend_G","Survivor","Neutralize","Flechettes","Finisher","Flying Knee","Infinite Blades+1","Tools of the Trade","Dagger Throw","Outmaneuver","Blade Dance+1","Footwork+1","Dagger Spray","A Thousand Cuts+1","Dagger Spray+1","Choke","Bouncing Flask","Backflip+1","PiercingWail","Noxious Fumes+1","Dark Shackles","Heel Hook+1"],"relics":["Ring of the Snake","Ginger","Dead Branch","Frozen Egg 2","Nunchaku","Boot","SacredBark","Enchiridion","Tingsha","MealTicket","MutagenicStrength","Membership Card","Tiny Chest","Blue Candle"],"acts_visited":["Exordium","TheCity"],"potions_floor_usage":[33],"damage_taken":[{"damage":0.0,"enemies":"Small Slimes","floor":1.0,"turns":4.0},{"damage":0.0,"enemies":"Cultist","floor":4.0,"turns":3.0},{"damage":0.0,"enemies":"Jaw Worm","floor":5.0,"turns":4.0},{"damage":40.0,"enemies":"Lagavulin","floor":6.0,"turns":8.0},{"damage":3.0,"enemies":"2 Fungi Beasts","floor":8.0,"turns":3.0},{"damage":0.0,"enemies":"Red Slaver","floor":10.0,"turns":6.0},{"damage":23.0,"enemies":"3 Sentries","floor":11.0,"turns":7.0},{"damage":8.0,"enemies":"Lagavulin","floor":13.0,"turns":3.0},{"damage":6.0,"enemies":"Lots of Slimes","floor":14.0,"turns":4.0},{"damage":0.0,"enemies":"Slime Boss","floor":16.0,"turns":6.0},{"damage":21.0,"enemies":"3 Byrds","floor":18.0,"turns":5.0},{"damage":0.0,"enemies":"Spheric Guardian","floor":19.0,"turns":2.0},{"damage":5.0,"enemies":"Cultist and Chosen","floor":21.0,"turns":6.0},{"damage":25.0,"enemies":"Slavers","floor":24.0,"turns":4.0},{"damage":4.0,"enemies":"Centurion and Healer","floor":27.0,"turns":5.0},{"damage":9.0,"enemies":"Shelled Parasite and Fungi","floor":31.0,"turns":5.0},{"damage":77,"enemies":"Collector","floor":33,"turns":6}],"seed_played":"-1931964305203893789","potions_obtained":[{"floor":1.0,"key":"Fire Potion"},{"floor":6.0,"key":"Energy Potion"},{"floor":8.0,"key":"Fire Potion"},{"floor":10.0,"key":"DistilledChaos"},{"floor":13.0,"key":"EssenceOfSteel"},{"floor":18.0,"key":"DuplicationPotion"},{"floor":21.0,"key":"Fruit Juice"},{"floor":27.0,"key":"BlessingOfTheForge"}],"is_trial":false,"path_per_floor":["M","?","$","M","M","E","R","M","T","M","E","?","E","M","R","B",null,"M","M","?","M","?","R","E","R","T","M","?","$","R","M","R","B"],"character_chosen":"THE_SILENT","items_purchased":["Finisher","Membership Card","Tiny Chest","Blue Candle","Noxious Fumes+1","Dark Shackles"],"campfire_rested":4,"item_purchase_floors":[3,29,29,29,29,29],"current_hp_per_floor":[63,63,63,63,63,23,41,38,38,38,15,15,7,1,19,19,63,42,42,26,21,63,63,48,69,69,65,65,73,73,64,73,0,0],"gold":26,"neow_bonus":"ONE_RARE_RELIC","is_daily":false,"chose_seed":false,"campfire_upgraded":2,"win_rate":0.0,"timestamp":1608866640,"path_taken":["M","?","?","M","M","E","R","M","T","M","E","?","E","M","R","BOSS","M","M","?","M","?","R","E","R","T","?","?","$","R","M","R","BOSS"],"items_purchased_type":["Card","Relic","Relic","Relic","Card","Card"],"build_version":"2020-12-22","purchased_purges":0,"victory":false,"max_hp_per_floor":[63,63,63,63,63,63,63,63,63,63,63,63,63,63,63,63,63,63,63,63,63,63,63,73,73,73,73,73,73,73,73,73,73,73],"card_choices":[{"not_picked":["Catalyst","Well Laid Plans"],"picked":"Flechettes","floor":1.0},{"not_picked":["Bane","Noxious Fumes"],"picked":"Flying Knee","floor":4.0},{"not_picked":["Flying Knee","Blade Dance"],"picked":"Infinite Blades","floor":5.0},{"not_picked":["Choke","Calculated Gamble"],"picked":"Tools of the Trade","floor":6.0},{"not_picked":["Prepared","Calculated Gamble"],"picked":"Dagger Throw","floor":8.0},{"not_picked":["Reflex","Prepared"],"picked":"Outmaneuver","floor":10.0},{"not_picked":["Noxious Fumes+1","Masterful Stab"],"picked":"Blade Dance","floor":11.0},{"not_picked":["Flechettes","Blade Dance"],"picked":"Footwork+1","floor":13.0},{"not_picked":["Blur","Adrenaline"],"picked":"Dagger Spray","floor":14.0},{"not_picked":["Tools of the Trade+1","Glass Knife"],"picked":"A Thousand Cuts+1","floor":16.0},{"not_picked":["Dodge and Roll","Footwork+1"],"picked":"Dagger Spray+1","floor":18.0},{"not_picked":["PiercingWail","Bouncing Flask"],"picked":"Choke","floor":19.0},{"not_picked":["Well Laid Plans+1","Outmaneuver+1"],"picked":"Bouncing Flask","floor":21.0},{"not_picked":["Bane","Poisoned Stab"],"picked":"Backflip+1","floor":24.0},{"not_picked":["Outmaneuver","Poisoned Stab"],"picked":"PiercingWail","floor":27.0},{"not_picked":["Infinite Blades+1","Quick Slash+1"],"picked":"Heel Hook+1","floor":31.0}],"player_experience":231951,"relics_obtained":[{"floor":6.0,"key":"Dead Branch"},{"floor":9.0,"key":"Frozen Egg 2"},{"floor":11.0,"key":"Nunchaku"},{"floor":13.0,"key":"Boot"},{"floor":20.0,"key":"Enchiridion"},{"floor":24.0,"key":"Tingsha"},{"floor":26.0,"key":"MealTicket"}],"event_choices":[{"damage_healed":0.0,"max_hp_gain":0.0,"max_hp_loss":0.0,"gold_gain":0.0,"event_name":"Purifier","player_choice":"Ignored","floor":2.0,"gold_loss":0.0,"damage_taken":0.0},{"damage_healed":0.0,"max_hp_gain":0.0,"max_hp_loss":0.0,"gold_gain":0.0,"event_name":"World of Goop","player_choice":"Left Gold","floor":12.0,"gold_loss":34.0,"damage_taken":0.0},{"damage_healed":0.0,"max_hp_gain":0.0,"max_hp_loss":0.0,"gold_gain":0.0,"event_name":"Cursed Tome","player_choice":"Obtained Book","floor":20.0,"gold_loss":0.0,"damage_taken":16.0},{"damage_healed":42.0,"max_hp_gain":0.0,"max_hp_loss":0.0,"gold_gain":0.0,"event_name":"Wheel of Change","player_choice":"Full Heal","floor":22.0,"gold_loss":0.0,"damage_taken":0.0},{"damage_healed":0.0,"max_hp_gain":0.0,"max_hp_loss":0.0,"gold_gain":0.0,"event_name":"Drug Dealer","player_choice":"Inject Mutagens","floor":28.0,"gold_loss":0.0,"damage_taken":0.0,"relics_obtained":["MutagenicStrength"]}],"is_beta":false,"boss_relics":[{"not_picked":["Snecko Eye","Runic Pyramid"],"picked":"SacredBark"}],"items_purged_floors":[],"is_endless":false,"potions_floor_spawned":[1,6,8,10,13,18,21,27],"killed_by":"Collector","ascension_level":0}}