{"host":"tiwza2kisyyrpq7h","time":1608899106,"event":{"mods":["BaseMod","Better-Laid Plans","BetterRewards","Colored Powertips","Downfall","Minty Spire (QoL Compilation)","Quick Restart","Rare Cards Sparkle","Shop Mod","StSLib","SuperFastMode","The Servant 0.9.4","óô»ðÖ¸ÄÏ"],"gold_per_floor":[99,99,99,148,148,176,176,101,130,150,150,0,0,22,33,135,135,60,85,100,128,156,156,156,156],"floor_reached":23,"playtime":1299,"items_purged":["hexamod:Defend"],"score":249,"play_id":"346d22ca-8380-4a5e-9980-8c5b4325a3f6","local_time":"20201225202506","is_ascension_mode":false,"campfire_choices":[{"data":"hexamod:Float","floor":1.0,"key":"SMITH"},{"floor":8.0,"key":"RECALL"},{"data":"hexamod:EmpoweredFlame","floor":13.0,"key":"SMITH"},{"data":"hexamod:ParanormalForm","floor":18.0,"key":"SMITH"}],"circlet_count":0,"master_deck":["hexamod:Strike","hexamod:Strike+1","hexamod:Strike+1","hexamod:Defend","hexamod:Defend","hexamod:Defend","hexamod:Sear+1","hexamod:Float+1","hexamod:BurningTouch","hexamod:TimeOfNeed","hexamod:SecondSeal","hexamod:DynamicBlow+1","hexamod:EmpoweredFlame+1","hexamod:RadiantFlame","hexamod:FastForward","hexamod:RecurringNightmare","hexamod:ParanormalForm+1","hexamod:SpectersWail+1","hexamod:StepThrough+1","hexamod:ThirdSeal","hexamod:ExtraCrispy","hexamod:RainOfEmbers+1"],"relics":["hexamod:SpiritBrand","downfall:HeartsMalice","Shuriken","Molten Egg 2","downfall:HeartBlessingBlue","Toy Ornithopter","Coffee Dripper","downfall:HeartBlessingGreen"],"acts_visited":["Exordium","TheCity"],"potions_floor_usage":[23],"damage_taken":[{"damage":0.0,"enemies":"Small Slimes","floor":2.0,"turns":1.0},{"damage":0.0,"enemies":"Gremlin Nob","floor":6.0,"turns":1.0},{"damage":0.0,"enemies":"Lagavulin","floor":9.0,"turns":1.0},{"damage":0.0,"enemies":"Jaw Worm","floor":10.0,"turns":4.0},{"damage":4.0,"enemies":"downfall:FleeingMerchant","floor":12.0,"turns":4.0},{"damage":0.0,"enemies":"Cultist","floor":14.0,"turns":4.0},{"damage":1.0,"enemies":"Large Slime","floor":15.0,"turns":3.0},{"damage":60.0,"enemies":"downfall:Defect","floor":16.0,"turns":6.0},{"damage":10.0,"enemies":"Spheric Guardian","floor":19.0,"turns":4.0},{"damage":5.0,"enemies":"Snecko","floor":20.0,"turns":4.0},{"damage":20.0,"enemies":"Centurion and Healer","floor":21.0,"turns":4.0},{"damage":14.0,"enemies":"Snake Plant","floor":22.0,"turns":3.0},{"damage":38,"enemies":"Book of Stabbing","floor":23,"turns":5}],"seed_played":"-6563904198992238297","potions_obtained":[{"floor":6.0,"key":"Explosive Potion"},{"floor":15.0,"key":"DuplicationPotion"},{"floor":16.0,"key":"Ancient Potion"}],"is_trial":false,"path_per_floor":["R","M","?","T","?","E","T","R","E","M","?","$","R","M","M","B",null,"R","M","M","M","M","E"],"character_chosen":"THE_SPIRIT","items_purchased":["hexamod:RadiantFlame"],"campfire_rested":0,"item_purchase_floors":[12],"current_hp_per_floor":[70,70,70,70,70,70,70,80,80,80,80,76,76,76,75,15,80,80,70,65,45,31,0,0,0],"gold":156,"neow_bonus":"THREE_ENEMY_KILL","is_daily":false,"chose_seed":false,"campfire_upgraded":3,"win_rate":0.0,"timestamp":1608899106,"path_taken":["R","M","?","?","?","E","T","R","E","?","?","?","R","M","M","BOSS","R","M","M","M","M","E"],"items_purchased_type":["Card"],"build_version":"2020-12-22","purchased_purges":1,"victory":false,"max_hp_per_floor":[70,70,70,70,70,70,70,80,80,80,80,80,80,80,80,80,80,80,80,80,80,80,80,80,80],"card_choices":[{"not_picked":["hexamod:RainOfEmbers","hexamod:InspiringFlames"],"picked":"hexamod:BurningTouch","floor":2.0},{"not_picked":["hexamod:NightmareGuise","hexamod:SpectersWail"],"picked":"hexamod:TimeOfNeed","floor":6.0},{"not_picked":["hexamod:HeatCrush+1","hexamod:AdvancingGuard"],"picked":"hexamod:SecondSeal","floor":9.0},{"not_picked":["hexamod:NecessarySacrifice","hexamod:Again"],"picked":"hexamod:DynamicBlow+1","floor":10.0},{"not_picked":["hexamod:InspiringFlames","hexamod:SkipABeat"],"picked":"hexamod:EmpoweredFlame","floor":12.0},{"not_picked":["hexamod:AdvancingGuard","hexamod:GhostLash+1"],"picked":"hexamod:FastForward","floor":14.0},{"not_picked":["hexamod:NightmareStrike+1","hexamod:GhostLash+1"],"picked":"hexamod:RecurringNightmare","floor":15.0},{"not_picked":["hexamod:TimeWarp+1","hexamod:CrushingStance+1"],"picked":"hexamod:ParanormalForm","floor":16.0},{"not_picked":["hexamod:SoulSteal","hexamod:RainOfEmbers+1"],"picked":"hexamod:SpectersWail+1","floor":19.0},{"not_picked":["hexamod:BacktrackSmack+1","hexamod:InspiringFlames"],"picked":"hexamod:StepThrough+1","floor":20.0},{"not_picked":["hexamod:NightmareStrike+1","hexamod:ThermalTransfer+1"],"picked":"hexamod:ThirdSeal","floor":21.0},{"not_picked":["hexamod:Incineration+1","hexamod:GhostShield"],"picked":"hexamod:ExtraCrispy","floor":22.0},{"not_picked":["hexamod:SwordOfDarkness+1","hexamod:ShieldOfDarkness"],"picked":"hexamod:RainOfEmbers+1","floor":22.0}],"player_experience":929476,"relics_obtained":[{"floor":6.0,"key":"Shuriken"},{"floor":7.0,"key":"Molten Egg 2"},{"floor":9.0,"key":"Toy Ornithopter"}],"event_choices":[{"cards_removed":["Regret"],"damage_healed":0.0,"max_hp_gain":0.0,"max_hp_loss":0.0,"gold_gain":0.0,"event_name":"Wheel of Change","player_choice":"Card Removal","floor":5.0,"gold_loss":0.0,"damage_taken":0.0},{"cards_removed":["hexamod:Strike"],"damage_healed":0.0,"max_hp_gain":0.0,"max_hp_loss":0.0,"gold_gain":0.0,"event_name":"Bonfire Elementals","player_choice":"Offered Basic","floor":11.0,"gold_loss":0.0,"damage_taken":0.0}],"is_beta":false,"boss_relics":[{"not_picked":["Empty Cage","Runic Dome"],"picked":"Coffee Dripper"}],"items_purged_floors":[12],"is_endless":false,"potions_floor_spawned":[6,15,16,19,20],"killed_by":"Book of Stabbing","ascension_level":0}}