{"host":"anox4050deqdcqoh","time":1608917739,"event":{"mods":["BaseMod","Colored Map","Minty Spire (QoL Compilation)","Quick Restart"],"gold_per_floor":[113,113,132,146,161,161,192,192,216,216,234,234,90,39,39,140,140,155,155,173,184,283,283,298,298,298],"floor_reached":25,"playtime":1597,"items_purged":[],"score":203,"play_id":"6c33c196-a9c0-491e-8faf-47de20036b4a","local_time":"20201225123539","is_ascension_mode":false,"campfire_choices":[{"data":"Eruption","floor":6,"key":"SMITH"},{"data":"Wallop","floor":8,"key":"SMITH"},{"floor":10,"key":"REST"},{"floor":12,"key":"REST"},{"floor":15,"key":"REST"},{"floor":23,"key":"REST"}],"circlet_count":0,"master_deck":["Eruption+1","Vigilance","Injury","Wallop+1","Evaluate","WaveOfTheHand","ReachHeaven","DeusExMachina","FollowUp","WreathOfFlame","EmptyMind","Brilliance","Nirvana","SashWhip","DevaForm","CrushJoints","FlurryOfBlows","Protect"],"relics":["PureWater","StoneCalendar","Potion Belt","Sling","Pandora\u0027s Box","Smiling Mask"],"acts_visited":["Exordium","TheCity"],"potions_floor_usage":[7,7,11,11,16,18,18,21,24,25],"damage_taken":[{"damage":3,"enemies":"Jaw Worm","floor":1,"turns":3},{"damage":2,"enemies":"Cultist","floor":3,"turns":3},{"damage":2,"enemies":"2 Louse","floor":4,"turns":3},{"damage":8,"enemies":"2 Fungi Beasts","floor":5,"turns":5},{"damage":34,"enemies":"Lagavulin","floor":7,"turns":4},{"damage":38,"enemies":"Exordium Thugs","floor":11,"turns":7},{"damage":11,"enemies":"The Guardian","floor":16,"turns":7},{"damage":0,"enemies":"Spheric Guardian","floor":18,"turns":2},{"damage":22,"enemies":"Chosen","floor":20,"turns":6},{"damage":42,"enemies":"Snake Plant","floor":21,"turns":3},{"damage":16,"enemies":"Shelled Parasite and Fungi","floor":24,"turns":3},{"damage":14,"enemies":"Sentry and Sphere","floor":25,"turns":3}],"seed_played":"-646632284753341455","potions_obtained":[{"floor":1,"key":"ColorlessPotion"},{"floor":2,"key":"SteroidPotion"},{"floor":2,"key":"SpeedPotion"},{"floor":7,"key":"Energy Potion"},{"floor":11,"key":"Fire Potion"},{"floor":16,"key":"Strength Potion"},{"floor":18,"key":"FearPotion"},{"floor":20,"key":"BlessingOfTheForge"},{"floor":21,"key":"DuplicationPotion"}],"is_trial":false,"path_per_floor":["M","?","M","M","M","R","E","R","T","R","M","R","$","$","R","B",null,"M","?","M","M","?","R","M","M"],"character_chosen":"WATCHER","items_purchased":["Sling","SkillPotion"],"campfire_rested":4,"item_purchase_floors":[13,14],"current_hp_per_floor":[69,69,67,65,57,57,23,23,23,44,6,27,27,27,48,37,72,72,72,50,8,8,29,13,0,0],"gold":298,"neow_bonus":"ONE_RARE_RELIC","is_daily":false,"chose_seed":false,"campfire_upgraded":2,"win_rate":0.0,"timestamp":1608917739,"path_taken":["M","?","M","M","?","R","E","R","T","R","M","R","?","$","R","BOSS","M","?","M","M","?","R","M","M"],"items_purchased_type":["Relic","Potion"],"build_version":"2020-12-22","purchased_purges":0,"victory":false,"max_hp_per_floor":[72,72,72,72,72,72,72,72,72,72,72,72,72,72,72,72,72,72,72,72,72,72,72,72,72,72],"card_choices":[{"not_picked":["EmptyMind","WreathOfFlame","TalkToTheHand"],"picked":"SKIP","floor":1},{"not_picked":["PathToVictory","Prostrate"],"picked":"Wallop","floor":3},{"not_picked":["JustLucky","Worship","WindmillStrike"],"picked":"SKIP","floor":4},{"not_picked":["InnerPeace","Consecrate"],"picked":"Evaluate","floor":5},{"not_picked":["Weave","MentalFortress"],"picked":"WaveOfTheHand","floor":7},{"not_picked":["PathToVictory","CrushJoints"],"picked":"ReachHeaven","floor":11},{"not_picked":["Wish","Establishment"],"picked":"DeusExMachina","floor":16},{"not_picked":["CutThroughFate","EmptyFist","PathToVictory"],"picked":"SKIP","floor":18},{"not_picked":["Consecrate","EmptyBody"],"picked":"FlurryOfBlows","floor":20},{"not_picked":["JustLucky","Consecrate","SashWhip"],"picked":"SKIP","floor":21},{"not_picked":["CrushJoints","JustLucky"],"picked":"Protect","floor":24}],"player_experience":197823,"relics_obtained":[{"floor":7,"key":"Potion Belt"}],"event_choices":[{"damage_healed":0,"gold_gain":0,"player_choice":"Got Potions","damage_taken":0,"max_hp_gain":0,"max_hp_loss":0,"event_name":"Lab","floor":2,"gold_loss":0},{"damage_healed":0,"gold_gain":0,"player_choice":"Opened","damage_taken":0,"relics_obtained":["Smiling Mask"],"max_hp_gain":0,"max_hp_loss":0,"event_name":"The Mausoleum","floor":19,"gold_loss":0},{"damage_healed":0,"gold_gain":99,"player_choice":"Stole From Cult","damage_taken":0,"max_hp_gain":0,"max_hp_loss":0,"event_name":"Nest","floor":22,"gold_loss":0}],"is_beta":false,"boss_relics":[{"not_picked":["Black Star","Velvet Choker"],"picked":"Pandora\u0027s Box"}],"items_purged_floors":[],"is_endless":false,"potions_floor_spawned":[1,7,11,16,18,20,21],"killed_by":"Sentry and Sphere","ascension_level":0}}