{"host":"81h68oe4mr04pk3r","time":1608891104,"event":{"mods":["Act Like it!","Aspiration","BaseMod","BetterRewards","Colored Map","Colored Powertips","Conspire","Downfall","Hermit","Hubris","Infinite Spire","Jorbs\u0027s Wanderer Trilogy","Koishi","Lobotomy","LobotomyExtend","Marisa????????","Minty Spire (QoL Compilation)","Quick Restart","Reimu??????","Remilia??????","Replay The Spire","StSLib","The Bug Knight","The Construct","The Cursed","The Disciple","The Servant 0.9.4"],"gold_per_floor":[119,119,136,148,164,164,227,227,254,268,284,284,284,304,304,304,304],"floor_reached":16,"playtime":710,"items_purged":[],"score":96,"play_id":"fff137bd-2de1-461b-8ca5-74fc25480b5f","local_time":"20201225021144","is_ascension_mode":false,"campfire_choices":[{"floor":6,"key":"REST"},{"data":"HollowMod:NewGlowingWomb","floor":8,"key":"SMITH"},{"floor":15,"key":"REST"}],"circlet_count":0,"master_deck":["HollowMod:NailStrikeStart","HollowMod:NailStrikeStart","HollowMod:NailStrikeStart","HollowMod:NailStrikeStart","HollowMod:QuickDashStart","HollowMod:QuickDashStart","HollowMod:QuickDashStart","HollowMod:QuickDashStart+1","HollowMod:FocusHealStart","HollowMod:PogoStrike","expansioncontent:TimeRipple","HollowMod:BlackTendrils+1","HollowMod:InfectedAttack","HollowMod:SiblingsShadow+1","HollowMod:NewGlowingWomb+1","HollowMod:NewJinnsSoul","HollowMod:ShadowDash","HollowMod:DungDefenderAura"],"relics":["HollowMod:VesselMask","War Paint","LetterFromLob"],"acts_visited":["Exordium"],"potions_floor_usage":[16],"damage_taken":[{"damage":11,"enemies":"Jaw Worm","floor":1,"turns":3},{"damage":0,"enemies":"Small Slimes","floor":3,"turns":3},{"damage":0,"enemies":"2 Louse","floor":4,"turns":1},{"damage":17,"enemies":"2 Fungi Beasts","floor":5,"turns":3},{"damage":20,"enemies":"Looter","floor":10,"turns":3},{"damage":15,"enemies":"Lots of Slimes","floor":11,"turns":4},{"damage":0,"enemies":"3 Louse","floor":12,"turns":1},{"damage":6,"enemies":"Exordium Thugs","floor":14,"turns":4},{"damage":97,"enemies":"Fading Forest","floor":16,"turns":7}],"seed_played":"1455085697287085190","potions_obtained":[{"floor":10,"key":"Swift Potion"},{"floor":14,"key":"ZuzhouPotion:ReiMu"}],"is_trial":false,"path_per_floor":["M","?","M","M","M","R","?","R","T","M","M","M","?","M","R","B"],"character_chosen":"THE_BUGKNIGHT","items_purchased":[],"campfire_rested":2,"item_purchase_floors":[],"current_hp_per_floor":[70,70,70,70,56,75,75,75,75,58,48,48,48,45,67,0,0],"gold":304,"neow_bonus":"RANDOM_COLORLESS","is_daily":false,"chose_seed":false,"campfire_upgraded":1,"win_rate":0.0,"timestamp":1608891104,"path_taken":["M","?","M","M","M","R","?","R","T","M","M","M","?","M","R","BOSS"],"items_purchased_type":[],"build_version":"2020-12-22","purchased_purges":0,"victory":false,"max_hp_per_floor":[75,75,75,75,75,75,75,75,75,75,75,75,75,75,75,75,75],"card_choices":[{"not_picked":["Flash of Steel","expansioncontent:AwakenDeath"],"picked":"expansioncontent:TimeRipple","floor":0},{"not_picked":["HollowMod:HeavyBlow","HollowMod:SoulSplash"],"picked":"HollowMod:BlackTendrils","floor":1},{"not_picked":["HollowMod:GoodIntentions","HollowMod:DesolateDive"],"picked":"HollowMod:InfectedAttack","floor":3},{"not_picked":["HollowMod:PureNailStrike","HollowMod:MidwifesHunger"],"picked":"HollowMod:SiblingsShadow","floor":4},{"not_picked":["HollowMod:MawleksShell","HollowMod:NewLittleFool"],"picked":"HollowMod:NewGlowingWomb","floor":5},{"not_picked":["HollowMod:LifebloodCocoon","HollowMod:SharpenedNail"],"picked":"HollowMod:NewJinnsSoul","floor":10},{"not_picked":["HollowMod:ChannelNail","HollowMod:DungDefenderAura"],"picked":"HollowMod:ShadowDash","floor":11},{"not_picked":["HollowMod:NewJinnsSoul","HollowMod:SoulSplash","HollowMod:ShadowDash"],"picked":"SKIP","floor":12},{"not_picked":["HollowMod:BaldurShell","HollowMod:HowlingWraiths"],"picked":"HollowMod:DungDefenderAura","floor":14}],"player_experience":186836,"relics_obtained":[{"floor":9,"key":"War Paint"},{"floor":11,"key":"LetterFromLob"}],"event_choices":[{"damage_healed":0,"gold_gain":0,"player_choice":"Grow","damage_taken":0,"max_hp_gain":0,"max_hp_loss":0,"event_name":"Living Wall","floor":2,"gold_loss":0,"cards_upgraded":["HollowMod:BlackTendrils"]},{"damage_healed":0,"gold_gain":63,"player_choice":"Gained Gold","damage_taken":0,"max_hp_gain":0,"max_hp_loss":0,"event_name":"Golden Wing","floor":7,"gold_loss":0},{"damage_healed":0,"gold_gain":0,"player_choice":"Searched \u00270\u0027 times","damage_taken":0,"max_hp_gain":0,"max_hp_loss":0,"event_name":"Dead Adventurer","floor":13,"gold_loss":0}],"is_beta":false,"boss_relics":[],"items_purged_floors":[],"is_endless":false,"potions_floor_spawned":[10,12,14],"killed_by":"Fading Forest","ascension_level":0}}