{"host":"2461dio7vetlq1z3","time":1608873831,"event":{"mods":["2.2 Compatiblity","AchievementEnabler","Aspiration","BaseMod","Better Third Choice","Downfall","Hermit","Minty Spire (QoL Compilation)","Relic Stats","Spicy Shops","StSLib","The Runesmith","Waifu the Spire"],"gold_per_floor":[110,125,138,65,65,65,90,109,180,180,215,232,232,263,263,358,358,373,392,392,392,403,429,429,429,429,64,95,112,140,15,15,115,115,130,0,13,13,13,13,48,48,93,120,131,131,81,81,81,81],"floor_reached":51,"playtime":2317,"items_purged":["Pain","champ:Strike+1","champ:Strike+1","champ:EnragedBash"],"score":1143,"play_id":"d5929c88-0be3-48b6-9533-22a6c17bdcdd","local_time":"20201225062351","is_ascension_mode":true,"campfire_choices":[{"data":"champ:Execute","floor":6,"key":"SMITH"},{"floor":13,"key":"REST"},{"data":"champ:Taunt","floor":15,"key":"SMITH"},{"data":"champ:MurderStrike","floor":24,"key":"SMITH"},{"data":"champ:Improvising","floor":32,"key":"SMITH"},{"data":"champ:RecklessLeap","floor":40,"key":"SMITH"},{"floor":46,"key":"REST"},{"data":"champ:ShieldWall","floor":49,"key":"SMITH"}],"circlet_count":0,"master_deck":["champ:Defend","champ:Defend","champ:Defend","champ:Defend","champ:Execute+1","champ:Taunt+1","champ:SwordSigil","champ:GladiatorStyle","champ:Haymaker","champ:RecklessLeap+1","champ:MurderStrike+1","champ:GladiatorsShout","champ:RecklessLeap","champ:CrownThrow","champ:RisingSlash","champ:ArenaPreparation","champ:MurderStrike","champ:PreciseThrust+1","champ:Improvising+1","champ:CrownThrow+1","champ:BladeFlurry+1","champ:ShieldWall+1","champ:RecklessLeap+1"],"relics":["champ:ChampionCrown","aspiration:Nostalgia","Runesmith:BrokenRuby","aspiration:ChemicalBlood","InkBottle","Lantern","Whetstone","Juzu Bracelet","aspiration:SecretTechniqueScroll","Molten Egg 2","WarpedTongs","Mercury Hourglass","Akabeko","Question Card","Snecko Eye","Red Mask","Smiling Mask","Oddly Smooth Stone","Pen Nib"],"acts_visited":["Exordium","TheCity","TheBeyond"],"potions_floor_usage":[11,12,14,14,16,16,16,20,22,22,23,23,28,28,29,30,33,33,37,41,44,44,50,50,50],"damage_taken":[{"damage":6,"enemies":"Cultist","floor":1,"turns":3},{"damage":2,"enemies":"Jaw Worm","floor":2,"turns":3},{"damage":5,"enemies":"Small Slimes","floor":3,"turns":3},{"damage":36,"enemies":"Gremlin Nob","floor":7,"turns":3},{"damage":43,"enemies":"Exordium Thugs","floor":8,"turns":4},{"damage":22,"enemies":"3 Sentries","floor":11,"turns":5},{"damage":20,"enemies":"Gremlin Gang","floor":12,"turns":3},{"damage":41,"enemies":"Lagavulin","floor":14,"turns":4},{"damage":32,"enemies":"The Guardian","floor":16,"turns":7},{"damage":19,"enemies":"Shell Parasite","floor":18,"turns":4},{"damage":18,"enemies":"Chosen","floor":19,"turns":2},{"damage":30,"enemies":"Snecko","floor":22,"turns":2},{"damage":40,"enemies":"Gremlin Leader","floor":23,"turns":2},{"damage":22,"enemies":"Slavers","floor":28,"turns":4},{"damage":5,"enemies":"Centurion and Healer","floor":29,"turns":4},{"damage":55,"enemies":"Gremlin Leader","floor":30,"turns":3},{"damage":41,"enemies":"Champ","floor":33,"turns":5},{"damage":15,"enemies":"Orb Walker","floor":35,"turns":2},{"damage":7,"enemies":"3 Darklings","floor":37,"turns":3},{"damage":50,"enemies":"Nemesis","floor":41,"turns":3},{"damage":47,"enemies":"Reptomancer","floor":44,"turns":3},{"damage":17,"enemies":"Sphere and 2 Shapes","floor":45,"turns":2},{"damage":59,"enemies":"Donu and Deca","floor":50,"turns":3}],"seed_played":"-4832846520286392363","potions_obtained":[{"floor":8,"key":"CultistPotion"},{"floor":11,"key":"champ:CounterPotion"},{"floor":12,"key":"champ:OpenerPotion"},{"floor":14,"key":"Block Potion"},{"floor":14,"key":"BlessingOfTheForge"},{"floor":16,"key":"champ:OpenerPotion"},{"floor":16,"key":"Energy Potion"},{"floor":19,"key":"Dexterity Potion"},{"floor":20,"key":"Fruit Juice"},{"floor":20,"key":"champ:OpenerPotion"},{"floor":22,"key":"SpeedPotion"},{"floor":22,"key":"AttackPotion"},{"floor":23,"key":"Weak Potion"},{"floor":28,"key":"EntropicBrew"},{"floor":29,"key":"Energy Potion"},{"floor":30,"key":"DistilledChaos"},{"floor":35,"key":"FearPotion"},{"floor":37,"key":"DuplicationPotion"},{"floor":41,"key":"champ:OpenerPotion"},{"floor":44,"key":"Weak Potion"},{"floor":50,"key":"Block Potion"},{"floor":50,"key":"FearPotion"}],"is_trial":false,"path_per_floor":["M","M","M","$","$","R","E","M","T","?","E","M","R","E","R","B",null,"M","M","?","?","M","E","R","?","T","$","E","M","E","$","R","B",null,"M","?","M","?","$","R","E","$","T","E","M","R","$","?","R","B",null],"character_chosen":"THE_CHAMP","items_purchased":["champ:RecklessLeap","champ:PreciseThrust+1","champ:Improvising"],"campfire_rested":2,"item_purchase_floors":[4,27,27],"current_hp_per_floor":[89,87,87,87,87,87,71,48,48,41,22,17,44,33,33,33,76,72,69,74,74,79,79,79,79,79,79,62,67,67,67,67,67,96,96,96,94,94,94,94,64,64,64,57,57,88,88,88,88,84],"gold":81,"neow_bonus":"NOSTALGIA","is_daily":false,"chose_seed":false,"campfire_upgraded":6,"win_rate":0.0,"timestamp":1608873831,"path_taken":["M","M","M","?","$","R","E","M","T","?","E","M","R","E","R","BOSS","M","M","?","?","M","E","R","?","T","$","E","M","E","$","R","BOSS","M","?","M","?","?","R","E","$","T","E","M","R","$","?","R","BOSS"],"items_purchased_type":["Card","Card","Card"],"build_version":"2020-12-22","purchased_purges":4,"victory":true,"max_hp_per_floor":[90,90,90,90,90,90,90,90,90,90,90,90,90,90,90,90,90,90,90,95,95,100,100,100,100,100,100,100,105,105,105,105,105,105,105,105,105,105,105,105,105,105,105,105,105,105,105,105,105,105],"relic_stats":{"counters":[23,76],"Snecko Eye":[53,33,53,46],"Pen Nib":[2],"Juzu Bracelet":3,"Whetstone":["champ:Strike","champ:Strike"],"Question Card":10,"Smiling Mask":100,"obtain_stats":[{"Runesmith:BrokenRuby":0,"Lantern":10,"aspiration:Nostalgia":0,"Oddly Smooth Stone":41,"champ:ChampionCrown":0,"Pen Nib":44,"Juzu Bracelet":14,"Whetstone":11,"aspiration:SecretTechniqueScroll":17,"Question Card":30,"Smiling Mask":38,"Akabeko":28,"WarpedTongs":25,"Mercury Hourglass":26,"Snecko Eye":34,"Molten Egg 2":23,"Red Mask":36,"InkBottle":9,"aspiration:ChemicalBlood":7},{"Runesmith:BrokenRuby":0,"Lantern":5,"aspiration:Nostalgia":0,"Oddly Smooth Stone":20,"champ:ChampionCrown":0,"Pen Nib":21,"Juzu Bracelet":8,"Whetstone":6,"aspiration:SecretTechniqueScroll":9,"Question Card":16,"Smiling Mask":19,"Akabeko":14,"WarpedTongs":13,"Mercury Hourglass":13,"Snecko Eye":17,"Molten Egg 2":13,"Red Mask":18,"InkBottle":5,"aspiration:ChemicalBlood":4},{"Runesmith:BrokenRuby":0,"Lantern":16,"aspiration:Nostalgia":0,"Oddly Smooth Stone":68,"champ:ChampionCrown":0,"Pen Nib":71,"Juzu Bracelet":28,"Whetstone":21,"aspiration:SecretTechniqueScroll":35,"Question Card":56,"Smiling Mask":65,"Akabeko":49,"WarpedTongs":45,"Mercury Hourglass":45,"Snecko Eye":61,"Molten Egg 2":45,"Red Mask":63,"InkBottle":16,"aspiration:ChemicalBlood":12}],"InkBottle":[23],"WarpedTongs":[31],"Mercury Hourglass":[126]},"card_choices":[{"not_picked":["champ:Circumvent","champ:DefensiveShout"],"picked":"champ:SwordSigil","floor":1},{"not_picked":["champ:FightOn","champ:HeartStrike"],"picked":"champ:GladiatorStyle","floor":2},{"not_picked":["champ:BerserkerStyle","champ:Backstep"],"picked":"champ:Haymaker","floor":3},{"not_picked":["champ:Encircle","champ:FocusedDefense"],"picked":"champ:MurderStrike","floor":7},{"not_picked":["champ:TornadoPunch","champ:FaceSlap"],"picked":"champ:GladiatorsShout","floor":8},{"not_picked":["champ:RisingSlash","champ:PerfectForm"],"picked":"champ:RecklessLeap","floor":11},{"not_picked":["champ:BladeFlurry","champ:Haymaker"],"picked":"champ:RageSigil","floor":12},{"not_picked":["champ:Haymaker","champ:Riposte","champ:GutPunch"],"picked":"SKIP","floor":14},{"not_picked":["champ:EnchantSword","champ:EnchantShield"],"picked":"champ:CrownThrow","floor":16},{"not_picked":["champ:Backstep","champ:EndlessRage"],"picked":"champ:RisingSlash","floor":18},{"not_picked":["champ:Backstep+1","champ:EndlessRage+1"],"picked":"champ:FightOn","floor":19},{"not_picked":["champ:AdrenalArmor","champ:Riposte"],"picked":"champ:MurderStrike","floor":22},{"not_picked":["champ:Balance+1","champ:FlashCut+1","champ:PerfectedStrike+1"],"picked":"SKIP","floor":23},{"not_picked":["champ:Balance","champ:PerfectedStrike+1","champ:AdrenalArmor+1"],"picked":"SKIP","floor":28},{"not_picked":["champ:FanOfKnives+1","champ:Control+1","champ:FocusedDefense+1"],"picked":"SKIP","floor":29},{"not_picked":["champ:Shatter+1","champ:StrikeOfGenius","champ:BerserkersShout"],"picked":"SKIP","floor":30},{"not_picked":["champ:ShieldThrow+1","champ:Devastate+1","champ:IgnorePain"],"picked":"champ:CrownThrow+1","floor":33},{"not_picked":["champ:AdrenalArmor","champ:GladiatorsShout+1","champ:FaceSlap+1"],"picked":"champ:BladeFlurry+1","floor":35},{"not_picked":["champ:StanceDance+1","champ:ShieldSigil+1","champ:FlashCut+1","champ:GladiatorsShout+1"],"picked":"SKIP","floor":37},{"not_picked":["champ:SkillfulDodge+1","champ:CalledShot+1","champ:FanOfKnives+1"],"picked":"champ:ShieldWall","floor":41},{"not_picked":["champ:BringItOn+1","champ:FlashCut+1","champ:IronFortress","champ:BladeFlurry+1"],"picked":"SKIP","floor":44},{"not_picked":["champ:DefensiveStyle","champ:FanOfKnives+1","champ:StanceDance+1","champ:BladeFlurry+1"],"picked":"SKIP","floor":45}],"player_experience":1014015,"relics_obtained":[{"floor":7,"key":"aspiration:ChemicalBlood"},{"floor":9,"key":"InkBottle"},{"floor":11,"key":"Whetstone"},{"floor":14,"key":"Juzu Bracelet"},{"floor":23,"key":"Molten Egg 2"},{"floor":26,"key":"Mercury Hourglass"},{"floor":28,"key":"Akabeko"},{"floor":30,"key":"Question Card"},{"floor":41,"key":"Oddly Smooth Stone"},{"floor":44,"key":"Pen Nib"}],"event_choices":[{"damage_healed":0,"gold_gain":0,"player_choice":"Relic ","damage_taken":7,"max_hp_gain":0,"max_hp_loss":0,"event_name":"betterThird:BetterScrap","floor":10,"gold_loss":0,"cards_obtained":["Amplify"]},{"damage_healed":0,"gold_gain":0,"player_choice":"Got Potions","damage_taken":0,"max_hp_gain":0,"max_hp_loss":0,"event_name":"Lab","floor":20,"gold_loss":0},{"damage_healed":0,"gold_gain":0,"cards_transformed":["champ:Strike","champ:Strike"],"player_choice":"Became Test Subject","damage_taken":0,"max_hp_gain":0,"max_hp_loss":0,"event_name":"Drug Dealer","floor":21,"gold_loss":0,"cards_obtained":["champ:ArenaPreparation","champ:EnragedBash"]},{"damage_healed":0,"gold_gain":0,"player_choice":"Rummage","damage_taken":0,"relics_obtained":["WarpedTongs"],"max_hp_gain":0,"max_hp_loss":0,"event_name":"Accursed Blacksmith","floor":25,"gold_loss":0,"cards_obtained":["Pain"]},{"damage_healed":0,"gold_gain":0,"player_choice":"Paid","damage_taken":0,"relics_obtained":["Red Mask"],"max_hp_gain":0,"max_hp_loss":0,"event_name":"Tomb of Lord Red Mask","floor":36,"gold_loss":130},{"cards_removed":["champ:RageSigil"],"damage_healed":0,"gold_gain":0,"player_choice":"Gave Card","damage_taken":0,"relics_obtained":["Smiling Mask"],"max_hp_gain":0,"max_hp_loss":0,"event_name":"WeMeetAgain","floor":38,"gold_loss":0},{"damage_healed":0,"gold_gain":0,"player_choice":"Copied","damage_taken":0,"max_hp_gain":0,"max_hp_loss":0,"event_name":"Duplicator","floor":48,"gold_loss":0,"cards_obtained":["champ:RecklessLeap"]}],"is_beta":false,"boss_relics":[{"not_picked":["champ:ChampionCrownUpgraded","Pandora\u0027s Box"],"picked":"aspiration:SecretTechniqueScroll"},{"not_picked":["Astrolabe","Velvet Choker"],"picked":"Snecko Eye"}],"items_purged_floors":[27,27,31,47],"is_endless":false,"potions_floor_spawned":[8,11,14,19,22,23,28,29,35,41],"ascension_level":5}}