{"host":"Charlie","time":1608892680,"event":{"mods":["Arknights The Spire","Aspiration","BaseMod","Better Match","Better Skull","Better Third Choice","BetterRewards","ChefMod","Colored Map","Colored Powertips","Conspire","Curses Come First","Downfall","Ekko","Friendly Minions","Halation","Hermit","Hubris","Infinite Spire","Luminous","Melee Mod","Minty Spire (QoL Compilation)","Quick Restart","Rare Cards Sparkle","Relic Stats","Robot Space Explorer","Shade Mod","Spicy Shops","StSLib","SuperFastMode","Synergy Search","The Animator","The Blue Laboratory","The Caster","The Cursed","The Dragon Tamer","The Factory","The Gatherer","The Jungle","The Marked","The Necromancer","Unceasing Turn Reminder","vexMod"],"gold_per_floor":[119,138,149,4,17,51,51,51,51,77,92,17,17,17,17,112,112,131,149,46,46,46,46,46,46],"floor_reached":24,"playtime":1160,"items_purged":["caster:strike"],"score":204,"play_id":"3d3358d2-ae15-4d50-9cb6-dcfda37fcda2","local_time":"20201225023800","is_ascension_mode":false,"campfire_choices":[{"data":"caster:Incantation","floor":13,"key":"SMITH"},{"data":"caster:DiamondDust","floor":15,"key":"SMITH"}],"circlet_count":0,"master_deck":["caster:Meteor","caster:DivertFocus","caster:strike","caster:strike+1","caster:strike+1","caster:defend","caster:defend","caster:defend","caster:defend","caster:defend","caster:Sleet","caster:FrostDriver","caster:Susanoo+1","caster:Thundara+1","caster:DiamondDust+1","caster:Incantation+1","caster:Explosion+1","caster:MeteorStorm"],"relics":["caster:MagicBook","Bag of Marbles","ats:Originium","Whetstone","infinitespire:Bottled Soul","ats:Originium","infinitespire:Golems Mask","aspiration:PoetsPen_weak","Enchiridion"],"acts_visited":["Exordium","TheCity"],"potions_floor_usage":[6,16,24],"damage_taken":[{"damage":2,"enemies":"conspire:RoseBush","floor":1,"turns":3},{"damage":5,"enemies":"Small Slimes","floor":2,"turns":4},{"damage":0,"enemies":"Cultist","floor":3,"turns":4},{"damage":0,"enemies":"Looter","floor":5,"turns":4},{"damage":10,"enemies":"Lagavulin","floor":6,"turns":8},{"damage":7,"enemies":"3 Sentries","floor":10,"turns":10},{"damage":11,"enemies":"Gremlin Gang","floor":11,"turns":5},{"damage":20,"enemies":"Hexaghost","floor":16,"turns":8},{"damage":7,"enemies":"Shell Parasite","floor":18,"turns":5},{"damage":15,"enemies":"Spheric Guardian","floor":19,"turns":4},{"damage":37,"enemies":"Slavers","floor":24,"turns":2}],"seed_played":"5908364798814542328","potions_obtained":[{"floor":3,"key":"BlessingOfTheForge"},{"floor":11,"key":"AttackPotion"},{"floor":18,"key":"blueLaboratory:Moonshine"}],"is_trial":false,"path_per_floor":["M","M","M","$","M","E","?","?","T","E","M","$","R","?","R","B",null,"M","M","$","?","AVR","?","E"],"character_chosen":"THE_CASTER","items_purchased":["Bag of Marbles","caster:MeteorStorm"],"campfire_rested":0,"item_purchase_floors":[4,20],"current_hp_per_floor":[68,63,63,63,63,53,53,53,53,46,35,35,35,70,70,50,70,63,48,48,48,48,32,0,0],"gold":46,"neow_bonus":"TEN_PERCENT_HP_BONUS","is_daily":false,"chose_seed":false,"campfire_upgraded":2,"win_rate":0.0,"timestamp":1608892680,"path_taken":["M","?","M","$","M","E","?","?","T","E","?","$","R","?","R","BOSS","M","?","$","?","AVR","?","E"],"items_purchased_type":["Relic","Card"],"build_version":"2020-12-18","purchased_purges":1,"victory":false,"max_hp_per_floor":[70,70,70,70,70,70,70,70,70,70,70,70,70,70,70,70,70,70,70,70,70,70,70,70,70],"relic_stats":{"counters":[11,57],"Whetstone":["caster:strike","caster:strike"],"obtain_stats":[{"ats:Originium":6,"infinitespire:Bottled Soul":9,"Enchiridion":23,"infinitespire:Golems Mask":10,"aspiration:PoetsPen_weak":17,"Bag of Marbles":4,"Whetstone":6,"caster:MagicBook":0},{"ats:Originium":5,"infinitespire:Bottled Soul":5,"Enchiridion":10,"infinitespire:Golems Mask":6,"aspiration:PoetsPen_weak":8,"Bag of Marbles":3,"Whetstone":5,"caster:MagicBook":0},{"ats:Originium":23,"infinitespire:Bottled Soul":23,"Enchiridion":55,"infinitespire:Golems Mask":33,"aspiration:PoetsPen_weak":46,"Bag of Marbles":11,"Whetstone":23,"caster:MagicBook":0}]},"card_choices":[{"not_picked":["caster:BloodRitual","caster:MagicWeapon"],"picked":"caster:Sleet","floor":1},{"not_picked":["caster:LAZER","caster:Fireball"],"picked":"caster:FrostDriver","floor":2},{"not_picked":["caster:MagicBarrier","caster:FrostDriver","caster:Sleet"],"picked":"SKIP","floor":3},{"not_picked":["caster:FrigidBeam","caster:MagicBarrier"],"picked":"caster:Incantation","floor":5},{"not_picked":["caster:Fireball","caster:FlashFrost"],"picked":"caster:Susanoo","floor":6},{"not_picked":["caster:WallOfRocks","caster:Sultry"],"picked":"caster:DiamondDust","floor":10},{"not_picked":["caster:FlashFrost","caster:Illusion"],"picked":"caster:Incantation","floor":11},{"not_picked":["caster:Demi","caster:Inferno"],"picked":"caster:Explosion","floor":16},{"not_picked":["caster:GlacialShield","caster:FlashFrost","caster:FrigidBeam+1"],"picked":"SKIP","floor":18},{"not_picked":["caster:GlacialShield","caster:FlashFrost","caster:FrigidBeam+1"],"picked":"SKIP","floor":18},{"not_picked":["caster:DiablosFlame","caster:LAZER","caster:LightningBolt"],"picked":"SKIP","floor":19}],"player_experience":450043,"relics_obtained":[{"floor":6,"key":"ats:Originium"},{"floor":6,"key":"Whetstone"},{"floor":9,"key":"infinitespire:Bottled Soul"},{"floor":10,"key":"ats:Originium"},{"floor":10,"key":"infinitespire:Golems Mask"},{"floor":23,"key":"Enchiridion"}],"event_choices":[{"damage_healed":0,"gold_gain":0,"player_choice":"Upgraded","damage_taken":0,"max_hp_gain":0,"max_hp_loss":0,"event_name":"Upgrade Shrine","floor":7,"gold_loss":0,"cards_upgraded":["caster:Susanoo"]},{"cards_removed":["caster:Incantation"],"damage_healed":35,"gold_gain":0,"player_choice":"Offered Uncommon","damage_taken":0,"max_hp_gain":0,"max_hp_loss":0,"event_name":"Bonfire Elementals","floor":14,"gold_loss":0},{"damage_healed":0,"gold_gain":0,"player_choice":"Obtained Book","damage_taken":16,"max_hp_gain":0,"max_hp_loss":0,"event_name":"Cursed Tome","floor":23,"gold_loss":0}],"is_beta":true,"boss_relics":[{"not_picked":["halation:PinkAlligatorPlush","hubris:RunicObelisk"],"picked":"aspiration:PoetsPen_weak"}],"items_purged_floors":[12],"is_endless":false,"potions_floor_spawned":[3,11,18],"killed_by":"Slavers","ascension_level":0}}