{"host":"ubc28ykrjp2peggz","time":1608900385,"event":{"mods":["ATMod(阿瑾Mod)","BaseMod","HumanHunterMod(怪物杀人mod)","Minty Spire (QoL Compilation)","Spicy Shops","StSLib","TestMod","【遗物卡牌】REMEMod"],"gold_per_floor":[110,16,16,36,54,89,104,161,161,161,161,179,194,223,223,320,320,332,332,332,204,224,255,255,338,361,54,72,111,155,204,204,312,312,339,15,42,72,222,263,263,47,121,47,124,124,0,51,51,458,458,503,554,192,302,302,367,167,225,225,306,374,238,283,283],"floor_reached":64,"playtime":3216,"items_purged":["Rampage","Battle Trance","Bloodletting","Flame Barrier+1","Reprogram+1","AT_Dispersion+1"],"score":1647,"play_id":"64c28b6f-f88f-4c59-9c8a-c5310a65b586","local_time":"20201225204625","daily_mods":["SealedDeck","Heirloom","Flight"],"is_ascension_mode":false,"campfire_choices":[{"data":"Armaments","floor":10.0,"key":"SMITH"},{"data":"AT_BodySlamDance","floor":11.0,"key":"SMITH"},{"data":"Reprogram","floor":15.0,"key":"SMITH"},{"data":"Flame Barrier","floor":24.0,"key":"SMITH"},{"data":"Limit Break","floor":32.0,"key":"SMITH"},{"data":"REME_MawOfCthun","floor":41.0,"key":"SMITH"},{"data":"Dark Embrace","floor":46.0,"key":"SMITH"},{"data":"Burning Pact","floor":49.0,"key":"SMITH"},{"data":"Feel No Pain","floor":61,"key":"SMITH"}],"circlet_count":0,"master_deck":["Sentinel+1","Burning Pact+1","Feel No Pain+1","Armaments+1","Body Slam+1","AT_BodySlamDance+1","Whirlwind+1","Dark Embrace+1","Power Through+1","REME_MawOfCthun+1","Limit Break+1","Exhume+1","Entrench+1","REME_MawOfCthun+1","AT_BodySlamDance+1","Double Tap+1","AT_CaressingTears+1"],"relics":["Burning Blood","testmod-TestBox","REME_ComplimentaryCards","testmod-EnergyCheck","testmod-ObsoleteBoomerang","AT_Kusabimaru","AT_BellDemon","testmod-EqualTreatment","Paper Frog","AT_ArcaneBoots","Blue Candle","Matryoshka","Meat on the Bone","AT_SunfireAegis","AT_RedTearstoneRing","Ice Cream","testmod-Recursion","testmod-Hope","Juzu Bracelet","Enchiridion","testmod-AssaultLearning","testmod-Acrobat","REME_LimitBreaker","AT_SeraphEmbrace","AT_GoldPhoenixTree","Orichalcum","AT_ChloranthyRing","testmod-TurbochargingSystem","Happy Flower","Bottled Tornado","testmod-OneHitWonder","Toxic Egg 2","testmod-CrystalShield","MealTicket","Regal Pillow","testmod-SaigiyounoYou","Whetstone","AT_ForceNature","Strawberry","Eternal Feather","Shuriken","Dream Catcher","OrangePellets","DollysMirror","Bag of Marbles","AT_RedNoBalance","AT_MibuBalloonWealth","Bronze Scales","REME_HourglassOfDeath","Red Mask","Ancient Tea Set","Pantograph","Astrolabe","AT_ATBox","AT_SpeedBoots","Letter Opener","Membership Card","Lizard Tail","Odd Mushroom","Lantern","Blood Vial","War Paint","Turnip","AT_EbonyIvory","Anchor","Vajra"],"acts_visited":["Exordium","TheCity","TheBeyond","Exordium"],"potions_floor_usage":[],"damage_taken":[{"damage":0.0,"enemies":"Cultist","floor":1.0,"turns":3.0},{"damage":3.0,"enemies":"Small Slimes","floor":4.0,"turns":2.0},{"damage":0.0,"enemies":"Jaw Worm","floor":5.0,"turns":2.0},{"damage":4.0,"enemies":"3 Sentries","floor":6.0,"turns":4.0},{"damage":0.0,"enemies":"3 Louse","floor":7.0,"turns":1.0},{"damage":33.0,"enemies":"Lagavulin","floor":8.0,"turns":5.0},{"damage":10.0,"enemies":"Exordium Wildlife","floor":12.0,"turns":2.0},{"damage":17.0,"enemies":"2 Fungi Beasts","floor":13.0,"turns":2.0},{"damage":9.0,"enemies":"Gremlin Nob","floor":14.0,"turns":3.0},{"damage":3.0,"enemies":"Slime Boss","floor":16.0,"turns":5.0},{"damage":6.0,"enemies":"2 Thieves","floor":18.0,"turns":1.0},{"damage":4.0,"enemies":"Chosen","floor":22.0,"turns":1.0},{"damage":7.0,"enemies":"REME_1_Revenger","floor":23.0,"turns":2.0},{"damage":7.0,"enemies":"Slavers","floor":25.0,"turns":3.0},{"damage":5.0,"enemies":"Snake Plant","floor":28.0,"turns":2.0},{"damage":23.0,"enemies":"Book of Stabbing","floor":29.0,"turns":2.0},{"damage":5.0,"enemies":"Gremlin Leader","floor":30.0,"turns":1.0},{"damage":10.0,"enemies":"Slavers","floor":31.0,"turns":2.0},{"damage":5.0,"enemies":"Collector","floor":33.0,"turns":2.0},{"damage":15.0,"enemies":"3 Shapes","floor":35.0,"turns":3.0},{"damage":3.0,"enemies":"3 Darklings","floor":37.0,"turns":3.0},{"damage":6.0,"enemies":"4 Shapes","floor":38.0,"turns":2.0},{"damage":6.0,"enemies":"Reptomancer","floor":40.0,"turns":2.0},{"damage":12.0,"enemies":"Giant Head","floor":45.0,"turns":4.0},{"damage":26.0,"enemies":"Spire Growth","floor":48.0,"turns":2.0},{"damage":9.0,"enemies":"Awakened One","floor":50.0,"turns":5.0},{"damage":0.0,"enemies":"Jaw Worm","floor":52.0,"turns":1.0},{"damage":3.0,"enemies":"Cultist","floor":53.0,"turns":1.0},{"damage":0.0,"enemies":"The Mushroom Lair","floor":55.0,"turns":1.0},{"damage":0.0,"enemies":"Gremlin Nob","floor":57.0,"turns":1.0},{"damage":0.0,"enemies":"Lagavulin","floor":59.0,"turns":1.0},{"damage":0.0,"enemies":"3 Sentries","floor":61.0,"turns":1.0},{"damage":0,"enemies":"2 Louse","floor":62,"turns":1},{"damage":50,"enemies":"Gremlin Gang","floor":64,"turns":1}],"seed_played":"-2858883845717911779","potions_obtained":[{"floor":4.0,"key":"Block Potion"},{"floor":6.0,"key":"Regen Potion"},{"floor":7.0,"key":"REME_GoldPotion"},{"floor":8.0,"key":"Swift Potion"},{"floor":16.0,"key":"REME_GoldPotion"},{"floor":18.0,"key":"Fire Potion"},{"floor":23.0,"key":"Block Potion"},{"floor":28.0,"key":"Regen Potion"},{"floor":29.0,"key":"DistilledChaos"}],"is_trial":true,"path_per_floor":["M","$","?","M","M","E","M","E","T","R","R","M","M","E","R","B",null,"M","?","?","$","M","E","R","E","T","$","M","E","E","E","R","B",null,"M","$","M","M","?","E","R","$","T","$","E","R","?","M","R","B",null,"M","M","$","?","?","E","$","E","T","E","M","$","M"],"character_chosen":"IRONCLAD","items_purchased":["AT_Kusabimaru","Shrug It Off","AT_ChloranthyRing","REME_MawOfCthun","AT_ForceNature","Entrench+1","OrangePellets","DollysMirror","AT_MibuBalloonWealth","Membership Card","Lizard Tail","War Paint","AT_CaressingTears+1","Vajra"],"campfire_rested":0,"item_purchase_floors":[2,21,27,27,36,36,42,42,44,54,54,58,58,63],"current_hp_per_floor":[80,80,90,90,90,90,90,63,63,63,63,59,48,62,62,65,90,90,90,74,74,76,75,75,74,74,74,75,58,59,55,55,56,90,90,90,97,97,97,97,97,97,97,97,92,97,97,97,97,97,97,97,97,97,97,97,97,97,97,97,97,97,97,91,91],"gold":283,"neow_bonus":"","is_daily":false,"chose_seed":false,"campfire_upgraded":9,"win_rate":0.0,"timestamp":1608900385,"path_taken":["M","$","?","?","M","E","M","E","T","R","R","M","M","E","R","BOSS","M","?","?","$","M","E","R","E","T","$","M","E","E","E","R","BOSS","M","$","M","M","?","E","R","$","T","$","E","R","?","M","R","BOSS","M","M","$","?","?","E","?","E","T","E","M","$","M"],"items_purchased_type":["Relic","Card","Relic","Card","Relic","Card","Relic","Relic","Relic","Relic","Relic","Relic","Card","Relic"],"build_version":"2020-12-22","purchased_purges":6,"victory":false,"max_hp_per_floor":[80,80,90,90,90,90,90,90,90,90,90,90,90,90,90,90,90,90,90,90,90,90,90,90,90,90,90,90,90,90,90,90,90,90,90,90,97,97,97,97,97,97,97,97,97,97,97,97,97,97,97,97,97,97,97,97,97,97,97,97,97,97,97,97,97],"card_choices":[{"not_picked":["Searing Blow","Havoc"],"picked":"AT_BodySlamDance","floor":1.0},{"not_picked":["Clothesline","True Grit","Dropkick"],"picked":"SKIP","floor":4.0},{"not_picked":["AT_DrawKnifeCut","Cleave","Clothesline"],"picked":"SKIP","floor":5.0},{"not_picked":["Cleave","Thunderclap"],"picked":"Whirlwind","floor":6.0},{"not_picked":["Warcry","Flex","Thunderclap"],"picked":"SKIP","floor":7.0},{"not_picked":["Headbutt","Shrug It Off"],"picked":"Dark Embrace","floor":8.0},{"not_picked":["Flex","Twin Strike","Perfected Strike"],"picked":"SKIP","floor":12.0},{"not_picked":["AT_IchimonjiDouble","AT_GerminateFire"],"picked":"Power Through","floor":13.0},{"not_picked":["Brutality","Reckless Charge","Twin Strike"],"picked":"SKIP","floor":14.0},{"not_picked":["Havoc","Reckless Charge+1"],"picked":"Bloodletting","floor":18.0},{"not_picked":["Inflame","Pummel+1","True Grit"],"picked":"SKIP","floor":22.0},{"not_picked":["Pommel Strike","Sword Boomerang+1","AT_ManFootWork"],"picked":"SKIP","floor":23.0},{"not_picked":["Shrug It Off+1","Thunderclap","Headbutt"],"picked":"SKIP","floor":25.0},{"not_picked":["AT_GerminateFire","Warcry+1"],"picked":"Limit Break","floor":28.0},{"not_picked":["Anger+1","Flex"],"picked":"Sever Soul","floor":29.0},{"not_picked":["Clash","Iron Wave","Body Slam+1"],"picked":"SKIP","floor":30.0},{"not_picked":["Armaments+1","Havoc+1"],"picked":"Exhume+1","floor":31.0},{"not_picked":["Pommel Strike","Cleave","Sword Boomerang"],"picked":"SKIP","floor":35.0},{"not_picked":["Body Slam","Heavy Blade","Inflame+1"],"picked":"SKIP","floor":37.0},{"not_picked":["Wild Strike","Metallicize","Cleave"],"picked":"SKIP","floor":38.0},{"not_picked":["Iron Wave+1","Clothesline+1","Rampage+1"],"picked":"SKIP","floor":40.0},{"not_picked":["Whirlwind","REME_TheLastStrike","Flame Barrier+1"],"picked":"SKIP","floor":45.0},{"not_picked":["Clash+1","Reckless Charge","Seeing Red+1"],"picked":"SKIP","floor":48.0},{"not_picked":["Twin Strike","AT_ManFootWork+1","Armaments+1"],"picked":"SKIP","floor":52.0},{"not_picked":["Iron Wave","Fire Breathing","Inflame"],"picked":"SKIP","floor":53.0},{"not_picked":["Shockwave+1","Twin Strike","AT_BodySlamDance+1"],"picked":"SKIP","floor":57.0},{"not_picked":["Sword Boomerang","Clothesline","REME_Scribble+1"],"picked":"SKIP","floor":59.0},{"not_picked":["Flex+1","Battle Trance+1","AT_BodySlamDance+1"],"picked":"SKIP","floor":62}],"player_experience":50195,"relics_obtained":[{"floor":6.0,"key":"AT_BellDemon"},{"floor":7.0,"key":"testmod-EqualTreatment"},{"floor":8.0,"key":"Paper Frog"},{"floor":8.0,"key":"AT_SpeedBoots"},{"floor":9.0,"key":"Blue Candle"},{"floor":12.0,"key":"Matryoshka"},{"floor":13.0,"key":"Meat on the Bone"},{"floor":14.0,"key":"AT_SunfireAegis"},{"floor":14.0,"key":"AT_RedTearstoneRing"},{"floor":16.0,"key":"Ice Cream"},{"floor":18.0,"key":"testmod-Hope"},{"floor":20.0,"key":"Enchiridion"},{"floor":22.0,"key":"testmod-AssaultLearning"},{"floor":23.0,"key":"testmod-Acrobat"},{"floor":23.0,"key":"REME_LimitBreaker"},{"floor":25.0,"key":"AT_ArchangelStaff"},{"floor":25.0,"key":"AT_GoldPhoenixTree"},{"floor":26.0,"key":"Orichalcum"},{"floor":26.0,"key":"MawBank"},{"floor":28.0,"key":"testmod-TurbochargingSystem"},{"floor":29.0,"key":"Happy Flower"},{"floor":29.0,"key":"Bottled Tornado"},{"floor":30.0,"key":"testmod-OneHitWonder"},{"floor":30.0,"key":"Toxic Egg 2"},{"floor":31.0,"key":"testmod-CrystalShield"},{"floor":31.0,"key":"MealTicket"},{"floor":33.0,"key":"Regal Pillow"},{"floor":35.0,"key":"Whetstone"},{"floor":37.0,"key":"Strawberry"},{"floor":38.0,"key":"Eternal Feather"},{"floor":40.0,"key":"Shuriken"},{"floor":40.0,"key":"Dream Catcher"},{"floor":43.0,"key":"Bag of Marbles"},{"floor":43.0,"key":"AT_SilverBalance"},{"floor":45.0,"key":"Bronze Scales"},{"floor":45.0,"key":"REME_HourglassOfDeath"},{"floor":48.0,"key":"Ancient Tea Set"},{"floor":50.0,"key":"Pantograph"},{"floor":52.0,"key":"AT_SpeedBoots"},{"floor":53.0,"key":"Letter Opener"},{"floor":55.0,"key":"Odd Mushroom"},{"floor":55.0,"key":"Lantern"},{"floor":57.0,"key":"Blood Vial"},{"floor":59.0,"key":"Turnip"},{"floor":60.0,"key":"AT_EbonyIvory"},{"floor":62,"key":"Anchor"}],"event_choices":[{"cards_removed":["AT_BreakingExtremeWeapon"],"damage_healed":0.0,"max_hp_gain":10.0,"max_hp_loss":0.0,"gold_gain":0.0,"event_name":"Bonfire Elementals","player_choice":"Offered Rare","floor":3.0,"gold_loss":0.0,"damage_taken":0.0},{"damage_healed":0.0,"max_hp_gain":0.0,"max_hp_loss":0.0,"gold_gain":0.0,"event_name":"给自己的盒子","player_choice":"Swap Relic","floor":19.0,"relics_lost":["AT_ATBox"],"gold_loss":0.0,"damage_taken":0.0,"relics_obtained":["Juzu Bracelet"]},{"damage_healed":0.0,"max_hp_gain":0.0,"max_hp_loss":0.0,"gold_gain":0.0,"event_name":"Cursed Tome","player_choice":"Obtained Book","floor":20.0,"gold_loss":0.0,"damage_taken":16.0},{"damage_healed":0.0,"max_hp_gain":0.0,"max_hp_loss":0.0,"gold_gain":150.0,"event_name":"恩洛斯的盘子","player_choice":"Sell","floor":39.0,"relics_lost":["MawBank"],"gold_loss":0.0,"damage_taken":0.0},{"damage_healed":0.0,"max_hp_gain":0.0,"max_hp_loss":0.0,"gold_gain":0.0,"event_name":"Tomb of Lord Red Mask","player_choice":"Paid","floor":47.0,"gold_loss":124.0,"damage_taken":0.0,"relics_obtained":["Red Mask"]},{"damage_healed":0.0,"max_hp_gain":0.0,"max_hp_loss":0.0,"gold_gain":0.0,"event_name":"Mushrooms","player_choice":"Fought Mushrooms","floor":55.0,"gold_loss":0.0,"damage_taken":0.0},{"cards_removed":["Pommel Strike"],"damage_healed":0.0,"max_hp_gain":0.0,"max_hp_loss":0.0,"gold_gain":0.0,"event_name":"Living Wall","player_choice":"Forget","floor":56.0,"gold_loss":0.0,"damage_taken":0.0}],"is_beta":false,"boss_relics":[{"not_picked":["testmod-PortableAltar","Runic Pyramid"],"picked":"testmod-Recursion"},{"not_picked":["testmod-KeyOfTheVoid","SacredBark"],"picked":"testmod-SaigiyounoYou"},{"not_picked":["testmod-CardMagician","Philosopher\u0027s Stone"],"picked":"Astrolabe"}],"items_purged_floors":[21,36,54,54,58,63],"is_endless":true,"potions_floor_spawned":[4,6,7,8,16,18,23,28,29,35,40,53],"killed_by":"Gremlin Gang","ascension_level":0}}