{"host":"tzyzz5n7hg2ni9q2","time":1608934077,"event":{"mods":["BaseMod","Minty Spire (QoL Compilation)","Quick Restart"],"gold_per_floor":[118,118,134,62,76,76,111,111,137,151,161,173,173,206,206,311,311,311,90,90,109,109,109,120,120,120,20,46,63,13,30,30,127,127,141,155,205,205,205,205,235,252,252,279,154,4,4,33,33,33],"floor_reached":51,"playtime":1460,"items_purged":["Strike_R","Parasite","Doubt","Shame"],"score":936,"play_id":"3c19514e-aafb-4fd3-b00b-9f4c037a02bb","local_time":"20201225230757","is_ascension_mode":true,"campfire_choices":[{"data":"Spot Weakness","floor":6.0,"key":"SMITH"},{"data":"Whirlwind","floor":8.0,"key":"SMITH"},{"floor":13.0,"key":"REST"},{"data":"Seeing Red","floor":15.0,"key":"SMITH"},{"data":"Demon Form","floor":23.0,"key":"SMITH"},{"floor":25.0,"key":"REST"},{"floor":32,"key":"REST"},{"data":"Heavy Blade","floor":40,"key":"SMITH"},{"floor":49,"key":"REST"}],"circlet_count":0,"master_deck":["Strike_R","Strike_R","Defend_R","Defend_R","Defend_R","Defend_R","Bash","Seeing Red+1","Spot Weakness+1","Whirlwind+1","Ghostly Armor","Demon Form+1","Shrug It Off","Heavy Blade+1","Shrug It Off+1","Seeing Red+1","Dramatic Entrance","Dramatic Entrance"],"relics":["Burning Blood","Red Skull","Potion Belt","Pantograph","Cursed Key","Sling","Calipers","Bottled Tornado","Art of War","Velvet Choker","Lizard Tail","Meat on the Bone","Regal Pillow","Letter Opener","Question Card","Blood Vial"],"acts_visited":["Exordium","TheCity","TheBeyond"],"potions_floor_usage":[31,50,50],"damage_taken":[{"damage":10.0,"enemies":"Small Slimes","floor":1.0,"turns":6.0},{"damage":1.0,"enemies":"Cultist","floor":3.0,"turns":3.0},{"damage":7.0,"enemies":"Jaw Worm","floor":5.0,"turns":5.0},{"damage":40.0,"enemies":"Lagavulin","floor":7.0,"turns":6.0},{"damage":11.0,"enemies":"Blue Slaver","floor":10.0,"turns":3.0},{"damage":8.0,"enemies":"Lots of Slimes","floor":11.0,"turns":2.0},{"damage":13.0,"enemies":"Large Slime","floor":12.0,"turns":6.0},{"damage":30.0,"enemies":"Gremlin Nob","floor":14.0,"turns":4.0},{"damage":64.0,"enemies":"Hexaghost","floor":16.0,"turns":13.0},{"damage":0.0,"enemies":"2 Thieves","floor":18.0,"turns":1.0},{"damage":2.0,"enemies":"Chosen","floor":21.0,"turns":4.0},{"damage":42.0,"enemies":"Shelled Parasite and Fungi","floor":24.0,"turns":5.0},{"damage":36,"enemies":"Slavers","floor":28,"turns":3},{"damage":19,"enemies":"Snake Plant","floor":29,"turns":2},{"damage":3,"enemies":"3 Cultists","floor":31,"turns":3},{"damage":42,"enemies":"Champ","floor":33,"turns":7},{"damage":0,"enemies":"Orb Walker","floor":35,"turns":2},{"damage":31,"enemies":"3 Shapes","floor":36,"turns":3},{"damage":0,"enemies":"Mind Bloom Boss Battle","floor":37,"turns":6},{"damage":6,"enemies":"Giant Head","floor":41,"turns":5},{"damage":21,"enemies":"Spire Growth","floor":42,"turns":3},{"damage":64,"enemies":"Nemesis","floor":44,"turns":7},{"damage":22,"enemies":"Giant Head","floor":48,"turns":6},{"damage":77,"enemies":"Awakened One","floor":50,"turns":8}],"seed_played":"8200411031895074552","potions_obtained":[{"floor":3.0,"key":"SmokeBomb"},{"floor":7.0,"key":"Regen Potion"},{"floor":10.0,"key":"Regen Potion"},{"floor":12.0,"key":"Strength Potion"},{"floor":24.0,"key":"Block Potion"},{"floor":29,"key":"Block Potion"},{"floor":35,"key":"DuplicationPotion"},{"floor":36,"key":"DistilledChaos"},{"floor":48,"key":"BloodPotion"}],"is_trial":false,"path_per_floor":["M","?","M","$","M","R","E","R","T","M","M","M","R","E","R","B",null,"M","$","?","M","?","R","M","R","T","$","E","M","$","M","R","B",null,"M","M","?","?","T","R","E","M","T","E","$","$","?","E","R","B",null],"character_chosen":"IRONCLAD","items_purchased":["Spot Weakness","Sling","PowerPotion"],"campfire_rested":4,"item_purchase_floors":[4,19,30],"current_hp_per_floor":[76,76,80,80,79,79,45,45,45,40,38,31,55,31,31,22,80,80,80,65,69,69,69,33,58,58,58,28,15,15,18,42,31,82,82,57,82,77,77,77,77,62,62,59,59,59,59,55,78,19],"gold":33,"neow_bonus":"REMOVE_CARD","is_daily":false,"chose_seed":false,"campfire_upgraded":5,"win_rate":0.0,"timestamp":1608934077,"path_taken":["M","?","?","$","M","R","E","R","T","M","M","M","R","E","R","BOSS","M","$","?","M","?","R","M","R","T","?","E","M","$","?","R","BOSS","M","M","?","?","?","R","E","?","T","E","?","$","?","E","R","BOSS"],"items_purchased_type":["Card","Relic","Potion"],"build_version":"2020-12-22","purchased_purges":4,"victory":true,"max_hp_per_floor":[80,80,80,80,80,80,80,80,80,80,80,80,80,80,80,80,80,80,80,85,85,85,85,85,85,85,82,82,82,82,82,82,82,82,82,82,82,82,82,82,82,82,82,82,82,82,78,78,78,78],"card_choices":[{"not_picked":["Warcry","Perfected Strike","Wild Strike"],"picked":"SKIP","floor":1.0},{"not_picked":["Entrench","Pummel"],"picked":"Seeing Red","floor":3.0},{"not_picked":["Blood for Blood","Intimidate"],"picked":"Whirlwind","floor":5.0},{"not_picked":["Clothesline","Dark Embrace","Cleave"],"picked":"SKIP","floor":7.0},{"not_picked":["Dual Wield","True Grit"],"picked":"Ghostly Armor","floor":10.0},{"not_picked":["Evolve","Armaments","True Grit"],"picked":"SKIP","floor":11.0},{"not_picked":["Whirlwind","Sentinel","Cleave"],"picked":"SKIP","floor":12.0},{"not_picked":["True Grit","Thunderclap","Rage"],"picked":"SKIP","floor":14.0},{"not_picked":["Immolate","Feed"],"picked":"Demon Form","floor":16.0},{"not_picked":["Pommel Strike","Sword Boomerang"],"picked":"Shrug It Off","floor":21.0},{"not_picked":["Body Slam","Sword Boomerang"],"picked":"Heavy Blade","floor":24.0},{"not_picked":["Armaments","Clash+1","Feel No Pain"],"picked":"SKIP","floor":28},{"not_picked":["True Grit","Entrench","Inflame"],"picked":"SKIP","floor":29},{"not_picked":["Thunderclap","Flex"],"picked":"Shrug It Off+1","floor":31},{"not_picked":["Pommel Strike","Cleave"],"picked":"Seeing Red+1","floor":35},{"not_picked":["Flame Barrier","Infernal Blade","Blood for Blood+1"],"picked":"SKIP","floor":36},{"not_picked":["Good Instincts","Sadistic Nature"],"picked":"Dramatic Entrance","floor":38},{"not_picked":["Magnetism","Violence"],"picked":"Dramatic Entrance","floor":38},{"not_picked":["Intimidate","Armaments","Clash"],"picked":"SKIP","floor":41},{"not_picked":["Hemokinesis+1","Pommel Strike+1","Wild Strike+1"],"picked":"SKIP","floor":42},{"not_picked":["Bloodletting+1","Headbutt+1","Second Wind+1"],"picked":"SKIP","floor":44},{"not_picked":["Havoc+1","Spot Weakness+1","Cleave","Perfected Strike+1"],"picked":"SKIP","floor":48}],"player_experience":187571,"relics_obtained":[{"floor":7.0,"key":"Red Skull"},{"floor":9.0,"key":"Potion Belt"},{"floor":14.0,"key":"Pantograph"},{"floor":26.0,"key":"Bottled Tornado"},{"floor":28,"key":"Art of War"},{"floor":37,"key":"Lizard Tail"},{"floor":39,"key":"Meat on the Bone"},{"floor":41,"key":"Regal Pillow"},{"floor":43,"key":"Letter Opener"},{"floor":44,"key":"Question Card"},{"floor":48,"key":"Blood Vial"}],"event_choices":[{"cards_removed":["Strike_R"],"damage_healed":0.0,"max_hp_gain":0.0,"max_hp_loss":0.0,"gold_gain":0.0,"event_name":"Purifier","player_choice":"Purged","floor":2.0,"gold_loss":0.0,"damage_taken":0.0},{"damage_healed":0.0,"max_hp_gain":5.0,"max_hp_loss":0.0,"gold_gain":0.0,"event_name":"Forgotten Altar","player_choice":"Shed Blood","floor":20.0,"gold_loss":0.0,"damage_taken":20.0},{"damage_healed":0.0,"max_hp_gain":0.0,"max_hp_loss":0.0,"gold_gain":0.0,"event_name":"The Mausoleum","player_choice":"Opened","floor":22.0,"gold_loss":0.0,"damage_taken":0.0,"relics_obtained":["Calipers"]},{"damage_healed":0,"gold_gain":0,"player_choice":"Fight","damage_taken":0,"max_hp_gain":0,"max_hp_loss":0,"event_name":"MindBloom","floor":37,"gold_loss":0},{"damage_healed":0,"gold_gain":0,"player_choice":"Memory 2","damage_taken":5,"max_hp_gain":0,"max_hp_loss":0,"event_name":"SensoryStone","floor":38,"gold_loss":0},{"damage_healed":0,"gold_gain":0,"player_choice":"Max HP","damage_taken":0,"max_hp_gain":0,"max_hp_loss":4,"event_name":"Winding Halls","floor":47,"gold_loss":0}],"is_beta":false,"boss_relics":[{"not_picked":["Black Blood","Runic Dome"],"picked":"Cursed Key"},{"not_picked":["Fusion Hammer","Calling Bell"],"picked":"Velvet Choker"}],"items_purged_floors":[19,27,45,46],"is_endless":false,"potions_floor_spawned":[3,7,10,12,18,24,29,35,36,44,48],"ascension_level":4}}