{"host":"6qo42zgaknezulyg","time":1608862454,"event":{"mods":["2.2 Compatiblity","BaseMod","Colored Map","Downfall","Highlight Path","Keyboard Shortcuts","Minty Spire (QoL Compilation)","Permanent Neow","Quick Restart","StSLib","SuperFastMode"],"gold_per_floor":[349,369,60,235,251,251,251,263,32,103,130,130,230,256,273,375,375,300,316,201,301,315,315,315,333,367,16,49,62,62,82,98,193,193,193,210,210,228,240,240,240,283,299,315,240,240,240,2,12,12],"floor_reached":51,"playtime":3403,"items_purged":["Doubt","champ:Strike","champ:Strike","Regret","champ:Strike"],"score":787,"play_id":"c8e70b91-816b-4ab1-8b66-401566c83119","local_time":"20201225111414","is_ascension_mode":true,"campfire_choices":[{"data":"champ:Taunt","floor":1.0,"key":"SMITH"},{"floor":12.0,"key":"REST"},{"data":"champ:Improvising","floor":18.0,"key":"SMITH"},{"data":"champ:RapidStrikes","floor":23.0,"key":"SMITH"},{"data":"champ:Aggression","floor":30.0,"key":"SMITH"},{"floor":35.0,"key":"RECALL"},{"floor":45.0,"key":"REST"},{"floor":47.0,"key":"REST"}],"circlet_count":0,"master_deck":["champ:Defend","champ:Defend","champ:Defend","champ:Defend","champ:Execute","champ:Taunt+1","champ:AdrenalArmor","champ:DefensiveShout","champ:HoldFirm","champ:FaceSlap","champ:MurderStrike","champ:Aggression+1","champ:SkillfulDodge","champ:Backstep","champ:IgnorePain","champ:FaceSlap","champ:Improvising+1","champ:RapidStrikes+1","champ:RecklessLeap","champ:Backstep","champ:Aggression+1","champ:RisingSlash+1","champ:Encircle+1","champ:Shatter+1","champ:SwordThrow","champ:Duel+1","champ:Aggression","champ:IgnorePain"],"relics":["champ:ChampionCrown","Pear","Shuriken","TungstenRod","Regal Pillow","Cursed Key","downfall:HeartBlessingGreen","Boot","Membership Card","Potion Belt","Darkstone Periapt","Fusion Hammer","InkBottle","Lizard Tail","downfall:HeartBlessingRed","Toy Ornithopter","Lee\u0027s Waffle"],"acts_visited":["Exordium","TheCity","TheBeyond"],"potions_floor_usage":[50,50,50],"damage_taken":[{"damage":5.0,"enemies":"2 Louse","floor":2.0,"turns":4.0},{"damage":7.0,"enemies":"downfall:FleeingMerchant","floor":3.0,"turns":4.0},{"damage":17.0,"enemies":"Small Slimes","floor":5.0,"turns":6.0},{"damage":18.0,"enemies":"Cultist","floor":8.0,"turns":4.0},{"damage":9.0,"enemies":"downfall:FleeingMerchant","floor":9.0,"turns":4.0},{"damage":34.0,"enemies":"Lagavulin","floor":11.0,"turns":7.0},{"damage":53.0,"enemies":"Gremlin Nob","floor":14.0,"turns":5.0},{"damage":8.0,"enemies":"Lots of Slimes","floor":15.0,"turns":4.0},{"damage":13.0,"enemies":"downfall:Defect","floor":16.0,"turns":6.0},{"damage":10.0,"enemies":"Shell Parasite","floor":19.0,"turns":4.0},{"damage":10.0,"enemies":"downfall:FleeingMerchant","floor":20.0,"turns":4.0},{"damage":22.0,"enemies":"3 Byrds","floor":22.0,"turns":5.0},{"damage":22.0,"enemies":"Shelled Parasite and Fungi","floor":25.0,"turns":8.0},{"damage":35.0,"enemies":"Gremlin Leader","floor":26.0,"turns":6.0},{"damage":22.0,"enemies":"downfall:FleeingMerchant","floor":27.0,"turns":4.0},{"damage":25.0,"enemies":"Book of Stabbing","floor":28.0,"turns":5.0},{"damage":26.0,"enemies":"Chosen and Byrds","floor":29.0,"turns":4.0},{"damage":35.0,"enemies":"Snecko","floor":31.0,"turns":4.0},{"damage":19.0,"enemies":"Cultist and Chosen","floor":32.0,"turns":4.0},{"damage":25.0,"enemies":"downfall:Watcher","floor":33.0,"turns":5.0},{"damage":36.0,"enemies":"3 Darklings","floor":36.0,"turns":5.0},{"damage":15.0,"enemies":"Orb Walker","floor":38.0,"turns":4.0},{"damage":20.0,"enemies":"Spire Growth","floor":39.0,"turns":2.0},{"damage":19.0,"enemies":"downfall:FleeingMerchant","floor":42.0,"turns":4.0},{"damage":16.0,"enemies":"4 Shapes","floor":43.0,"turns":5.0},{"damage":41.0,"enemies":"Transient","floor":44.0,"turns":5.0},{"damage":41.0,"enemies":"Writhing Mass","floor":49.0,"turns":4.0},{"damage":54,"enemies":"downfall:Silent","floor":50,"turns":5}],"seed_played":"-7924760449914312792","potions_obtained":[{"floor":2.0,"key":"LiquidMemories"},{"floor":11.0,"key":"SpeedPotion"},{"floor":14.0,"key":"GamblersBrew"},{"floor":15.0,"key":"Energy Potion"},{"floor":22.0,"key":"hexamod:EctoCoolerPotion"},{"floor":26.0,"key":"Energy Potion"},{"floor":28.0,"key":"ColorlessPotion"},{"floor":31.0,"key":"CultistPotion"},{"floor":37.0,"key":"DuplicationPotion"},{"floor":37.0,"key":"FearPotion"}],"is_trial":false,"path_per_floor":["R","M","$","?","M","?","T","M","$","T","E","R","?","E","M","B",null,"R","M","$","?","M","R","T","M","E","$","E","M","R","M","M","B",null,"R","M","?","M","M","?","T","$","M","M","R","?","R","$","M","B",null],"character_chosen":"THE_CHAMP","items_purchased":["champ:HoldFirm","champ:FaceSlap","champ:MurderStrike","champ:IgnorePain","Membership Card","Potion Belt","FairyPotion","Lizard Tail","champ:IgnorePain","PowerPotion","Toy Ornithopter","Lee\u0027s Waffle"],"campfire_rested":3,"item_purchase_floors":[3,3,3,9,27,27,27,42,42,42,48,48],"current_hp_per_floor":[63,58,58,58,47,47,57,47,47,47,30,60,60,26,25,22,100,100,98,100,100,100,100,100,92,77,73,74,81,81,74,77,83,100,100,93,93,95,100,100,106,106,106,105,106,106,106,113,106,101],"gold":12,"neow_bonus":"TWO_FIFTY_GOLD","is_daily":false,"chose_seed":false,"campfire_upgraded":4,"win_rate":0.0,"timestamp":1608862454,"path_taken":["R","M","$","?","M","?","T","?","$","?","E","R","?","E","M","BOSS","R","M","?","?","M","R","T","M","E","$","E","?","R","M","M","BOSS","R","M","?","?","M","?","T","$","?","M","R","?","R","$","M","BOSS"],"items_purchased_type":["Card","Card","Card","Card","Relic","Relic","Potion","Relic","Card","Potion","Relic","Relic"],"build_version":"2020-12-22","purchased_purges":5,"victory":true,"max_hp_per_floor":[90,90,90,90,90,90,100,100,100,100,100,100,100,100,100,100,100,100,100,100,100,100,100,100,100,100,100,100,100,100,100,100,100,100,100,100,100,100,100,100,106,106,106,106,106,106,106,113,113,113],"card_choices":[{"not_picked":["champ:FlashCut","champ:GutPunch"],"picked":"champ:AdrenalArmor","floor":2.0},{"not_picked":["champ:FanOfKnives","champ:EnragedBash"],"picked":"champ:DefensiveShout","floor":3.0},{"not_picked":["champ:Backstep","champ:CrookedStrike"],"picked":"champ:Aggression","floor":5.0},{"not_picked":["champ:DefensiveShout","champ:StanceDance"],"picked":"champ:SkillfulDodge","floor":8.0},{"not_picked":["champ:DefensiveShout","champ:PerfectedStrike"],"picked":"champ:Backstep","floor":9.0},{"not_picked":["champ:PreciseThrust","champ:Circumvent","champ:DefensiveShout"],"picked":"SKIP","floor":11.0},{"not_picked":["champ:ShieldSlam","champ:RisingSlash"],"picked":"champ:FaceSlap","floor":14.0},{"not_picked":["champ:ShieldSigil","champ:StanceDance","champ:Circumvent"],"picked":"SKIP","floor":15.0},{"not_picked":["champ:IgnorePain","champ:PerfectForm"],"picked":"champ:Improvising","floor":16.0},{"not_picked":["champ:FlashCut","champ:Lariat"],"picked":"champ:RapidStrikes","floor":19.0},{"not_picked":["champ:FocusedDefense+1","champ:GutPunch"],"picked":"champ:RecklessLeap","floor":20.0},{"not_picked":["champ:EnGarde+1","champ:TornadoPunch"],"picked":"champ:Backstep","floor":22.0},{"not_picked":["champ:TornadoPunch","champ:Encircle"],"picked":"champ:Aggression","floor":25.0},{"not_picked":["champ:Haymaker","champ:FlashCut"],"picked":"champ:RisingSlash+1","floor":26.0},{"not_picked":["champ:RisingSlash","champ:ShieldSigil"],"picked":"champ:Encircle+1","floor":27.0},{"not_picked":["champ:HeavySlash","champ:TornadoPunch","champ:FightOn"],"picked":"SKIP","floor":28.0},{"not_picked":["champ:ShieldSigil+1","champ:GladiatorsShout+1","champ:AdrenalArmor"],"picked":"SKIP","floor":29.0},{"not_picked":["champ:GladiatorsShout","champ:FanOfKnives","champ:RisingSlash"],"picked":"SKIP","floor":31.0},{"not_picked":["champ:DeathBlow","champ:Aggression"],"picked":"champ:Shatter+1","floor":32.0},{"not_picked":["champ:Improvising","champ:CrownThrow"],"picked":"champ:SwordThrow","floor":33.0},{"not_picked":["champ:CrookedStrike","champ:BringItOn","champ:FanOfKnives"],"picked":"SKIP","floor":36.0},{"not_picked":["champ:FalseCounter","champ:RageSigil+1"],"picked":"champ:Duel+1","floor":38.0},{"not_picked":["champ:DefensiveShout","champ:BerserkersShout","champ:GladiatorsShout+1"],"picked":"SKIP","floor":39.0},{"not_picked":["champ:PerfectedStrike+1","champ:FlashCut"],"picked":"champ:Aggression","floor":42.0},{"not_picked":["champ:TornadoPunch","champ:StanceDance+1","champ:EnragedBash+1"],"picked":"SKIP","floor":43.0},{"not_picked":["champ:HoldFirm","champ:EnGarde+1","champ:BerserkersShout+1"],"picked":"SKIP","floor":44.0},{"not_picked":["champ:SkillfulDodge+1","champ:FocusedGladiator+1","champ:DefensiveShout+1"],"picked":"SKIP","floor":49.0}],"player_experience":1036032,"relics_obtained":[{"floor":7.0,"key":"Pear"},{"floor":10.0,"key":"Shuriken"},{"floor":11.0,"key":"TungstenRod"},{"floor":14.0,"key":"Regal Pillow"},{"floor":26.0,"key":"Boot"},{"floor":28.0,"key":"Darkstone Periapt"},{"floor":41.0,"key":"InkBottle"}],"event_choices":[{"damage_healed":0.0,"max_hp_gain":0.0,"max_hp_loss":0.0,"gold_gain":0.0,"event_name":"Upgrade Shrine","player_choice":"Upgraded","floor":6.0,"gold_loss":0.0,"damage_taken":0.0,"cards_upgraded":["champ:Aggression"]},{"damage_healed":0.0,"max_hp_gain":0.0,"max_hp_loss":0.0,"gold_gain":0.0,"event_name":"Lab","player_choice":"Got Potions","floor":37.0,"gold_loss":0.0,"damage_taken":0.0},{"cards_removed":["champ:Strike"],"damage_healed":0.0,"max_hp_gain":0.0,"max_hp_loss":0.0,"gold_gain":0.0,"event_name":"Bonfire Elementals","player_choice":"Offered Basic","floor":40.0,"gold_loss":0.0,"damage_taken":0.0}],"is_beta":false,"boss_relics":[{"not_picked":["Runic Pyramid","Tiny House"],"picked":"Cursed Key"},{"not_picked":["Coffee Dripper","Philosopher\u0027s Stone"],"picked":"Fusion Hammer"}],"items_purged_floors":[9,20,27,42,48],"is_endless":false,"potions_floor_spawned":[2,11,14,15,22,26,28,29,31,36,43,49],"ascension_level":2}}