{"host":"2461dio7vetlq1z3","time":1608895636,"event":{"mods":["2.2 Compatiblity","AchievementEnabler","Aspiration","BaseMod","Better Third Choice","Hermit","Minty Spire (QoL Compilation)","Relic Stats","Spicy Shops","StSLib","The Runesmith","Waifu the Spire"],"gold_per_floor":[116,129,141,141,141,141,170,170,195,225,235,235,235],"floor_reached":12,"playtime":371,"items_purged":[],"score":176,"play_id":"d0adc03e-22cb-4b63-888f-a940458faaa9","local_time":"20201225122716","is_ascension_mode":true,"campfire_choices":[{"data":"Predator","floor":6,"key":"SMITH"},{"floor":8,"key":"REST"}],"circlet_count":0,"master_deck":["AscendersBane","Strike_G","Strike_G","Strike_G","Strike_G","Defend_G","Defend_G","Defend_G","Defend_G","Defend_G","Survivor","Neutralize","Predator+1","Crippling Poison","Terror","Noxious Fumes","Bouncing Flask","PiercingWail"],"relics":["Ring of the Snake","Gremlin Horn","Strawberry","aspiration:SneckoTail"],"acts_visited":["Exordium"],"potions_floor_usage":[7,12],"damage_taken":[{"damage":4,"enemies":"2 Louse","floor":1,"turns":3},{"damage":4,"enemies":"Small Slimes","floor":2,"turns":5},{"damage":0,"enemies":"Cultist","floor":3,"turns":3},{"damage":32,"enemies":"Gremlin Nob","floor":7,"turns":4},{"damage":37,"enemies":"3 Sentries","floor":10,"turns":9},{"damage":7,"enemies":"Exordium Wildlife","floor":11,"turns":3},{"damage":5,"enemies":"Lagavulin","floor":12,"turns":3}],"seed_played":"7299782357412150659","potions_obtained":[{"floor":1,"key":"GamblersBrew"},{"floor":11,"key":"ColorlessPotion"}],"is_trial":false,"path_per_floor":["M","M","M","?","?","R","E","R","T","E","M","E"],"character_chosen":"THE_SILENT","items_purchased":[],"campfire_rested":1,"item_purchase_floors":[],"current_hp_per_floor":[61,57,57,57,50,50,18,39,46,9,2,0,0],"gold":235,"neow_bonus":"TEN_PERCENT_HP_BONUS","is_daily":false,"chose_seed":false,"campfire_upgraded":1,"win_rate":0.0,"timestamp":1608895636,"path_taken":["M","M","M","?","?","R","E","R","T","E","M","E"],"items_purchased_type":[],"build_version":"2020-12-22","purchased_purges":0,"victory":false,"max_hp_per_floor":[72,72,72,72,72,72,72,72,79,79,79,79,79],"relic_stats":{"Gremlin Horn":[3,3],"counters":[7,30],"obtain_stats":[{"Gremlin Horn":7,"aspiration:SneckoTail":10,"Strawberry":9,"Ring of the Snake":0},{"Gremlin Horn":4,"aspiration:SneckoTail":5,"Strawberry":4,"Ring of the Snake":0},{"Gremlin Horn":15,"aspiration:SneckoTail":24,"Strawberry":15,"Ring of the Snake":0}],"Ring of the Snake":[14]},"card_choices":[{"not_picked":["Sucker Punch","Deadly Poison"],"picked":"Predator","floor":1},{"not_picked":["PiercingWail","Endless Agony"],"picked":"Crippling Poison","floor":2},{"not_picked":["Underhanded Strike","Cloak And Dagger"],"picked":"Terror","floor":3},{"not_picked":["Choke","Poisoned Stab"],"picked":"Noxious Fumes","floor":7},{"not_picked":["Backflip","Endless Agony"],"picked":"Bouncing Flask","floor":10},{"not_picked":["Deflect","Bouncing Flask"],"picked":"PiercingWail","floor":11}],"player_experience":925775,"relics_obtained":[{"floor":7,"key":"Gremlin Horn"},{"floor":9,"key":"Strawberry"},{"floor":10,"key":"aspiration:SneckoTail"}],"event_choices":[{"damage_healed":0,"gold_gain":0,"player_choice":"Ignored","damage_taken":141,"max_hp_gain":0,"max_hp_loss":0,"event_name":"betterThird:BetterSerpent","floor":4,"gold_loss":0},{"cards_removed":["Strike_G"],"damage_healed":0,"gold_gain":0,"player_choice":"Card Removal","damage_taken":7,"max_hp_gain":0,"max_hp_loss":0,"event_name":"Golden Wing","floor":5,"gold_loss":0}],"is_beta":false,"boss_relics":[],"items_purged_floors":[],"is_endless":false,"potions_floor_spawned":[1,11],"killed_by":"Lagavulin","ascension_level":20}}