{"host":"mz8vrqw8p22fuds2","time":1608926144,"event":{"mods":["2.2 Compatiblity","Alarm Clock","BaseMod","Bestiary","Block Reminder","Challenge The Spire","Colored Map","Colored Powertips","Conspire","Curses Come First","DeckTracker","Displayed Cursed Tome","Highlight Path","Hubris","Key Reminder","Keyboard Shortcuts","Minty Spire (QoL Compilation)","MonsterHotkey","Potion Indicator Mod","Quick Restart","Rare Cards Sparkle","Relic Sorter","Relic Stats","Replay The Spire","Spire Birthday Party","StSLib","Synergy Search","Unceasing Turn Reminder","Unknown Chances"],"gold_per_floor":[5217,5217,5338,5451,5589,5589,5598,5598,5716,5841,5960,5960,5356,4568,4690,4812,4927,5058],"floor_reached":19,"playtime":991,"items_purged":[],"score":3515,"play_id":"7a9f69c3-022c-4f65-8098-31edd3aae5e3","local_time":"20201226035544","daily_mods":["challengethespire:Modded Boss Rush","challengethespire:Bronze Difficulty","Uncertain Future"],"is_ascension_mode":false,"campfire_choices":[{"data":"Bash","floor":2.0,"key":"SMITH"},{"data":"Defend_R","floor":7.0,"key":"SMITH"},{"data":"Defend_R","floor":8.0,"key":"SMITH"}],"circlet_count":0,"master_deck":["Strike_R","Strike_R+1","Strike_R","Strike_R+1","Defend_R+1","Defend_R+1","Defend_R+1","Bash+1","Madness","Madness","Madness","Madness","Madness","Madness","Madness","Madness","Madness","Madness","Madness","Madness","Madness","Madness","Madness","Madness","Madness","Madness","Madness","Madness","Madness","Madness","Madness","Madness","Madness","Madness","Madness","Madness","Madness","Madness","Madness","Madness","Madness","Madness","Madness","Madness","Madness","Madness","Madness","Madness","Madness","Madness","Madness","Madness","Madness","Madness","Madness","Madness","Madness","Madness","Madness","Madness","Madness","Madness","Madness","Madness","Madness","Madness","Madness","Madness","Madness","Madness","Madness","Madness","Madness","Madness","Madness","Madness","Madness","Madness","Madness","Madness","Madness","Madness","Madness","Madness","Madness","Madness","Madness","Madness","Madness","Madness","Madness","Madness","Madness","Madness","Madness","Madness","Madness","Madness","Madness","Madness","Madness","Madness","Madness","Madness","Madness","Madness","Madness","Madness","Madness","Pot Of Greed+1","Pot Of Greed+1","Pot Of Greed+1","Pot Of Greed+1","Pot Of Greed+1","Pot Of Greed+1","Pot Of Greed+1","Pot Of Greed+1","Pot Of Greed+1","Pot Of Greed+1","Madness","Madness","Madness","Madness","Madness","Madness","Madness","Madness","Madness","Madness","Madness","Madness","Madness","Pot Of Greed+1","Madness","Madness","Madness","Madness","Madness","Madness","Madness","Madness","Madness","Madness","Madness","Pot Of Greed+1","Madness","Madness","Madness","Madness","Madness","Madness","Madness","Madness","Madness","Madness","Madness","Pot Of Greed+1","Madness","Madness","Madness","Madness","Madness","Madness","Madness","Madness","Madness","Madness","Madness","Madness","Madness","Pot Of Greed+1","Madness","Madness","Madness","Madness","Madness","Madness","Madness","Madness","Madness","Madness","Madness","Madness","Pot Of Greed+1","Madness","Madness","Madness","Madness","Madness","Madness","Madness","Madness","Madness","Madness","Madness","Madness","Pot Of Greed+1","Madness","Madness","Madness","Madness","Madness","Madness","Madness","Madness","Madness","Madness","Madness","Madness","Pot Of Greed+1","Madness","Madness","Madness","Madness","Madness","Madness","Madness","Madness","Madness","Madness","Madness","Madness","Madness","Pot Of Greed+1","Madness","Madness","Madness","Madness","Madness","Madness","Madness","Madness","Madness","Madness","Madness","Pot Of Greed+1","Madness","Madness","Madness","Madness","Madness","Madness","Madness","Madness","Madness","Madness","Madness","Madness","Madness","Pot Of Greed+1","Madness","Metamorphosis+1","conspire:Banana+1","Madness+1","Purity+1","Discovery+1","Deep Breath+1","Bandage Up+1","Flash of Steel+1","Blind+1","Violence+1","Pot Of Greed+1","Chrysalis+1","PanicButton+1","Flash of Steel+1","PanicButton+1","PanicButton+1","Blind+1","hubris:Insight+1","Flash of Steel+1","Trip+1","The Bomb+1","Pot Of Greed+1","Chrysalis+1","Dark Shackles+1","Forethought+1","Discovery+1","hubris:Ssssneak+1","Good Instincts+1","Discovery+1","Impatience+1","Sadistic Nature+1","Panacea+1","Impatience+1","Enlightenment+1","Finesse+1","Pot Of Greed+1","hubris:Insight+1","Magnetism+1","Madness+1","Forethought+1","PanicButton+1","Panache+1","Magnetism+1","Good Instincts+1","Secret Weapon+1","Mayhem+1","Enlightenment+1","Deep Breath+1","Pot Of Greed+1","Apotheosis+1","conspire:Banana+1","Forethought+1","Apotheosis+1","Finesse+1","conspire:Banana+1","hubris:EnhanceAbility+1","Mind Blast+1","Blind+1","Jack Of All Trades+1","Blind+1","Pot Of Greed+1","hubris:Insight+1","Impatience+1","Sadistic Nature+1","Secret Weapon+1","Purity+1","Discovery+1","Enlightenment+1","Apotheosis+1","Violence+1","Panache+1","Dramatic Entrance+1","hubris:EnhanceAbility+1","conspire:Banana+1","Transmutation+1","Pot Of Greed+1","Blind+1","Dramatic Entrance+1","Good Instincts+1","Secret Technique+1","Madness+1","Thinking Ahead+1","Deep Breath+1","Jack Of All Trades+1","Purity+1","Jack Of All Trades+1","Pot Of Greed+1","Madness","Pot Of Greed+1","Pot Of Greed+1","Master of Strategy+1","Master of Strategy+1","Swift Strike+1","Transmutation+1","hubris:DuctTapeCard","Mind Blast+1","Bash+2"],"relics":["Burning Blood","The Courier","Molten Egg 2","Toxic Egg 2","Frozen Egg 2","Replay:Wax Seal","Blue Candle","Vajra","HandDrill","Eternal Feather","ReplayFunnel","Omamori","hubris:PeanutButter","Replay:Bottled Flurry","hubris:MysteriousPyramids","CeramicFish","hubris:ToyBattleship","Mango","Mirror","MealTicket","conspire:BottledYoYo","Blue Doll","Red Skull","conspire:GlowingRock","Replay:Bandana","Lizard Tail","Replay:Ringing Soul","hubris:AstralHammer","War Paint","Bag of Marbles","Anchor","Onion Ring","Bag of Preparation","hubris:SlimyHat","Pen Nib","Centennial Puzzle","Akabeko","Letter Opener","hubris:DuctTape","Counterbalance","Turnip","Gremlin Food","Whetstone","conspire:TopHat","ReplayTheSpireMod:Lightbulb","Strawberry","White Beast Statue","Pondfish Scales","ReplayTheSpireMod:Spearhead","conspire:Dentures","Happy Flower","Replay:PocketPolymizer","Regal Pillow","Potion Belt","Blood Vial","Bottled Flame","Art of War","Bronze Scales","Replay:Bottled Snecko","Pet Ghost","Iron Hammer","Boot","ReplayTheSpireMod:Ninjato","Meat on the Bone","hubris:Spice","hubris:BottledRain","Replay:Rubber Ducky","Lantern","StoneCalendar","hubris:Zylophone","Oddly Smooth Stone","Torii","Ornamental Fan","Grinning Jar","ReplayTheSpireMod:TigerMarble","Ginger","Replay:Baseball","hubris:ChampionShield","Nunchaku","Ancient Tea Set","hubris:Potato","Thread and Needle","Darkstone Periapt","hubris:DeckOfHolding","HornCleat","TheAbacus","ReplayTheSpireMod:Shallot","DollysMirror","Mercury Hourglass","conspire:InfiniteJournal","hubris:Reverence","hubris:BundleOfHerbs","Replay:WaspNest"],"acts_visited":["Exordium"],"potions_floor_usage":[18,18,18],"damage_taken":[{"damage":0.0,"enemies":"The Guardian","floor":3.0,"turns":1.0},{"damage":0.0,"enemies":"Slime Boss","floor":4.0,"turns":1.0},{"damage":0.0,"enemies":"Fading Forest","floor":5.0,"turns":6.0},{"damage":0.0,"enemies":"hubris:MusketHawk","floor":9.0,"turns":1.0},{"damage":8.0,"enemies":"Pondfish","floor":10.0,"turns":9.0},{"damage":0.0,"enemies":"conspire:MysteriousRune","floor":11.0,"turns":1.0},{"damage":0,"enemies":"Replay:Hell Engine","floor":15,"turns":1},{"damage":0,"enemies":"hubris:GrandSnecko","floor":16,"turns":1},{"damage":0,"enemies":"conspire:OrnateMirror","floor":17,"turns":1},{"damage":0,"enemies":"The Heart","floor":18,"turns":5}],"seed_played":"4148884301877219754","potions_obtained":[{"floor":3.0,"key":"FairyPotion"},{"floor":4.0,"key":"SpeedPotion"},{"floor":5.0,"key":"LiquidBronze"},{"floor":9.0,"key":"Reflective Coating"},{"floor":10.0,"key":"HeartOfIron"},{"floor":18,"key":"AttackPotion"}],"is_trial":true,"path_per_floor":["$","R","M","M","M","T","R","R","M","M","M","T","$","$","M","M","M","M",null],"character_chosen":"IRONCLAD","items_purchased":["Replay:Wax Seal","Blue Candle","Vajra","HandDrill","Eternal Feather","ReplayFunnel","Omamori","hubris:PeanutButter","Replay:Bottled Flurry","hubris:MysteriousPyramids","CeramicFish","hubris:ToyBattleship","Mango","Mirror","MealTicket","conspire:BottledYoYo","Blue Doll","Red Skull","conspire:GlowingRock","Replay:Bandana","Lizard Tail","Replay:Ringing Soul","hubris:AstralHammer","War Paint","Bag of Marbles","Anchor","Onion Ring","Bag of Preparation","hubris:SlimyHat","Pen Nib","Centennial Puzzle","Akabeko","Letter Opener","hubris:DuctTape","Counterbalance","Turnip","Gremlin Food","Whetstone","conspire:TopHat","ReplayTheSpireMod:Lightbulb","Strawberry","White Beast Statue","Pondfish Scales","ReplayTheSpireMod:Spearhead","conspire:Dentures","Happy Flower","Replay:PocketPolymizer","Regal Pillow","Potion Belt","Blood Vial","Bottled Flame","Art of War","Bronze Scales","Replay:Bottled Snecko","Pet Ghost","Iron Hammer","Boot","ReplayTheSpireMod:Ninjato","Meat on the Bone","hubris:Spice","hubris:BottledRain","Replay:Rubber Ducky","Lantern","StoneCalendar","hubris:Zylophone","Oddly Smooth Stone","Torii","Ornamental Fan","Grinning Jar","ReplayTheSpireMod:TigerMarble","Ginger","Replay:Baseball","hubris:ChampionShield","Nunchaku","Ancient Tea Set","hubris:Spice","hubris:Potato","Thread and Needle","hubris:Spice","hubris:Spice","hubris:Spice","Darkstone Periapt","Metamorphosis+1","conspire:Banana+1","Madness+1","Purity+1","Discovery+1","Deep Breath+1","Bandage Up+1","Flash of Steel+1","Blind+1","Violence+1","Chrysalis+1","PanicButton+1","Flash of Steel+1","PanicButton+1","PanicButton+1","Blind+1","hubris:Insight+1","Flash of Steel+1","Trip+1","The Bomb+1","Chrysalis+1","Dark Shackles+1","Forethought+1","Discovery+1","hubris:Ssssneak+1","Good Instincts+1","Discovery+1","Impatience+1","Sadistic Nature+1","Panacea+1","Impatience+1","Enlightenment+1","Finesse+1","hubris:Insight+1","Magnetism+1","Madness+1","Forethought+1","PanicButton+1","Panache+1","Magnetism+1","Good Instincts+1","Secret Weapon+1","Mayhem+1","Enlightenment+1","Deep Breath+1","Apotheosis+1","conspire:Banana+1","Forethought+1","Apotheosis+1","Finesse+1","conspire:Banana+1","hubris:EnhanceAbility+1","Mind Blast+1","Blind+1","Jack Of All Trades+1","Blind+1","hubris:Insight+1","Impatience+1","Sadistic Nature+1","Secret Weapon+1","Purity+1","Discovery+1","Enlightenment+1","Apotheosis+1","Violence+1","Panache+1","Dramatic Entrance+1","hubris:EnhanceAbility+1","conspire:Banana+1","Transmutation+1","Blind+1","Dramatic Entrance+1","Good Instincts+1","Secret Technique+1","Madness+1","Thinking Ahead+1","Deep Breath+1","Jack Of All Trades+1","Purity+1","Jack Of All Trades+1","TheAbacus","ReplayTheSpireMod:Shallot","Master of Strategy+1","Swift Strike+1","Transmutation+1","DollysMirror","Mercury Hourglass","hubris:Spice","conspire:InfiniteJournal"],"campfire_rested":0,"item_purchase_floors":[1,1,1,1,1,1,1,1,1,1,1,1,1,1,1,1,1,1,1,1,1,1,1,1,1,1,1,1,1,1,1,1,1,1,1,1,1,1,1,1,1,1,1,1,1,1,1,1,1,1,1,1,1,1,1,1,1,1,1,1,1,1,1,1,1,1,1,1,1,1,1,1,1,1,1,1,1,1,1,1,1,1,1,1,1,1,1,1,1,1,1,1,1,1,1,1,1,1,1,1,1,1,1,1,1,1,1,1,1,1,1,1,1,1,1,1,1,1,1,1,1,1,1,1,1,1,1,1,1,1,1,1,1,1,1,1,1,1,1,1,1,1,1,1,1,1,1,1,1,1,1,1,1,1,1,1,1,1,1,1,1,1,13,13,13,13,13,14,14,14,14],"current_hp_per_floor":[660,660,652,644,645,637,640,640,640,641,635,627,630,625,617,617,617,620],"gold":5058,"neow_bonus":"","is_daily":false,"chose_seed":false,"campfire_upgraded":3,"win_rate":0.0,"timestamp":1608926144,"path_taken":["$","R","M","M","M","T","R","R","M","M","M","T","$","$","M","M","M","M"],"items_purchased_type":["Relic","Relic","Relic","Relic","Relic","Relic","Relic","Relic","Relic","Relic","Relic","Relic","Relic","Relic","Relic","Relic","Relic","Relic","Relic","Relic","Relic","Relic","Relic","Relic","Relic","Relic","Relic","Relic","Relic","Relic","Relic","Relic","Relic","Relic","Relic","Relic","Relic","Relic","Relic","Relic","Relic","Relic","Relic","Relic","Relic","Relic","Relic","Relic","Relic","Relic","Relic","Relic","Relic","Relic","Relic","Relic","Relic","Relic","Relic","Relic","Relic","Relic","Relic","Relic","Relic","Relic","Relic","Relic","Relic","Relic","Relic","Relic","Relic","Relic","Relic","Relic","Relic","Relic","Relic","Relic","Relic","Relic","Card","Card","Card","Card","Card","Card","Card","Card","Card","Card","Card","Card","Card","Card","Card","Card","Card","Card","Card","Card","Card","Card","Card","Card","Card","Card","Card","Card","Card","Card","Card","Card","Card","Card","Card","Card","Card","Card","Card","Card","Card","Card","Card","Card","Card","Card","Card","Card","Card","Card","Card","Card","Card","Card","Card","Card","Card","Card","Card","Card","Card","Card","Card","Card","Card","Card","Card","Card","Card","Card","Card","Card","Card","Card","Card","Card","Card","Card","Card","Card","Relic","Relic","Card","Card","Card","Relic","Relic","Relic","Relic"],"build_version":"2020-11-30","purchased_purges":0,"victory":true,"max_hp_per_floor":[660,660,652,644,645,637,640,640,640,643,635,627,630,625,617,617,617,620],"relic_stats":{"Darkstone Periapt":570,"Regal Pillow":0,"Torii":0,"CeramicFish":2862,"StoneCalendar":[52],"Bag of Preparation":[20],"Whetstone":["Strike_R","Strike_R"],"Ginger":[2],"Boot":[8],"Burning Blood":6,"Blood Vial":2,"Lizard Tail":0,"Centennial Puzzle":[2],"Nunchaku":[3],"TheAbacus":[0],"MealTicket":0,"HandDrill":[4],"Happy Flower":[9],"counters":[10,27],"Blue Candle":[0],"Eternal Feather":0,"Pen Nib":[3],"Letter Opener":[187],"War Paint":["Defend_R","Defend_R"],"Mercury Hourglass":[22],"Ornamental Fan":[8],"Bronze Scales":[91],"Turnip":[5],"Art of War":[5],"obtain_stats":[{"CeramicFish":1,"Vajra":1,"Whetstone":1,"Ginger":1,"hubris:MysteriousPyramids":1,"Boot":1,"Blood Vial":1,"Replay:Ringing Soul":1,"conspire:GlowingRock":1,"Lizard Tail":1,"Centennial Puzzle":1,"HornCleat":10,"hubris:AstralHammer":1,"DollysMirror":14,"Strawberry":1,"MealTicket":1,"hubris:DeckOfHolding":9,"Iron Hammer":1,"HandDrill":1,"Replay:Bottled Flurry":1,"Toxic Egg 2":0,"Replay:Wax Seal":1,"conspire:Dentures":1,"hubris:DuctTape":1,"Happy Flower":1,"Blue Candle":1,"Counterbalance":1,"Oddly Smooth Stone":1,"Eternal Feather":1,"Pen Nib":1,"Letter Opener":1,"War Paint":1,"Akabeko":1,"hubris:Zylophone":1,"ReplayTheSpireMod:Spearhead":1,"Bottled Flame":1,"Replay:Baseball":1,"ReplayTheSpireMod:Shallot":13,"Bronze Scales":1,"Molten Egg 2":0,"hubris:PeanutButter":1,"Onion Ring":1,"hubris:ToyBattleship":1,"conspire:BottledYoYo":1,"ReplayTheSpireMod:TigerMarble":1,"Grinning Jar":1,"Mirror":1,"Meat on the Bone":1,"hubris:Reverence":16,"ReplayFunnel":1,"Darkstone Periapt":1,"Regal Pillow":1,"Lantern":1,"Replay:PocketPolymizer":1,"Torii":1,"Mango":1,"Blue Doll":1,"StoneCalendar":1,"Bag of Preparation":1,"hubris:SlimyHat":1,"Ancient Tea Set":1,"Burning Blood":0,"conspire:TopHat":1,"Pet Ghost":1,"Replay:Rubber Ducky":1,"conspire:InfiniteJournal":14,"Replay:Bandana":1,"Nunchaku":1,"TheAbacus":13,"Replay:Bottled Snecko":1,"hubris:ChampionShield":1,"Red Skull":1,"Gremlin Food":1,"Potion Belt":1,"ReplayTheSpireMod:Ninjato":1,"Thread and Needle":1,"The Courier":0,"Replay:WaspNest":18,"Omamori":1,"Frozen Egg 2":0,"White Beast Statue":1,"Mercury Hourglass":14,"Anchor":1,"Pondfish Scales":1,"hubris:Spice":1,"Ornamental Fan":1,"Turnip":1,"hubris:BundleOfHerbs":17,"Bag of Marbles":1,"Art of War":1,"ReplayTheSpireMod:Lightbulb":1,"hubris:Potato":1,"hubris:BottledRain":1},{"CeramicFish":0,"Vajra":0,"Whetstone":0,"Ginger":0,"hubris:MysteriousPyramids":0,"Boot":0,"Blood Vial":0,"Replay:Ringing Soul":0,"conspire:GlowingRock":0,"Lizard Tail":0,"Centennial Puzzle":0,"HornCleat":5,"hubris:AstralHammer":0,"DollysMirror":6,"Strawberry":0,"MealTicket":0,"hubris:DeckOfHolding":4,"Iron Hammer":0,"HandDrill":0,"Replay:Bottled Flurry":0,"Toxic Egg 2":0,"Replay:Wax Seal":0,"conspire:Dentures":0,"hubris:DuctTape":0,"Happy Flower":0,"Blue Candle":0,"Counterbalance":0,"Oddly Smooth Stone":0,"Eternal Feather":0,"Pen Nib":0,"Letter Opener":0,"War Paint":0,"Akabeko":0,"hubris:Zylophone":0,"ReplayTheSpireMod:Spearhead":0,"Bottled Flame":0,"Replay:Baseball":0,"ReplayTheSpireMod:Shallot":6,"Bronze Scales":0,"Molten Egg 2":0,"hubris:PeanutButter":0,"Onion Ring":0,"hubris:ToyBattleship":0,"conspire:BottledYoYo":0,"ReplayTheSpireMod:TigerMarble":0,"Grinning Jar":0,"Mirror":0,"Meat on the Bone":0,"hubris:Reverence":8,"ReplayFunnel":0,"Darkstone Periapt":0,"Regal Pillow":0,"Lantern":0,"Replay:PocketPolymizer":0,"Torii":0,"Mango":0,"Blue Doll":0,"StoneCalendar":0,"Bag of Preparation":0,"hubris:SlimyHat":0,"Ancient Tea Set":0,"Burning Blood":0,"conspire:TopHat":0,"Pet Ghost":0,"Replay:Rubber Ducky":0,"conspire:InfiniteJournal":6,"Replay:Bandana":0,"Nunchaku":0,"TheAbacus":6,"Replay:Bottled Snecko":0,"hubris:ChampionShield":0,"Red Skull":0,"Gremlin Food":0,"Potion Belt":0,"ReplayTheSpireMod:Ninjato":0,"Thread and Needle":0,"The Courier":0,"Replay:WaspNest":10,"Omamori":0,"Frozen Egg 2":0,"White Beast Statue":0,"Mercury Hourglass":6,"Anchor":0,"Pondfish Scales":0,"hubris:Spice":0,"Ornamental Fan":0,"Turnip":0,"hubris:BundleOfHerbs":9,"Bag of Marbles":0,"Art of War":0,"ReplayTheSpireMod:Lightbulb":0,"hubris:Potato":0,"hubris:BottledRain":0},{"CeramicFish":0,"Vajra":0,"Whetstone":0,"Ginger":0,"hubris:MysteriousPyramids":0,"Boot":0,"Blood Vial":0,"Replay:Ringing Soul":0,"conspire:GlowingRock":0,"Lizard Tail":0,"Centennial Puzzle":0,"HornCleat":18,"hubris:AstralHammer":0,"DollysMirror":19,"Strawberry":0,"MealTicket":0,"hubris:DeckOfHolding":9,"Iron Hammer":0,"HandDrill":0,"Replay:Bottled Flurry":0,"Toxic Egg 2":0,"Replay:Wax Seal":0,"conspire:Dentures":0,"hubris:DuctTape":0,"Happy Flower":0,"Blue Candle":0,"Counterbalance":0,"Oddly Smooth Stone":0,"Eternal Feather":0,"Pen Nib":0,"Letter Opener":0,"War Paint":0,"Akabeko":0,"hubris:Zylophone":0,"ReplayTheSpireMod:Spearhead":0,"Bottled Flame":0,"Replay:Baseball":0,"ReplayTheSpireMod:Shallot":19,"Bronze Scales":0,"Molten Egg 2":0,"hubris:PeanutButter":0,"Onion Ring":0,"hubris:ToyBattleship":0,"conspire:BottledYoYo":0,"ReplayTheSpireMod:TigerMarble":0,"Grinning Jar":0,"Mirror":0,"Meat on the Bone":0,"hubris:Reverence":21,"ReplayFunnel":0,"Darkstone Periapt":0,"Regal Pillow":0,"Lantern":0,"Replay:PocketPolymizer":0,"Torii":0,"Mango":0,"Blue Doll":0,"StoneCalendar":0,"Bag of Preparation":0,"hubris:SlimyHat":0,"Ancient Tea Set":0,"Burning Blood":0,"conspire:TopHat":0,"Pet Ghost":0,"Replay:Rubber Ducky":0,"conspire:InfiniteJournal":19,"Replay:Bandana":0,"Nunchaku":0,"TheAbacus":19,"Replay:Bottled Snecko":0,"hubris:ChampionShield":0,"Red Skull":0,"Gremlin Food":0,"Potion Belt":0,"ReplayTheSpireMod:Ninjato":0,"Thread and Needle":0,"The Courier":0,"Replay:WaspNest":27,"Omamori":0,"Frozen Egg 2":0,"White Beast Statue":0,"Mercury Hourglass":19,"Anchor":0,"Pondfish Scales":0,"hubris:Spice":0,"Ornamental Fan":0,"Turnip":0,"hubris:BundleOfHerbs":22,"Bag of Marbles":0,"Art of War":0,"ReplayTheSpireMod:Lightbulb":0,"hubris:Potato":0,"hubris:BottledRain":0}],"Meat on the Bone":0},"card_choices":[],"player_experience":12113,"relics_obtained":[{"floor":3.0,"key":"hubris:Spice"},{"floor":4.0,"key":"hubris:Spice"},{"floor":5.0,"key":"hubris:Spice"},{"floor":9.0,"key":"hubris:DeckOfHolding"},{"floor":10.0,"key":"HornCleat"},{"floor":11.0,"key":"hubris:Spice"},{"floor":15,"key":"hubris:Spice"},{"floor":16,"key":"hubris:Reverence"},{"floor":17,"key":"hubris:BundleOfHerbs"},{"floor":18,"key":"Replay:WaspNest"}],"event_choices":[],"is_beta":false,"boss_relics":[{"not_picked":["ReplayTheSpireMod:DimensionalGlitch","hubris:Spice"],"picked":"hubris:Spice"},{"not_picked":["hubris:Spice","hubris:Spice"],"picked":"hubris:Spice"}],"items_purged_floors":[],"is_endless":false,"potions_floor_spawned":[3,4,5,9,10,11,15,16,17,18],"ascension_level":0}}