{"host":"rmsq46plbpwfbxcc","time":1608908307,"event":{"mods":["AchievementEnabler","BaseMod","Colored Map","DeckTracker","Minty Spire (QoL Compilation)","Permanent Neow","SuperFastMode"],"gold_per_floor":[116,191,207,217,217,217,193,193,193,193,213,242,242,273,273,351,351,368,283,78,91,106,106,135,146,146,146,146,165,165,198,198,276,276,296,296,59,79,124,124,149,149,149,149,201,51,51,78,78,78],"floor_reached":51,"playtime":1947,"items_purged":["Strike_G","Strike_G","Defend_G"],"score":1528,"play_id":"feef57c0-2904-49b4-9789-695ef542f8d8","local_time":"20201225235827","is_ascension_mode":true,"campfire_choices":[{"data":"Neutralize","floor":6.0,"key":"SMITH"},{"floor":10.0,"key":"REST"},{"data":"After Image","floor":15.0,"key":"SMITH"},{"data":"Blade Dance","floor":23.0,"key":"SMITH"},{"data":"After Image","floor":27.0,"key":"SMITH"},{"data":"Finisher","floor":28.0,"key":"SMITH"},{"data":"Footwork","floor":30.0,"key":"SMITH"},{"data":"Storm of Steel","floor":32,"key":"SMITH"},{"data":"Tools of the Trade","floor":40,"key":"SMITH"},{"data":"Accuracy","floor":42,"key":"SMITH"},{"data":"Blur","floor":44,"key":"SMITH"},{"data":"1","floor":47,"key":"LIFT"},{"data":"2","floor":49,"key":"LIFT"}],"circlet_count":0,"master_deck":["AscendersBane","Strike_G","Strike_G","Strike_G","Defend_G","Defend_G","Defend_G","Survivor","Neutralize+1","Deadly Poison","Backflip","PiercingWail","After Image+1","Blade Dance+1","Blur+1","After Image+1","Finisher+1","Footwork+1","Storm of Steel+1","Tools of the Trade+1","Escape Plan","Accuracy+1","Blade Dance"],"relics":["WristBlade","Kunai","Ninja Scroll","Toy Ornithopter","Boot","SacredBark","InkBottle","Membership Card","WingedGreaves","Tingsha","Incense Burner","HoveringKite","Singing Bowl","Centennial Puzzle","FossilizedHelix","Bag of Preparation","Girya","Happy Flower","Potion Belt"],"acts_visited":["Exordium","TheCity","TheBeyond"],"potions_floor_usage":[31,33,38,50,50],"damage_taken":[{"damage":0.0,"enemies":"Small Slimes","floor":1.0,"turns":4.0},{"damage":7.0,"enemies":"2 Louse","floor":3.0,"turns":3.0},{"damage":6.0,"enemies":"Cultist","floor":4.0,"turns":4.0},{"damage":8.0,"enemies":"Exordium Thugs","floor":7.0,"turns":5.0},{"damage":0.0,"enemies":"Blue Slaver","floor":11.0,"turns":2.0},{"damage":9.0,"enemies":"Lagavulin","floor":12.0,"turns":7.0},{"damage":12.0,"enemies":"Gremlin Nob","floor":14.0,"turns":4.0},{"damage":15.0,"enemies":"Slime Boss","floor":16.0,"turns":17.0},{"damage":12.0,"enemies":"Chosen","floor":18.0,"turns":7.0},{"damage":0.0,"enemies":"Spheric Guardian","floor":21.0,"turns":1.0},{"damage":18.0,"enemies":"Cultist and Chosen","floor":22.0,"turns":7.0},{"damage":15.0,"enemies":"Slavers","floor":24.0,"turns":4.0},{"damage":18.0,"enemies":"Shelled Parasite and Fungi","floor":25.0,"turns":6.0},{"damage":7.0,"enemies":"Snake Plant","floor":29.0,"turns":4.0},{"damage":12,"enemies":"Gremlin Leader","floor":31,"turns":4},{"damage":0,"enemies":"Automaton","floor":33,"turns":13},{"damage":0,"enemies":"3 Shapes","floor":35,"turns":5},{"damage":7,"enemies":"3 Darklings","floor":38,"turns":5},{"damage":0,"enemies":"Giant Head","floor":41,"turns":8},{"damage":12,"enemies":"2 Orb Walkers","floor":45,"turns":4},{"damage":0,"enemies":"Nemesis","floor":48,"turns":7},{"damage":18,"enemies":"Awakened One","floor":50,"turns":9}],"seed_played":"8295229084285355527","potions_obtained":[{"floor":7.0,"key":"SpeedPotion"},{"floor":16.0,"key":"FairyPotion"},{"floor":18.0,"key":"Explosive Potion"},{"floor":25.0,"key":"Strength Potion"},{"floor":29.0,"key":"GamblersBrew"},{"floor":31,"key":"SkillPotion"},{"floor":38,"key":"GamblersBrew"},{"floor":41,"key":"Ancient Potion"},{"floor":45,"key":"AttackPotion"}],"is_trial":false,"path_per_floor":["M","?","M","M","?","R","M","?","T","R","M","E","?","E","R","B",null,"M","?","$","M","M","R","E","M","T","R","R","M","R","E","R","B",null,"M","?","$","M","T","R","E","R","T","R","?","$","R","E","R","B",null],"character_chosen":"THE_SILENT","items_purchased":["Membership Card","Accuracy","Singing Bowl","Happy Flower"],"campfire_rested":1,"item_purchase_floors":[20,37,37,46],"current_hp_per_floor":[59,48,41,35,35,35,27,27,27,46,46,37,37,25,25,15,53,41,41,41,41,23,23,13,39,39,39,39,32,32,25,25,30,57,57,57,57,57,57,57,59,59,59,59,49,49,49,49,49,41],"gold":78,"neow_bonus":"BOSS_RELIC","is_daily":false,"chose_seed":false,"campfire_upgraded":10,"win_rate":0.0,"timestamp":1608908307,"path_taken":["M","?","M","M","?","R","M","?","T","R","M","E","?","E","R","BOSS","M","?","$","M","M","R","E","M","T","R","R","M","R","E","R","BOSS","M","?","$","?","?","R","E","R","T","R","?","$","R","E","R","BOSS"],"items_purchased_type":["Relic","Card","Relic","Relic"],"build_version":"2020-12-22","purchased_purges":3,"victory":true,"max_hp_per_floor":[66,66,66,66,66,66,66,66,66,66,66,66,66,66,66,66,66,66,66,66,66,66,66,66,66,66,66,66,66,66,66,66,66,66,66,66,66,68,68,68,70,70,70,70,72,72,72,72,72,72],"card_choices":[{"not_picked":["Deflect","Sucker Punch"],"picked":"Deadly Poison","floor":1.0},{"not_picked":["Flying Knee","Slice"],"picked":"Backflip","floor":3.0},{"not_picked":["Riddle With Holes","Backflip","Prepared"],"picked":"SKIP","floor":4.0},{"not_picked":["Poisoned Stab","Escape Plan"],"picked":"PiercingWail","floor":7.0},{"not_picked":["Leg Sweep","All Out Attack"],"picked":"After Image","floor":11.0},{"not_picked":["Predator","Tactician"],"picked":"Blade Dance","floor":12.0},{"not_picked":["Deflect","PiercingWail"],"picked":"Blur","floor":14.0},{"not_picked":["Die Die Die","Corpse Explosion"],"picked":"After Image","floor":16.0},{"not_picked":["Dagger Throw","Sucker Punch","Bane"],"picked":"SKIP","floor":18.0},{"not_picked":["Dagger Spray","Sucker Punch"],"picked":"Finisher","floor":21.0},{"not_picked":["Prepared","Bane","Heel Hook"],"picked":"SKIP","floor":22.0},{"not_picked":["Setup","Catalyst","Prepared"],"picked":"SKIP","floor":24.0},{"not_picked":["Bane","Quick Slash","Dagger Throw"],"picked":"SKIP","floor":25.0},{"not_picked":["Glass Knife","Dagger Throw"],"picked":"Footwork","floor":29.0},{"not_picked":["Dagger Throw","Bane"],"picked":"Storm of Steel","floor":31},{"not_picked":["Grand Finale","Die Die Die"],"picked":"Tools of the Trade","floor":33},{"not_picked":["Acrobatics","Bouncing Flask"],"picked":"Escape Plan","floor":35},{"not_picked":["Outmaneuver","All Out Attack+1","Underhanded Strike"],"picked":"Singing Bowl","floor":38},{"not_picked":["Sucker Punch","Deflect","Concentrate"],"picked":"Singing Bowl","floor":41},{"not_picked":["Underhanded Strike","Slice","Eviscerate"],"picked":"Singing Bowl","floor":45},{"not_picked":["Prepared","Outmaneuver"],"picked":"Blade Dance","floor":48}],"player_experience":1377272,"relics_obtained":[{"floor":9.0,"key":"Ninja Scroll"},{"floor":12.0,"key":"Toy Ornithopter"},{"floor":14.0,"key":"Boot"},{"floor":24.0,"key":"WingedGreaves"},{"floor":26.0,"key":"Tingsha"},{"floor":31,"key":"Incense Burner"},{"floor":39,"key":"Centennial Puzzle"},{"floor":41,"key":"FossilizedHelix"},{"floor":43,"key":"Bag of Preparation"},{"floor":45,"key":"Girya"},{"floor":48,"key":"Potion Belt"}],"event_choices":[{"damage_healed":0.0,"max_hp_gain":0.0,"max_hp_loss":0.0,"gold_gain":75.0,"event_name":"World of Goop","player_choice":"Gather Gold","floor":2.0,"gold_loss":0.0,"damage_taken":11.0},{"damage_healed":0.0,"max_hp_gain":0.0,"max_hp_loss":0.0,"gold_gain":0.0,"event_name":"Liars Game","player_choice":"Ignored","floor":5.0,"gold_loss":0.0,"damage_taken":0.0},{"damage_healed":0.0,"max_hp_gain":0.0,"max_hp_loss":0.0,"gold_gain":0.0,"event_name":"Dead Adventurer","player_choice":"Searched \u00271\u0027 times","floor":8.0,"gold_loss":0.0,"damage_taken":0.0,"relics_obtained":["Kunai"]},{"damage_healed":0.0,"max_hp_gain":0.0,"max_hp_loss":0.0,"gold_gain":0.0,"event_name":"Shining Light","player_choice":"Ignored","floor":13.0,"gold_loss":0.0,"damage_taken":0.0},{"damage_healed":0.0,"max_hp_gain":0.0,"max_hp_loss":0.0,"gold_gain":0.0,"event_name":"Addict","player_choice":"Obtained Relic","floor":19.0,"gold_loss":85.0,"damage_taken":0.0,"relics_obtained":["InkBottle"]},{"cards_removed":["Defend_G"],"damage_healed":0,"gold_gain":0,"player_choice":"Offered Basic","damage_taken":0,"max_hp_gain":0,"max_hp_loss":0,"event_name":"Bonfire Elementals","floor":36,"gold_loss":0},{"damage_healed":0,"gold_gain":0,"player_choice":"Fight","damage_taken":0,"max_hp_gain":0,"max_hp_loss":0,"event_name":"Mysterious Sphere","floor":45,"gold_loss":0}],"is_beta":false,"boss_relics":[{"not_picked":["Snecko Eye","Busted Crown"],"picked":"SacredBark"},{"not_picked":["Black Star","Philosopher\u0027s Stone"],"picked":"HoveringKite"}],"items_purged_floors":[20,37,46],"is_endless":false,"potions_floor_spawned":[7,16,18,22,25,29,31,38,41,45],"ascension_level":17}}