{"host":"0oumjlzv5vsa909w","time":1608872495,"event":{"mods":["AchievementEnabler","BaseMod","Colored Map","Colored Powertips","DeckTracker","Minty Spire (QoL Compilation)","Quick Restart","StSLib","SuperFastMode"],"gold_per_floor":[112,112,212,225,237,237,255,289,338,356,227,227,283,333,333,333,333],"floor_reached":16,"playtime":579,"items_purged":[],"score":145,"play_id":"b181b741-f648-47c1-9141-9c99121e6713","local_time":"20201225140135","is_ascension_mode":true,"campfire_choices":[{"data":"Searing Blow","floor":6.0,"key":"SMITH"},{"data":"Searing Blow+1","floor":12,"key":"SMITH"},{"data":"Searing Blow+2","floor":15,"key":"SMITH"}],"circlet_count":0,"master_deck":["Strike_R","Strike_R","Strike_R","Strike_R","Defend_R","Defend_R","Defend_R","Defend_R","Bash","Corruption","Armaments","Searing Blow+3","Pommel Strike","Perfected Strike","Warcry","Perfected Strike","Whirlwind","Armaments","Pommel Strike"],"relics":["Burning Blood","Ornamental Fan","Boot","Strawberry","Bronze Scales"],"acts_visited":["Exordium"],"potions_floor_usage":[8,16],"damage_taken":[{"damage":14.0,"enemies":"Cultist","floor":1.0,"turns":5.0},{"damage":2.0,"enemies":"Small Slimes","floor":4.0,"turns":5.0},{"damage":3.0,"enemies":"2 Louse","floor":5.0,"turns":3.0},{"damage":11.0,"enemies":"Blue Slaver","floor":7.0,"turns":5.0},{"damage":30,"enemies":"Lagavulin","floor":8,"turns":7},{"damage":8,"enemies":"3 Louse","floor":10,"turns":3},{"damage":25,"enemies":"3 Sentries","floor":13,"turns":8},{"damage":39,"enemies":"Hexaghost","floor":16,"turns":7}],"seed_played":"-8711334679744611521","potions_obtained":[{"floor":7.0,"key":"CultistPotion"},{"floor":13,"key":"Regen Potion"}],"is_trial":false,"path_per_floor":["M","?","?","M","M","R","M","E","T","M","$","R","?","T","R","B"],"character_chosen":"IRONCLAD","items_purchased":["Whirlwind","Armaments"],"campfire_rested":0,"item_purchase_floors":[11,11],"current_hp_per_floor":[64,57,57,61,64,64,59,35,35,33,33,33,21,21,21,0,0],"gold":333,"neow_bonus":"ONE_RANDOM_RARE_CARD","is_daily":false,"chose_seed":false,"campfire_upgraded":3,"win_rate":0.0,"timestamp":1608872495,"path_taken":["M","?","?","M","M","R","M","E","T","?","$","R","?","?","R","BOSS"],"items_purchased_type":["Card","Card"],"build_version":"2020-12-22","purchased_purges":0,"victory":false,"max_hp_per_floor":[80,80,80,80,80,80,80,80,80,80,80,80,87,87,87,87,87],"card_choices":[{"not_picked":["Wild Strike","Cleave"],"picked":"Armaments","floor":1.0},{"not_picked":["Dual Wield","Pummel"],"picked":"Searing Blow","floor":4.0},{"not_picked":["Twin Strike","Flex"],"picked":"Pommel Strike","floor":5.0},{"not_picked":["Heavy Blade","Inflame"],"picked":"Perfected Strike","floor":7.0},{"not_picked":["Anger","Rampage"],"picked":"Warcry","floor":8},{"not_picked":["Carnage","Wild Strike"],"picked":"Perfected Strike","floor":10},{"not_picked":["Thunderclap","Infernal Blade"],"picked":"Pommel Strike","floor":13}],"player_experience":459874,"relics_obtained":[{"floor":8,"key":"Ornamental Fan"},{"floor":9,"key":"Boot"},{"floor":13,"key":"Strawberry"},{"floor":14,"key":"Bronze Scales"}],"event_choices":[{"cards_removed":["Strike_R"],"damage_healed":0.0,"max_hp_gain":0.0,"max_hp_loss":0.0,"gold_gain":0.0,"event_name":"Golden Wing","player_choice":"Card Removal","floor":2.0,"gold_loss":0.0,"damage_taken":7.0},{"damage_healed":0.0,"max_hp_gain":0.0,"max_hp_loss":0.0,"gold_gain":100.0,"event_name":"Golden Shrine","player_choice":"Pray","floor":3.0,"gold_loss":0.0,"damage_taken":0.0},{"damage_healed":0,"gold_gain":30,"player_choice":"Searched \u00272\u0027 times","damage_taken":0,"max_hp_gain":0,"max_hp_loss":0,"event_name":"Dead Adventurer","floor":13,"gold_loss":0}],"is_beta":false,"boss_relics":[],"items_purged_floors":[],"is_endless":false,"potions_floor_spawned":[7,13],"killed_by":"Hexaghost","ascension_level":9}}