{"host":"ufl0k2so27eic2iy","time":1608932199,"event":{"mods":["BaseMod","Minty Spire (QoL Compilation)","StSLib","The Animator"],"gold_per_floor":[117,132,146,24,24,24,66,66,121,121,48,63,77,111,111,202,202,216,227,1,1,1,35,35,35,61,111,111,128,175,195,195,195,195],"floor_reached":33,"playtime":1191,"items_purged":["animator:Strike"],"score":513,"play_id":"3a8aab1d-c647-4f46-b225-2f23f66b3a63","local_time":"20201225213639","is_ascension_mode":true,"campfire_choices":[{"data":"animator:KrulTepes","floor":6.0,"key":"SMITH"},{"data":"animator:DolaSchwi","floor":8.0,"key":"SMITH"},{"data":"animator:EriShiina","floor":15.0,"key":"SMITH"},{"data":"animator:Guren","floor":25,"key":"SMITH"},{"data":"1","floor":28,"key":"LIFT"},{"data":"2","floor":32,"key":"LIFT"}],"circlet_count":0,"master_deck":["AscendersBane","animator:Strike_AngelBeats","animator:Defend_AngelBeats","animator:Defend","animator:Defend","animator:HidekiHinata+1","animator:MasamiIwasawa","animator:HiiragiShinya","animator:KrulTepes+1","animator:DolaSchwi+1","animator:Shinoa","animator:EriShiina+1","animator:Chaa","animator:Noda","animator:GuildGirl","animator:Guren+1","animator:Mikaela","animator:TohkaYatogami+1","animator:FeridBathory","animator:OrigamiTobiichi","animator:DwarfShaman","animator:HiiragiShinya","animator:Yusa","animator:HiiragiShinya"],"relics":["animator:LivingPicture","animator:TheMissingPiece","Blood Vial","Red Skull","Orichalcum","Bronze Scales","Blood Vial","Velvet Choker","Membership Card","Girya","Blood Vial","Lantern","animator:ShionDessert","Blood Vial","Potion Belt"],"acts_visited":["Exordium","TheCity"],"potions_floor_usage":[30,33],"damage_taken":[{"damage":2.0,"enemies":"Jaw Worm","floor":1.0,"turns":4.0},{"damage":0.0,"enemies":"Small Slimes","floor":2.0,"turns":3.0},{"damage":0.0,"enemies":"Cultist","floor":3.0,"turns":3.0},{"damage":29.0,"enemies":"Lagavulin","floor":7.0,"turns":8.0},{"damage":10.0,"enemies":"Lots of Slimes","floor":12.0,"turns":4.0},{"damage":0.0,"enemies":"2 Fungi Beasts","floor":13.0,"turns":3.0},{"damage":6.0,"enemies":"Gremlin Nob","floor":14.0,"turns":3.0},{"damage":13.0,"enemies":"Slime Boss","floor":16.0,"turns":5.0},{"damage":3.0,"enemies":"Chosen","floor":18.0,"turns":3.0},{"damage":0,"enemies":"3 Byrds","floor":19,"turns":3},{"damage":28,"enemies":"Book of Stabbing","floor":23,"turns":5},{"damage":10,"enemies":"Sentry and Sphere","floor":29,"turns":4},{"damage":3,"enemies":"Slavers","floor":30,"turns":4},{"damage":6,"enemies":"Centurion and Healer","floor":31,"turns":6},{"damage":40,"enemies":"Collector","floor":33,"turns":6}],"seed_played":"4605464927855852794","potions_obtained":[{"floor":3.0,"key":"Regen Potion"},{"floor":7.0,"key":"Strength Potion"},{"floor":12.0,"key":"DuplicationPotion"},{"floor":16.0,"key":"ColorlessPotion"},{"floor":30,"key":"FearPotion"},{"floor":31,"key":"Dexterity Potion"}],"is_trial":false,"path_per_floor":["M","M","M","$","?","R","E","R","T","?","$","M","M","E","R","B",null,"M","M","$","?","$","E","?","R","T","?","R","M","E","M","R","B"],"character_chosen":"THE_ANIMATOR","items_purchased":["animator:Shinoa","animator:Chaa","Membership Card","animator:FeridBathory"],"campfire_rested":0,"item_purchase_floors":[4,11,20,20],"current_hp_per_floor":[52,52,52,52,45,45,31,31,31,31,31,24,26,22,22,11,49,50,54,54,54,54,30,30,30,30,30,30,26,29,31,31,0,0],"gold":195,"neow_bonus":"UPGRADE_CARD","is_daily":false,"chose_seed":true,"campfire_upgraded":4,"win_rate":0.0,"timestamp":1608932199,"path_taken":["M","M","M","$","?","R","E","R","T","?","$","?","M","E","R","BOSS","M","?","$","?","?","E","?","R","T","?","R","?","E","M","R","BOSS"],"items_purchased_type":["Card","Card","Relic","Card"],"build_version":"2020-12-22","purchased_purges":1,"victory":false,"max_hp_per_floor":[60,60,60,60,60,60,60,60,60,60,60,61,61,61,61,61,61,61,61,61,61,61,61,61,61,61,61,61,61,61,61,61,61,61],"card_choices":[{"not_picked":["animator:Yusa","animator:DwarfShaman"],"picked":"animator:HiiragiShinya","floor":1.0},{"not_picked":["animator:ShidoItsuka","animator:Witch"],"picked":"animator:KrulTepes","floor":2.0},{"not_picked":["animator:Gillette","animator:Layla"],"picked":"animator:DolaSchwi","floor":3.0},{"not_picked":["animator:AyatoNaoi","animator:Godan"],"picked":"animator:EriShiina","floor":7.0},{"not_picked":["animator:HidekiHinata","animator:SilverFang"],"picked":"animator:Noda","floor":12.0},{"not_picked":["animator:DolaSchwi","animator:Godan"],"picked":"animator:GuildGirl","floor":13.0},{"not_picked":["animator:Noda","animator:LizardPriest","animator:ChlammyZell"],"picked":"SKIP","floor":14.0},{"not_picked":["animator:Shiro","animator:SwordMaiden"],"picked":"animator:Guren","floor":16.0},{"not_picked":["animator:Mitsuba","animator:Yoichi"],"picked":"animator:Mikaela","floor":18},{"not_picked":["animator:Chaa","animator:ChaikaBohdan"],"picked":"animator:TohkaYatogami+1","floor":19},{"not_picked":["animator:AcuraShin","animator:Layla","animator:YamaiSisters"],"picked":"SKIP","floor":23},{"not_picked":["animator:CowGirl","animator:IzunaHatsuse"],"picked":"animator:HiiragiShinya","floor":29},{"not_picked":["animator:Chaa","animator:Godan"],"picked":"animator:Yusa","floor":30},{"not_picked":["animator:Godan","animator:Noda"],"picked":"animator:HiiragiShinya","floor":31}],"player_experience":2373418,"relics_obtained":[{"floor":7.0,"key":"Blood Vial"},{"floor":7.0,"key":"Red Skull"},{"floor":9.0,"key":"Orichalcum"},{"floor":14.0,"key":"Bronze Scales"},{"floor":16.0,"key":"Blood Vial"},{"floor":23,"key":"Blood Vial"},{"floor":23,"key":"Lantern"},{"floor":26,"key":"animator:ShionDessert"},{"floor":30,"key":"Blood Vial"},{"floor":30,"key":"Potion Belt"}],"event_choices":[{"cards_removed":["animator:Strike"],"damage_healed":0.0,"max_hp_gain":0.0,"max_hp_loss":0.0,"gold_gain":0.0,"event_name":"Golden Wing","player_choice":"Card Removal","floor":5.0,"gold_loss":0.0,"damage_taken":7.0},{"damage_healed":0.0,"max_hp_gain":0.0,"max_hp_loss":0.0,"gold_gain":0.0,"event_name":"Match and Keep!","player_choice":"0 cards matched","floor":10.0,"gold_loss":0.0,"damage_taken":0.0,"cards_obtained":[]},{"damage_healed":0,"gold_gain":0,"player_choice":"Gave Potion","damage_taken":0,"relics_obtained":["Girya"],"max_hp_gain":0,"max_hp_loss":0,"event_name":"WeMeetAgain","floor":21,"gold_loss":0},{"damage_healed":0,"gold_gain":0,"cards_transformed":["animator:Strike","animator:Defend"],"player_choice":"Became Test Subject","damage_taken":0,"max_hp_gain":0,"max_hp_loss":0,"event_name":"Drug Dealer","floor":24,"gold_loss":0,"cards_obtained":["animator:OrigamiTobiichi","animator:DwarfShaman"]},{"damage_healed":0,"gold_gain":50,"player_choice":"Stole From Cult","damage_taken":0,"max_hp_gain":0,"max_hp_loss":0,"event_name":"Nest","floor":27,"gold_loss":0}],"is_beta":false,"boss_relics":[{"not_picked":["Busted Crown","Runic Dome"],"picked":"Velvet Choker"}],"items_purged_floors":[4],"is_endless":false,"potions_floor_spawned":[3,7,12,16,18,30,31],"killed_by":"Collector","ascension_level":15}}