{"host":"v4s5k3c6jywmeofl","time":1608871129,"event":{"mods":["Act Like it!","BaseMod","Colored Map","Downfall","Gensokyo","Hallownest","Hermit","Marisa????????","Minty Spire (QoL Compilation)","Quick Restart","Random Character Button","Rare Cards Sparkle","Replay The Spire","StSLib","The Animator","The Bug Knight","The Cursed","The Hierophant","The Servant 0.9.4"],"gold_per_floor":[116,116,135,60,77,96,96,96,123,156,122,122,138,154,154,253,253,263,263,263,277,96,129,129,129],"floor_reached":24,"playtime":1003,"items_purged":["Decay","Writhe"],"score":216,"play_id":"2777d3bf-f123-403d-93d9-62aa3c17afe9","local_time":"20201224233849","is_ascension_mode":false,"campfire_choices":[{"floor":7.0,"key":"REST"},{"data":"Uppercut","floor":15.0,"key":"SMITH"}],"circlet_count":0,"master_deck":["Strike_R","Strike_R","Strike_R","Strike_R","Strike_R","Defend_R","Defend_R","Defend_R","Defend_R","Bash","Corruption","Pommel Strike","Pummel","Flex","Combust","Spot Weakness","Armaments+1","Warcry","Uppercut+1","Demon Form","Inflame","Heavy Blade+1","ReplayTheSpireMod:Muscle Training","Flex"],"relics":["Burning Blood","Pet Ghost","Regal Pillow","WingedGreaves","ReplayTheSpireMod:Ring of Addiction","Ring of Fury","Toy Ornithopter","SacredBark","Fusion Hammer","Blue Doll"],"acts_visited":["Exordium","TheCity"],"potions_floor_usage":[23,24],"damage_taken":[{"damage":16.0,"enemies":"Jaw Worm","floor":1.0,"turns":4.0},{"damage":12.0,"enemies":"Cultist","floor":3.0,"turns":4.0},{"damage":7.0,"enemies":"2 Louse","floor":5.0,"turns":3.0},{"damage":26.0,"enemies":"Large Slime","floor":6.0,"turns":7.0},{"damage":32.0,"enemies":"Gremlin Nob","floor":10.0,"turns":4.0},{"damage":8.0,"enemies":"Blue Slaver","floor":13.0,"turns":2.0},{"damage":0.0,"enemies":"Exordium Wildlife","floor":14.0,"turns":3.0},{"damage":37.0,"enemies":"The Guardian","floor":16.0,"turns":8.0},{"damage":5.0,"enemies":"3 Byrds","floor":18.0,"turns":3.0},{"damage":34,"enemies":"2 Thieves","floor":21,"turns":4},{"damage":37,"enemies":"Slavers","floor":23,"turns":3},{"damage":29,"enemies":"Replay:Snechameleon","floor":24,"turns":3}],"seed_played":"-6819416567589431848","potions_obtained":[{"floor":3.0,"key":"hexamod:EctoCoolerPotion"},{"floor":6.0,"key":"Languid Potion"},{"floor":12.0,"key":"Adrenaline Potion"},{"floor":12.0,"key":"Guardian:BlockOnCardUsePotion"},{"floor":12.0,"key":"PowerPotion"},{"floor":13.0,"key":"Explosive Potion"},{"floor":14.0,"key":"Strength Potion"},{"floor":16.0,"key":"SkillPotion"}],"is_trial":false,"path_per_floor":["M","?","M","$","M","M","R","?","T","E","$","?","M","M","R","B",null,"M","?","?","M","$","E","E"],"character_chosen":"IRONCLAD","items_purchased":["Armaments+1","ReplayTheSpireMod:Muscle Training"],"campfire_rested":1,"item_purchase_floors":[11,22],"current_hp_per_floor":[70,70,64,64,63,43,67,55,55,29,29,29,32,38,38,12,80,80,80,80,50,50,24,0,0],"gold":129,"neow_bonus":"ONE_RANDOM_RARE_CARD","is_daily":false,"chose_seed":false,"campfire_upgraded":1,"win_rate":0.0,"timestamp":1608871129,"path_taken":["M","?","M","$","M","?","R","?","T","E","$","?","M","M","R","BOSS","M","?","?","M","$","E","E"],"items_purchased_type":["Card","Card"],"build_version":"2020-12-22","purchased_purges":2,"victory":false,"max_hp_per_floor":[80,80,80,80,80,80,80,80,80,80,80,80,80,80,80,80,80,80,80,80,78,78,78,78,78],"card_choices":[{"not_picked":["True Grit","Anger"],"picked":"Pommel Strike","floor":1.0},{"not_picked":["True Grit","Disarm"],"picked":"Pummel","floor":3.0},{"not_picked":["Replay:Undeath\u0027s Touch","Defy Death"],"picked":"Flex","floor":5.0},{"not_picked":["Bloodletting","Battle Trance"],"picked":"Combust","floor":6.0},{"not_picked":["Burning Pact","Flame Barrier"],"picked":"Spot Weakness","floor":10.0},{"not_picked":["Body Slam","Whirlwind"],"picked":"Warcry","floor":13.0},{"not_picked":["Heavy Blade","Dark Embrace"],"picked":"Uppercut","floor":14.0},{"not_picked":["Fiend Fire","Limit Break"],"picked":"Demon Form","floor":16.0},{"not_picked":["Power Through","Clash+1"],"picked":"Inflame","floor":18.0},{"not_picked":["Anger","Pommel Strike+1"],"picked":"Heavy Blade+1","floor":21},{"not_picked":["Life Link","Searing Blow"],"picked":"Flex","floor":23}],"player_experience":143115,"relics_obtained":[{"floor":9.0,"key":"Regal Pillow"},{"floor":10.0,"key":"WingedGreaves"},{"floor":12.0,"key":"ReplayTheSpireMod:Ring of Addiction"},{"floor":12.0,"key":"Ring of Fury"},{"floor":12.0,"key":"Toy Ornithopter"},{"floor":12.0,"key":"SacredBark"},{"floor":23,"key":"Blue Doll"}],"event_choices":[{"damage_healed":0.0,"max_hp_gain":0.0,"max_hp_loss":0.0,"gold_gain":0.0,"event_name":"Wheel of Change","player_choice":"Cursed","floor":2.0,"gold_loss":0.0,"damage_taken":0.0,"cards_obtained":["Decay"]},{"damage_healed":0.0,"max_hp_gain":0.0,"max_hp_loss":0.0,"gold_gain":0.0,"event_name":"Scrap Ooze","player_choice":"Success","floor":8.0,"gold_loss":0.0,"damage_taken":12.0,"relics_obtained":["Pet Ghost"]},{"damage_healed":0.0,"max_hp_gain":0.0,"max_hp_loss":0.0,"gold_gain":0.0,"event_name":"Ghosts","player_choice":"Ignored","floor":19.0,"gold_loss":0.0,"damage_taken":0.0}],"is_beta":false,"boss_relics":[{"not_picked":["Runic Dome","ReplayTheSpireMod:DimensionalGlitch"],"picked":"Fusion Hammer"}],"items_purged_floors":[4,22],"is_endless":false,"potions_floor_spawned":[3,6,13,14,16,18,21],"killed_by":"Replay:Snechameleon","ascension_level":0}}