{"host":"ocy7z4248lncoz2b","time":1608857591,"event":{"mods":["BaseMod","Beaked The Cultist","Bestiary","Better Match","Better Sensory Stone","Better Third Choice","BetterRewards","Clockwork Mod","Colored Map","Colored Powertips","Conspire","Curses Come First","Downfall","Friendly Minions","Gremlin Mod","Highlight Path","Hubris","Infinite Spire","Jorbs\u0027s Wanderer Trilogy","Marisa????????","Mimic Mod","Minty Spire (QoL Compilation)","READ ME - Guardian Mod","Rare Cards Sparkle","Replay The Spire","Shop Mod","Spicy Shops","Spikes Relics","StSLib","SuperFastMode","The Administrix","The Blue Laboratory","The Construct","The Jungle","The Servant 0.9.4","The Wild Card","WarShipGirlsR/????R mod"],"gold_per_floor":[99,99,99,7,17,34,34,34,34,19,19,19,38,48,63,158,158,158,158,158,17,29,29,111,126,126,126],"floor_reached":26,"playtime":1218,"items_purged":["Pain"],"score":194,"play_id":"3cfb7591-c063-47e6-ab48-587e5ca1145c","local_time":"20201225095311","is_ascension_mode":false,"campfire_choices":[{"data":"construct:DefenseMode","floor":1,"key":"SMITH"},{"data":"construct:ScrapCannon","floor":8,"key":"SMITH"},{"data":"construct:ForceCore","floor":11,"key":"SMITH"},{"data":"construct:ScrapCannon+1","floor":18,"key":"SMITH"},{"data":"Discovery","floor":23,"key":"SMITH"}],"circlet_count":0,"master_deck":["construct:Strike_Gold","construct:Strike_Gold","construct:Strike_Gold","construct:Strike_Gold","construct:Strike_Gold","construct:Defend_Gold","construct:Defend_Gold","construct:Defend_Gold","construct:Defend_Gold","construct:Defend_Gold","construct:AttackMode","construct:DefenseMode+1","construct:Reinforce","construct:ScrapCannon+2","construct:FlammableFog","construct:OilSpill","construct:ForceCore+1","construct:Construct_Overclock","construct:Synchronize","construct:Bunker","Replay:Parry","Master of Strategy","Regret","construct:ModeShift","Discovery+1","construct:Forcefield+1","construct:MoltenSmash+1","construct:SaveState","construct:VentSteam+1"],"relics":["construct:ClockworkPhoenix","downfall:HeartsMalice","hubris:BottledRain","WarpedTongs","Replay:Fungal Core","ReplayTheSpireMod:Shallot"],"acts_visited":["Exordium","TheCity"],"potions_floor_usage":[14,25],"damage_taken":[{"damage":0,"enemies":"Jaw Worm","floor":2,"turns":1},{"damage":0,"enemies":"Cultist","floor":3,"turns":1},{"damage":0,"enemies":"downfall:FleeingMerchant","floor":4,"turns":1},{"damage":0,"enemies":"Small Slimes","floor":5,"turns":6},{"damage":4,"enemies":"Exordium Thugs","floor":6,"turns":11},{"damage":5,"enemies":"downfall:FleeingMerchant","floor":10,"turns":4},{"damage":13,"enemies":"Lots of Slimes","floor":13,"turns":7},{"damage":10,"enemies":"Large Slime","floor":14,"turns":6},{"damage":7,"enemies":"Exordium Wildlife","floor":15,"turns":4},{"damage":30,"enemies":"downfall:Ironclad","floor":16,"turns":8},{"damage":18,"enemies":"downfall:FleeingMerchant","floor":21,"turns":4},{"damage":21,"enemies":"3 Byrds","floor":22,"turns":5},{"damage":27,"enemies":"Snecko","floor":25,"turns":7},{"damage":24,"enemies":"Centurion and Healer","floor":26,"turns":4}],"seed_played":"-4109639573178606957","potions_obtained":[{"floor":13,"key":"blueLaboratory:BubblePotion"},{"floor":15,"key":"Elixir"},{"floor":16,"key":"Reflective Coating"}],"is_trial":false,"path_per_floor":["R","M","M","$","M","M","T","R","?","$","R","?","M","M","M","B",null,"R","?","?","$","M","R","T","M","M"],"character_chosen":"THE_CONSTRUCT_MOD","items_purchased":["construct:OilSpill","construct:MoltenSmash+1"],"campfire_rested":0,"item_purchase_floors":[4,21],"current_hp_per_floor":[85,85,85,85,85,81,81,81,81,76,76,76,63,53,46,16,85,85,85,85,67,46,46,46,19,0,0],"gold":126,"neow_bonus":"THREE_ENEMY_KILL","is_daily":false,"chose_seed":false,"campfire_upgraded":5,"win_rate":0.0,"timestamp":1608857591,"path_taken":["R","M","M","$","M","M","T","R","?","?","R","?","M","?","M","BOSS","R","?","?","$","?","R","T","M","M"],"items_purchased_type":["Card","Card"],"build_version":"2020-12-22","purchased_purges":1,"victory":false,"max_hp_per_floor":[85,85,85,85,85,85,85,85,85,85,85,85,85,85,85,85,85,85,85,85,85,85,85,85,85,85,85],"card_choices":[{"not_picked":["construct:SuppressiveFire","construct:Analyze"],"picked":"construct:Reinforce","floor":2},{"not_picked":["construct:FlammableFog","construct:Reinforce"],"picked":"construct:ScrapCannon","floor":3},{"not_picked":["construct:FocusedBeam","construct:CriticalHit"],"picked":"construct:FlammableFog","floor":4},{"not_picked":["construct:Rollout","construct:BlazingSpeed"],"picked":"construct:ForceCore","floor":5},{"not_picked":["construct:ModeShift","construct:Boost"],"picked":"construct:Construct_Overclock","floor":6},{"not_picked":["construct:SyphonStrike","construct:Backfire","construct:BlazingSpeed"],"picked":"SKIP","floor":10},{"not_picked":["construct:Versatility","construct:ModeShift"],"picked":"construct:Synchronize","floor":13},{"not_picked":["construct:OmegaCannon","construct:ScopeCore","construct:ClusterMines"],"picked":"SKIP","floor":14},{"not_picked":["construct:PowerUp","construct:FlakBarrage","construct:Zapper"],"picked":"SKIP","floor":15},{"not_picked":["construct:ShiftingStance","construct:HastyRepair"],"picked":"construct:Bunker","floor":16},{"not_picked":["Replay:SS_fish_1","ReplayTheSpireMod:Uncanny Aura"],"picked":"Replay:Parry","floor":19},{"not_picked":["expansioncontent:Collect","Flash of Steel"],"picked":"Master of Strategy","floor":19},{"not_picked":["construct:Accumulate","construct:FlammableFog"],"picked":"construct:Forcefield+1","floor":21},{"not_picked":["construct:PhosphorStorm","construct:Impenetrable"],"picked":"construct:SaveState","floor":22},{"not_picked":["construct:Failsafe","construct:ChargeShot"],"picked":"construct:VentSteam+1","floor":25}],"player_experience":303315,"relics_obtained":[{"floor":7,"key":"hubris:BottledRain"},{"floor":24,"key":"ReplayTheSpireMod:Shallot"}],"event_choices":[{"damage_healed":0,"gold_gain":0,"player_choice":"Rummage","damage_taken":0,"relics_obtained":["WarpedTongs"],"max_hp_gain":0,"max_hp_loss":0,"event_name":"Accursed Blacksmith","floor":9,"gold_loss":0,"cards_obtained":["Pain"]},{"damage_healed":0,"gold_gain":0,"player_choice":"Ignored","damage_taken":0,"max_hp_gain":0,"max_hp_loss":0,"event_name":"NoteForYourself","floor":12,"gold_loss":0},{"damage_healed":0,"gold_gain":2,"player_choice":"1","damage_taken":0,"max_hp_gain":0,"max_hp_loss":0,"event_name":"betterStone:BetterStone","floor":19,"gold_loss":0}],"is_beta":false,"boss_relics":[{"not_picked":["hubris:RunicObelisk","hubris:VirtuousBlindfold"],"picked":"Replay:Fungal Core"}],"items_purged_floors":[21],"is_endless":false,"potions_floor_spawned":[13,15,16],"killed_by":"Centurion and Healer","ascension_level":0}}