{"host":"0oumjlzv5vsa909w","time":1608871869,"event":{"mods":["AchievementEnabler","BaseMod","Colored Map","Colored Powertips","DeckTracker","Minty Spire (QoL Compilation)","Quick Restart","StSLib","SuperFastMode"],"gold_per_floor":[118,138,44,219,219,219,253,268,268,279,279,295,307,321,321,423,423,438,451,451,431,448,448,448,448],"floor_reached":24,"playtime":727,"items_purged":[],"score":290,"play_id":"3115976b-54d7-40ba-8756-10139d9ac40c","local_time":"20201225135109","is_ascension_mode":true,"campfire_choices":[{"data":"Seeing Red","floor":6,"key":"SMITH"},{"data":"Armaments","floor":11,"key":"SMITH"},{"data":"Evolve","floor":15,"key":"SMITH"},{"floor":23,"key":"REST"}],"circlet_count":0,"master_deck":["Strike_R","Strike_R","Strike_R","Strike_R","Strike_R","Defend_R","Defend_R","Defend_R","Defend_R","Bash","Fiend Fire","Inflame","Wild Strike","Seeing Red+1","Perfected Strike+1","Doubt","Armaments+1","Shrug It Off","Immolate","Evolve+1","Whirlwind","Limit Break","Flex","Flex","Warcry"],"relics":["Burning Blood","White Beast Statue","Vajra","SacredBark"],"acts_visited":["Exordium","TheCity"],"potions_floor_usage":[16,16,18,19,22,22,22],"damage_taken":[{"damage":6,"enemies":"Cultist","floor":1,"turns":3},{"damage":7,"enemies":"2 Louse","floor":2,"turns":3},{"damage":8,"enemies":"Gremlin Nob","floor":7,"turns":3},{"damage":7,"enemies":"Jaw Worm","floor":8,"turns":3},{"damage":8,"enemies":"Blue Slaver","floor":10,"turns":3},{"damage":17,"enemies":"Gremlin Gang","floor":12,"turns":5},{"damage":0,"enemies":"Large Slime","floor":13,"turns":4},{"damage":0,"enemies":"3 Louse","floor":14,"turns":1},{"damage":4,"enemies":"Slime Boss","floor":16,"turns":7},{"damage":19,"enemies":"Spheric Guardian","floor":18,"turns":5},{"damage":45,"enemies":"Shell Parasite","floor":19,"turns":6},{"damage":7,"enemies":"3 Cultists","floor":22,"turns":4},{"damage":39,"enemies":"Shelled Parasite and Fungi","floor":24,"turns":4}],"seed_played":"3824130592818935358","potions_obtained":[{"floor":1,"key":"Energy Potion"},{"floor":8,"key":"ElixirPotion"},{"floor":10,"key":"Block Potion"},{"floor":12,"key":"Strength Potion"},{"floor":16,"key":"SpeedPotion"},{"floor":18,"key":"SpeedPotion"},{"floor":19,"key":"CultistPotion"},{"floor":21,"key":"DistilledChaos"},{"floor":22,"key":"PowerPotion"}],"is_trial":false,"path_per_floor":["M","M","$","?","?","R","E","M","T","M","R","M","M","M","R","B",null,"M","M","?","?","M","R","M"],"character_chosen":"IRONCLAD","items_purchased":["Seeing Red","Perfected Strike"],"campfire_rested":1,"item_purchase_floors":[3,3],"current_hp_per_floor":[72,71,71,71,71,71,69,68,68,66,66,55,61,67,67,69,77,64,25,10,10,9,34,0,0],"gold":448,"neow_bonus":"ONE_RANDOM_RARE_CARD","is_daily":false,"chose_seed":false,"campfire_upgraded":3,"win_rate":0.0,"timestamp":1608871869,"path_taken":["M","M","?","?","?","R","E","?","T","M","R","M","M","M","R","BOSS","M","M","?","?","M","R","?"],"items_purchased_type":["Card","Card"],"build_version":"2020-12-22","purchased_purges":0,"victory":false,"max_hp_per_floor":[80,80,80,80,80,80,80,80,80,80,80,80,80,80,80,80,80,80,80,85,85,85,85,85,85],"card_choices":[{"not_picked":["Havoc","Clash"],"picked":"Inflame","floor":1},{"not_picked":["Infernal Blade","Havoc"],"picked":"Wild Strike","floor":2},{"not_picked":["Sword Boomerang","Reckless Charge","Havoc"],"picked":"SKIP","floor":7},{"not_picked":["Searing Blow","Clash"],"picked":"Armaments","floor":8},{"not_picked":["Headbutt","Body Slam"],"picked":"Shrug It Off","floor":10},{"not_picked":["Flex","Iron Wave"],"picked":"Immolate","floor":12},{"not_picked":["Headbutt","Iron Wave"],"picked":"Evolve","floor":13},{"not_picked":["Iron Wave","Metallicize"],"picked":"Whirlwind","floor":14},{"not_picked":["Barricade","Demon Form"],"picked":"Limit Break","floor":16},{"not_picked":["Warcry","Sword Boomerang+1"],"picked":"Flex","floor":18},{"not_picked":["Offering","Sword Boomerang"],"picked":"Flex","floor":19},{"not_picked":["Perfected Strike","Wild Strike"],"picked":"Warcry","floor":22}],"player_experience":457876,"relics_obtained":[{"floor":7,"key":"White Beast Statue"},{"floor":9,"key":"Vajra"}],"event_choices":[{"damage_healed":0,"gold_gain":175,"player_choice":"AGREE","damage_taken":0,"max_hp_gain":0,"max_hp_loss":0,"event_name":"Liars Game","floor":4,"gold_loss":0,"cards_obtained":["Doubt"]},{"damage_healed":0,"gold_gain":0,"player_choice":"Forge","damage_taken":0,"max_hp_gain":0,"max_hp_loss":0,"event_name":"Accursed Blacksmith","floor":5,"gold_loss":0,"cards_upgraded":["Perfected Strike"]},{"damage_healed":0,"gold_gain":0,"player_choice":"Shed Blood","damage_taken":20,"max_hp_gain":5,"max_hp_loss":0,"event_name":"Forgotten Altar","floor":20,"gold_loss":0},{"damage_healed":0,"gold_gain":0,"player_choice":"Bought 1 Potion","damage_taken":0,"max_hp_gain":0,"max_hp_loss":0,"event_name":"The Woman in Blue","floor":21,"gold_loss":0}],"is_beta":false,"boss_relics":[{"not_picked":["Coffee Dripper","Velvet Choker"],"picked":"SacredBark"}],"items_purged_floors":[],"is_endless":false,"potions_floor_spawned":[1,8,10,12,13,14,16,18,19,22],"killed_by":"Shelled Parasite and Fungi","ascension_level":9}}