{"host":"gttgmv2wah99hzdm","time":1608924908,"event":{"mods":["AchievementEnabler","BaseMod","Bestiary","Block Reminder","Filter the Spire","Highlight Path","Minty Spire (QoL Compilation)","Permanent Neow","Random Character Button","Relic Stats","StSLib"],"gold_per_floor":[116,116,135,151,167,184,214,214,214,214,59,93,110,110,110],"floor_reached":14,"playtime":600,"items_purged":["Strike_R"],"score":248,"play_id":"95a6a3dd-17ae-4a1e-846a-c1afa08b31c8","local_time":"20201225133508","is_ascension_mode":true,"campfire_choices":[{"data":"Uppercut","floor":8.0,"key":"SMITH"},{"data":"Evolve","floor":10.0,"key":"SMITH"}],"circlet_count":0,"master_deck":["AscendersBane","Strike_R","Strike_R","Strike_R","Strike_R","Defend_R","Defend_R","Defend_R","Defend_R","Bash","Cleave","Ghostly Armor","Limit Break","Iron Wave","Power Through","Uppercut+1","Rampage","Evolve+1","Burning Pact","Dark Embrace","Shrug It Off"],"relics":["Coffee Dripper","Bronze Scales","Anchor","Ancient Tea Set"],"acts_visited":["Exordium"],"potions_floor_usage":[13],"damage_taken":[{"damage":2.0,"enemies":"2 Louse","floor":1.0,"turns":3.0},{"damage":0.0,"enemies":"Cultist","floor":3.0,"turns":3.0},{"damage":4.0,"enemies":"Jaw Worm","floor":4.0,"turns":4.0},{"damage":8.0,"enemies":"Blue Slaver","floor":5.0,"turns":4.0},{"damage":12.0,"enemies":"Exordium Thugs","floor":6.0,"turns":5.0},{"damage":23.0,"enemies":"Lagavulin","floor":7.0,"turns":9.0},{"damage":0.0,"enemies":"3 Sentries","floor":12.0,"turns":6.0},{"damage":1,"enemies":"Looter","floor":13,"turns":3},{"damage":19,"enemies":"Gremlin Nob","floor":14,"turns":3}],"seed_played":"-7691462441713369707","potions_obtained":[{"floor":5.0,"key":"LiquidBronze"},{"floor":6.0,"key":"Swift Potion"},{"floor":13,"key":"Weak Potion"}],"is_trial":false,"path_per_floor":["M","?","M","M","M","M","E","R","T","R","$","E","M","E"],"character_chosen":"IRONCLAD","items_purchased":["Burning Pact"],"campfire_rested":0,"item_purchase_floors":[11],"current_hp_per_floor":[66,66,66,62,54,42,19,19,19,19,19,19,18,0,0],"gold":110,"neow_bonus":"BOSS_RELIC","is_daily":false,"chose_seed":false,"campfire_upgraded":2,"win_rate":0.0,"timestamp":1608924908,"path_taken":["M","?","?","M","M","M","E","R","T","R","$","E","M","E"],"items_purchased_type":["Card"],"build_version":"2020-12-22","purchased_purges":1,"victory":false,"max_hp_per_floor":[75,75,75,75,75,75,75,75,75,75,75,75,75,75,75],"relic_stats":{"counters":[9,40],"Bronze Scales":[21],"obtain_stats":[{"Anchor":9,"Bronze Scales":7,"Coffee Dripper":0,"Ancient Tea Set":12,"Burning Blood":0},{"Anchor":6,"Bronze Scales":6,"Coffee Dripper":0,"Ancient Tea Set":7,"Burning Blood":0},{"Anchor":28,"Bronze Scales":28,"Coffee Dripper":0,"Ancient Tea Set":34,"Burning Blood":0}]},"card_choices":[{"not_picked":["Sword Boomerang","True Grit"],"picked":"Cleave","floor":1.0},{"not_picked":["Warcry","Heavy Blade"],"picked":"Iron Wave","floor":3.0},{"not_picked":["Flex","Thunderclap"],"picked":"Power Through","floor":4.0},{"not_picked":["Havoc","Double Tap"],"picked":"Uppercut","floor":5.0},{"not_picked":["Wild Strike","Dropkick"],"picked":"Rampage","floor":6.0},{"not_picked":["Headbutt","Intimidate"],"picked":"Evolve","floor":7.0},{"not_picked":["Twin Strike","Wild Strike"],"picked":"Dark Embrace","floor":12.0},{"not_picked":["Fire Breathing","Havoc"],"picked":"Shrug It Off","floor":13}],"player_experience":868716,"relics_obtained":[{"floor":7.0,"key":"Bronze Scales"},{"floor":9.0,"key":"Anchor"},{"floor":12.0,"key":"Ancient Tea Set"}],"event_choices":[{"damage_healed":0.0,"max_hp_gain":0.0,"max_hp_loss":0.0,"gold_gain":0.0,"event_name":"Match and Keep!","player_choice":"2 cards matched","floor":2.0,"gold_loss":0.0,"damage_taken":0.0,"cards_obtained":["Ghostly Armor","Limit Break"]}],"is_beta":false,"boss_relics":[],"items_purged_floors":[11],"is_endless":false,"potions_floor_spawned":[5,6,13],"killed_by":"Gremlin Nob","ascension_level":19}}