{"host":"12","time":1608881531,"event":{"mods":["ATMod(°¢èªMod)","Act Like it!","BaseMod","Colored Powertips","Minty Spire (QoL Compilation)","StSLib","¡¾¹¦ÄÜMod¡¿»ìãçÖ®»·ÐÞ¸´²¹¶¡"],"gold_per_floor":[114,39,114,129,29,29,61,80,80,105,105,105,136,136,136,211,211,230,230,298,298,298,330,348,377,428,428,446,446,480,493,493,567,567,583,596,596,611,611,644,644,659,659,659,192,209,242,254,254,254,254,254,254,104,130,130],"floor_reached":57,"playtime":1468,"items_purged":["Strike_G","Strike_G","Strike_G","Strike_G"],"score":3422,"play_id":"05e4f912-5224-4915-b340-fc41c9c9b87e","local_time":"20201225153211","is_ascension_mode":true,"campfire_choices":[{"data":"Blade Dance","floor":6.0,"key":"SMITH"},{"data":"Acrobatics","floor":12.0,"key":"SMITH"},{"data":"Neutralize","floor":15.0,"key":"SMITH"},{"data":"Blade Dance","floor":27.0,"key":"SMITH"},{"data":"Adrenaline","floor":29.0,"key":"SMITH"},{"data":"Tactician","floor":32.0,"key":"SMITH"},{"floor":41.0,"key":"RECALL"},{"data":"AT_WindFlip","floor":44.0,"key":"SMITH"},{"floor":49,"key":"REST"},{"data":"Survivor","floor":53,"key":"SMITH"}],"circlet_count":0,"master_deck":["AscendersBane","Defend_G","Defend_G","Defend_G","Defend_G","Defend_G","Survivor+1","Neutralize+1","AT_EssenceShift","Blade Dance+1","AT_WindFlip+1","Backflip+1","Terror","After Image","Cloak And Dagger+1","Riddle With Holes","Adrenaline+1","Blade Dance+1","Tactician+1","Dodge and Roll+1","Night Terror","AT_EssenceShift"],"relics":["AT_ATBox","Snecko Eye","Centennial Puzzle","Bottled Tornado","Tingsha","Ancient Tea Set","Boot","AT_TrinityForce","PreservedInsect","TungstenRod","Nunchaku","Bag of Preparation","Vajra","Philosopher\u0027s Stone","Potion Belt","Pear","DollysMirror","Frozen Egg 2","Anchor"],"acts_visited":["Exordium","TheCity","TheBeyond","TheEnding"],"potions_floor_usage":[56,56,56],"damage_taken":[{"damage":0.0,"enemies":"Cultist","floor":1.0,"turns":3.0},{"damage":4.0,"enemies":"Jaw Worm","floor":4.0,"turns":4.0},{"damage":12.0,"enemies":"3 Sentries","floor":7.0,"turns":5.0},{"damage":3.0,"enemies":"2 Louse","floor":8.0,"turns":3.0},{"damage":3.0,"enemies":"Lagavulin","floor":10.0,"turns":5.0},{"damage":0.0,"enemies":"3 Sentries","floor":13.0,"turns":4.0},{"damage":0.0,"enemies":"Hexaghost","floor":16.0,"turns":4.0},{"damage":1.0,"enemies":"Spheric Guardian","floor":18.0,"turns":3.0},{"damage":15.0,"enemies":"Slavers","floor":23.0,"turns":2.0},{"damage":0.0,"enemies":"2 Thieves","floor":24.0,"turns":1.0},{"damage":0.0,"enemies":"Gremlin Leader","floor":25.0,"turns":2.0},{"damage":0.0,"enemies":"Snecko","floor":28.0,"turns":2.0},{"damage":0.0,"enemies":"Book of Stabbing","floor":30.0,"turns":2.0},{"damage":0.0,"enemies":"Chosen and Byrds","floor":31.0,"turns":1.0},{"damage":0.0,"enemies":"Champ","floor":33.0,"turns":3.0},{"damage":0.0,"enemies":"3 Shapes","floor":35.0,"turns":2.0},{"damage":0.0,"enemies":"3 Darklings","floor":36.0,"turns":2.0},{"damage":0.0,"enemies":"Jaw Worm Horde","floor":38.0,"turns":2.0},{"damage":0.0,"enemies":"Nemesis","floor":40.0,"turns":3.0},{"damage":0.0,"enemies":"Transient","floor":42.0,"turns":5.0},{"damage":20.0,"enemies":"Sphere and 2 Shapes","floor":46.0,"turns":3.0},{"damage":0.0,"enemies":"Giant Head","floor":47.0,"turns":4.0},{"damage":0.0,"enemies":"Spire Growth","floor":48.0,"turns":2.0},{"damage":0,"enemies":"Awakened One","floor":50,"turns":4},{"damage":0,"enemies":"Time Eater","floor":51,"turns":5},{"damage":0,"enemies":"Shield and Spear","floor":55,"turns":3},{"damage":0,"enemies":"The Heart","floor":56,"turns":7}],"seed_played":"-5842857462701098953","potions_obtained":[{"floor":4.0,"key":"Fire Potion"},{"floor":13.0,"key":"CunningPotion"},{"floor":23.0,"key":"LiquidBronze"},{"floor":40.0,"key":"Regen Potion"},{"floor":47.0,"key":"GamblersBrew"}],"is_trial":false,"path_per_floor":["M","$","?","M","$","R","E","M","T","E","?","R","E","?","R","B",null,"M","?","T","?","T","E","M","E","T","R","M","R","E","M","R","B",null,"M","M","?","M","?","E","R","M","T","R","$","M","E","M","R","B","B",null,"R","$","E","B",null],"character_chosen":"THE_SILENT","items_purchased":["Night Terror","DollysMirror"],"campfire_rested":1,"item_purchase_floors":[45,45],"current_hp_per_floor":[59,59,48,44,44,44,32,29,29,26,15,15,15,20,20,20,58,57,57,57,57,57,42,42,42,42,42,42,42,42,42,42,42,64,64,64,55,55,55,55,55,55,65,65,65,45,45,45,69,69,69,78,78,78,78,78],"gold":130,"neow_bonus":"BOSS_RELIC","is_daily":false,"chose_seed":false,"campfire_upgraded":8,"win_rate":0.0,"timestamp":1608881531,"path_taken":["M","?","?","M","$","R","E","M","T","E","?","R","E","?","R","BOSS","M","?","?","?","?","E","M","E","T","R","M","R","E","M","R","BOSS","M","M","?","?","?","E","R","?","T","R","$","M","E","M","R","BOSS","BOSS","R","$","E","BOSS"],"items_purchased_type":["Card","Relic"],"build_version":"2020-12-18","purchased_purges":4,"victory":true,"max_hp_per_floor":[66,66,66,66,66,66,66,66,66,66,66,66,66,71,71,71,71,71,71,71,71,71,71,71,71,71,71,71,71,71,71,71,71,71,71,71,71,71,71,71,71,71,81,81,81,81,81,81,81,81,81,81,81,81,81,81],"card_choices":[{"not_picked":["Backstab","Slice"],"picked":"Blade Dance","floor":1.0},{"not_picked":["Poisoned Stab","Slice"],"picked":"Acrobatics","floor":4.0},{"not_picked":["Endless Agony","PiercingWail"],"picked":"AT_WindFlip","floor":7.0},{"not_picked":["AT_MyraUnstableElement","Calculated Gamble","AT_WomanClash"],"picked":"SKIP","floor":8.0},{"not_picked":["Choke","Accuracy"],"picked":"Backflip","floor":10.0},{"not_picked":["Bane","Choke"],"picked":"Terror","floor":13.0},{"not_picked":["Storm of Steel","Die Die Die"],"picked":"After Image","floor":16.0},{"not_picked":["Terror","All Out Attack"],"picked":"Cloak And Dagger+1","floor":18.0},{"not_picked":["Sucker Punch+1","Heel Hook","All Out Attack"],"picked":"SKIP","floor":23.0},{"not_picked":["Blur","AT_TinkerSharpsword"],"picked":"Blade Dance","floor":24.0},{"not_picked":["AT_Desolate","Blade Dance","Heel Hook"],"picked":"SKIP","floor":25.0},{"not_picked":["AT_Desolate","Blade Dance","Heel Hook"],"picked":"SKIP","floor":25.0},{"not_picked":["Choke+1","Underhanded Strike","Slice"],"picked":"SKIP","floor":28.0},{"not_picked":["Reflex","Poisoned Stab"],"picked":"Tactician","floor":30.0},{"not_picked":["Skewer","Prepared","Quick Slash"],"picked":"SKIP","floor":31.0},{"not_picked":["Calculated Gamble","Blade Dance","Outmaneuver"],"picked":"SKIP","floor":35.0},{"not_picked":["Quick Slash","Underhanded Strike+1","Blade Dance+1"],"picked":"SKIP","floor":36.0},{"not_picked":["Tactician","Deflect","Flechettes"],"picked":"SKIP","floor":38.0},{"not_picked":["Bouncing Flask","AT_TinkerSharpsword","Noxious Fumes"],"picked":"SKIP","floor":40.0},{"not_picked":["Deadly Poison","Dagger Spray"],"picked":"Dodge and Roll+1","floor":42.0},{"not_picked":["Poisoned Stab+1","Heel Hook","Tactician+1"],"picked":"SKIP","floor":46.0},{"not_picked":["Corpse Explosion","Underhanded Strike","Quick Slash+1"],"picked":"SKIP","floor":47.0},{"not_picked":["AT_TwilightShroud+1","Footwork+1","Deflect"],"picked":"SKIP","floor":48},{"not_picked":["AT_TwilightShroud+1","Footwork+1","Deflect"],"picked":"SKIP","floor":48},{"not_picked":["Dodge and Roll","Backflip","Flying Knee"],"picked":"SKIP","floor":55}],"player_experience":569740,"relics_obtained":[{"floor":7.0,"key":"Centennial Puzzle"},{"floor":9.0,"key":"Bottled Tornado"},{"floor":10.0,"key":"Tingsha"},{"floor":13.0,"key":"Boot"},{"floor":22.0,"key":"PreservedInsect"},{"floor":23.0,"key":"TungstenRod"},{"floor":25.0,"key":"Nunchaku"},{"floor":26.0,"key":"Bag of Preparation"},{"floor":30.0,"key":"Vajra"},{"floor":40.0,"key":"Potion Belt"},{"floor":43.0,"key":"Pear"},{"floor":47.0,"key":"Frozen Egg 2"},{"floor":55,"key":"Anchor"}],"event_choices":[{"damage_healed":0.0,"max_hp_gain":0.0,"max_hp_loss":0.0,"gold_gain":75.0,"event_name":"World of Goop","player_choice":"Gather Gold","floor":3.0,"gold_loss":0.0,"damage_taken":11.0},{"damage_healed":0.0,"max_hp_gain":0.0,"max_hp_loss":0.0,"gold_gain":0.0,"event_name":"Scrap Ooze","player_choice":"Success","floor":11.0,"gold_loss":0.0,"damage_taken":11.0,"relics_obtained":["Ancient Tea Set"]},{"damage_healed":0.0,"max_hp_gain":5.0,"max_hp_loss":0.0,"gold_gain":0.0,"event_name":"Big Fish","player_choice":"Donut","floor":14.0,"gold_loss":0.0,"damage_taken":0.0},{"damage_healed":0.0,"max_hp_gain":0.0,"max_hp_loss":0.0,"gold_gain":0.0,"cards_transformed":["Acrobatics","Strike_G"],"event_name":"Drug Dealer","player_choice":"Became Test Subject","floor":19.0,"gold_loss":0.0,"damage_taken":0.0,"cards_obtained":["Riddle With Holes","Adrenaline"]},{"damage_healed":0.0,"max_hp_gain":0.0,"max_hp_loss":0.0,"gold_gain":0.0,"event_name":"The Mausoleum","player_choice":"Ignored","floor":21.0,"gold_loss":0.0,"damage_taken":0.0},{"damage_healed":0.0,"max_hp_gain":0.0,"max_hp_loss":0.0,"gold_gain":0.0,"event_name":"Wheel of Change","player_choice":"Damaged","floor":37.0,"gold_loss":0.0,"damage_taken":10.0},{"damage_healed":0.0,"max_hp_gain":0.0,"max_hp_loss":0.0,"gold_gain":0.0,"event_name":"Upgrade Shrine","player_choice":"Upgraded","floor":39.0,"gold_loss":0.0,"damage_taken":0.0,"cards_upgraded":["Backflip"]}],"is_beta":true,"boss_relics":[{"not_picked":["Fusion Hammer","HoveringKite"],"picked":"AT_TrinityForce"},{"not_picked":["SacredBark","Tiny House"],"picked":"Philosopher\u0027s Stone"}],"items_purged_floors":[2,5,45,54],"is_endless":false,"potions_floor_spawned":[4,13,23,24,25,28,31,35,36,40,47,55],"ascension_level":20}}