{"host":"wfy07lporsqrbz3r","time":1608907250,"event":{"mods":["BaseMod","Minty Spire (QoL Compilation)","Replay The Spire","StSLib"],"gold_per_floor":[119,119,119,136,153,153,188,188,188,188,205,205,205],"floor_reached":12,"playtime":220,"items_purged":[],"score":156,"play_id":"078104b8-de20-46e2-942e-121058cd8e8a","local_time":"20201225224050","is_ascension_mode":true,"campfire_choices":[{"data":"Malaise","floor":6,"key":"SMITH"},{"floor":8,"key":"REST"},{"data":"Neutralize","floor":10,"key":"SMITH"}],"circlet_count":0,"master_deck":["AscendersBane","Strike_G","Strike_G","Strike_G","Defend_G","Defend_G","Defend_G","Defend_G","Defend_G","Survivor","Neutralize+1","Hidden Blade","Toxin Wave+1","Malaise+1","Backflip","Riddle With Holes","Atom Bomb","Tactician"],"relics":["Ring of the Snake","NeowsBlessing","Toy Ornithopter","InkBottle"],"acts_visited":["Exordium"],"potions_floor_usage":[7,12],"damage_taken":[{"damage":0,"enemies":"Small Slimes","floor":1,"turns":1},{"damage":0,"enemies":"2 Louse","floor":4,"turns":1},{"damage":0,"enemies":"Cultist","floor":5,"turns":1},{"damage":44,"enemies":"Gremlin Nob","floor":7,"turns":6},{"damage":7,"enemies":"Red Slaver","floor":11,"turns":5},{"damage":14,"enemies":"3 Sentries","floor":12,"turns":4}],"seed_played":"752631516585532599","potions_obtained":[{"floor":1,"key":"Poison Potion"},{"floor":7,"key":"Strength Potion"},{"floor":11,"key":"CultistPotion"}],"is_trial":false,"path_per_floor":["M","?","?","M","M","R","E","R","T","R","M","E"],"character_chosen":"THE_SILENT","items_purchased":[],"campfire_rested":1,"item_purchase_floors":[],"current_hp_per_floor":[59,59,59,59,59,59,15,34,34,34,27,18,18],"gold":205,"neow_bonus":"THREE_ENEMY_KILL","is_daily":false,"chose_seed":false,"campfire_upgraded":2,"win_rate":0.0,"timestamp":1608907250,"path_taken":["M","?","?","M","M","R","E","R","T","R","?","E"],"items_purchased_type":[],"build_version":"2020-12-22","purchased_purges":0,"victory":false,"max_hp_per_floor":[66,66,66,66,66,66,66,66,66,66,66,66,66],"card_choices":[{"not_picked":["Eviscerate","Deadly Poison"],"picked":"Hidden Blade","floor":1},{"not_picked":["Blur","Bane"],"picked":"Backflip","floor":4},{"not_picked":["Prepared","Expertise"],"picked":"Riddle With Holes","floor":5},{"not_picked":["Bane","Choke"],"picked":"Atom Bomb","floor":7},{"not_picked":["Acrobatics","Catalyst"],"picked":"Tactician","floor":11}],"player_experience":721563,"relics_obtained":[{"floor":7,"key":"Toy Ornithopter"},{"floor":9,"key":"InkBottle"}],"event_choices":[{"damage_healed":0,"gold_gain":0,"cards_transformed":["Strike_G"],"player_choice":"Transformed","damage_taken":0,"max_hp_gain":0,"max_hp_loss":0,"event_name":"Transmorgrifier","floor":3,"gold_loss":0,"cards_obtained":["Malaise"]}],"is_beta":false,"boss_relics":[],"items_purged_floors":[],"is_endless":false,"potions_floor_spawned":[1,7,11],"killed_by":"3 Sentries","ascension_level":20}}