{"host":"6fxx26xucuaqj5b6","time":1608929919,"event":{"mods":["Act Like it!","BaseMod","Block Reminder","Minty Spire (QoL Compilation)","Permanent Neow","Quick Restart","StSLib"],"gold_per_floor":[110,110,129,139,158,158,158,1,1,17,50,67,83,102,102,206,206,225,225,20,40,40,40,53,53,53,53,78,78,110,120,120,120,120],"floor_reached":33,"playtime":1459,"items_purged":["Strike_R"],"score":455,"play_id":"76f03ff5-8569-4a40-abc8-ef4b0f250f56","local_time":"20201225205839","is_ascension_mode":true,"campfire_choices":[{"data":"Clash","floor":6,"key":"SMITH"},{"floor":15,"key":"REST"},{"data":"Armaments","floor":23,"key":"SMITH"},{"floor":27,"key":"REST"},{"data":"Rage","floor":32,"key":"SMITH"}],"circlet_count":0,"master_deck":["Defend_R","Defend_R","Defend_R","Defend_R","Bash","Clash+1","Shockwave","Shockwave","Flex","Dropkick","Shockwave","Armaments+1","Clash","Second Wind","Rage+1","Flex","Clash","Barricade","True Grit","Cleave","Warcry","Reaper","Clash","Bite","Bite","Bite","Bite","Bite","True Grit+1","Clash"],"relics":["Black Blood","The Courier","Pantograph","Lantern","Pen Nib","Mercury Hourglass","Juzu Bracelet"],"acts_visited":["Exordium","TheCity"],"potions_floor_usage":[30],"damage_taken":[{"damage":0,"enemies":"Small Slimes","floor":1,"turns":3},{"damage":4,"enemies":"Cultist","floor":3,"turns":5},{"damage":5,"enemies":"Jaw Worm","floor":4,"turns":4},{"damage":18,"enemies":"Exordium Thugs","floor":5,"turns":5},{"damage":8,"enemies":"Exordium Wildlife","floor":10,"turns":4},{"damage":25,"enemies":"Gremlin Nob","floor":11,"turns":5},{"damage":11,"enemies":"Large Slime","floor":12,"turns":6},{"damage":0,"enemies":"3 Louse","floor":13,"turns":4},{"damage":1,"enemies":"2 Fungi Beasts","floor":14,"turns":3},{"damage":63,"enemies":"The Guardian","floor":16,"turns":11},{"damage":16,"enemies":"Chosen","floor":18,"turns":7},{"damage":1,"enemies":"3 Byrds","floor":21,"turns":9},{"damage":47,"enemies":"Centurion and Healer","floor":24,"turns":7},{"damage":35,"enemies":"Slavers","floor":28,"turns":7},{"damage":32,"enemies":"Gremlin Leader","floor":30,"turns":9},{"damage":15,"enemies":"Snecko","floor":31,"turns":5},{"damage":82,"enemies":"Collector","floor":33,"turns":7}],"seed_played":"1207262269668782246","potions_obtained":[{"floor":1,"key":"Swift Potion"},{"floor":5,"key":"BlessingOfTheForge"},{"floor":10,"key":"SmokeBomb"},{"floor":11,"key":"HeartOfIron"},{"floor":16,"key":"SmokeBomb"}],"is_trial":false,"path_per_floor":["M","?","M","M","M","R","?","$","T","M","E","M","M","M","R","B",null,"M","?","$","M","?","R","M","?","T","R","E","?","E","M","R","B"],"character_chosen":"IRONCLAD","items_purchased":["Dropkick","Shockwave","Armaments","Blood Vial","True Grit"],"campfire_rested":2,"item_purchase_floors":[8,8,8,20,20],"current_hp_per_floor":[78,78,80,80,68,68,68,68,68,66,47,42,48,53,77,23,66,62,47,47,60,60,60,27,27,27,52,39,39,45,48,48,0,0],"gold":120,"neow_bonus":"THREE_CARDS","is_daily":false,"chose_seed":false,"campfire_upgraded":3,"win_rate":0.0,"timestamp":1608929919,"path_taken":["M","?","?","M","M","R","?","?","T","M","E","M","M","M","R","BOSS","M","?","$","M","?","R","M","?","T","R","E","?","E","M","R","BOSS"],"items_purchased_type":["Card","Card","Card","Relic","Card"],"build_version":"2020-12-22","purchased_purges":1,"victory":false,"max_hp_per_floor":[80,80,80,80,80,80,80,80,80,80,80,80,80,80,80,80,80,80,85,85,85,85,85,85,85,85,85,85,85,85,85,85,85,85],"card_choices":[{"not_picked":["Reckless Charge","Cleave"],"picked":"Clash","floor":0},{"not_picked":["Inflame","Searing Blow"],"picked":"Sever Soul","floor":1},{"not_picked":["Battle Trance","Havoc"],"picked":"Shockwave","floor":3},{"not_picked":["Burning Pact","Twin Strike"],"picked":"Shockwave","floor":4},{"not_picked":["Shrug It Off","Perfected Strike"],"picked":"Flex","floor":5},{"not_picked":["Dropkick","Cleave"],"picked":"Clash","floor":10},{"not_picked":["Burning Pact","Battle Trance"],"picked":"Second Wind","floor":11},{"not_picked":["Wild Strike","Body Slam"],"picked":"Rage","floor":12},{"not_picked":["Burning Pact","Havoc"],"picked":"Flex","floor":13},{"not_picked":["Dropkick","Combust"],"picked":"Clash","floor":14},{"not_picked":["Exhume","Limit Break"],"picked":"Barricade","floor":16},{"not_picked":["Sword Boomerang+1","Heavy Blade"],"picked":"Pummel","floor":18},{"not_picked":["Entrench","Hemokinesis"],"picked":"Cleave","floor":21},{"not_picked":["Pommel Strike","Reckless Charge"],"picked":"Pummel+1","floor":24},{"not_picked":["Reckless Charge","Iron Wave"],"picked":"Clash","floor":28},{"not_picked":["Dual Wield","Sentinel+1"],"picked":"True Grit+1","floor":30},{"not_picked":["Iron Wave","Spot Weakness"],"picked":"Clash","floor":31}],"player_experience":360992,"relics_obtained":[{"floor":9,"key":"Pantograph"},{"floor":11,"key":"Lantern"},{"floor":26,"key":"Pen Nib"},{"floor":28,"key":"Mercury Hourglass"},{"floor":30,"key":"Juzu Bracelet"}],"event_choices":[{"cards_removed":["Sever Soul"],"damage_healed":0,"gold_gain":0,"player_choice":"Gave Card","damage_taken":0,"relics_obtained":["The Courier"],"max_hp_gain":0,"max_hp_loss":0,"event_name":"WeMeetAgain","floor":2,"gold_loss":0},{"damage_healed":0,"gold_gain":0,"player_choice":"Ignored","damage_taken":0,"max_hp_gain":0,"max_hp_loss":0,"event_name":"Liars Game","floor":7,"gold_loss":0},{"damage_healed":0,"gold_gain":0,"player_choice":"Shed Blood","damage_taken":20,"max_hp_gain":5,"max_hp_loss":0,"event_name":"Forgotten Altar","floor":19,"gold_loss":0},{"damage_healed":0,"gold_gain":0,"player_choice":"Ignored","damage_taken":0,"max_hp_gain":0,"max_hp_loss":0,"event_name":"Ghosts","floor":22,"gold_loss":0},{"damage_healed":0,"gold_gain":0,"cards_transformed":["Pummel","Pummel"],"player_choice":"Became Test Subject","damage_taken":0,"max_hp_gain":0,"max_hp_loss":0,"event_name":"Drug Dealer","floor":25,"gold_loss":0,"cards_obtained":["Warcry","Reaper"]},{"damage_healed":0,"gold_gain":0,"player_choice":"Became a vampire (Vial)","damage_taken":0,"max_hp_gain":0,"max_hp_loss":0,"event_name":"Vampires","floor":29,"relics_lost":["Blood Vial"],"gold_loss":0,"cards_obtained":["Bite","Bite","Bite","Bite","Bite"]}],"is_beta":false,"boss_relics":[{"not_picked":["Tiny House","Ectoplasm"],"picked":"Black Blood"}],"items_purged_floors":[20],"is_endless":false,"potions_floor_spawned":[1,5,10,11,14,16,18,28],"killed_by":"Collector","ascension_level":8}}