{"host":"k653q14gphaoox56","time":1608924893,"event":{"mods":["BaseMod","Colored Map","Conspire","DeckTracker","Hubris","Infinite Spire","Minty Spire (QoL Compilation)","Replay The Spire","StSLib"],"gold_per_floor":[114,114,11,26,37,67,79,79,79,79,79,105,105,105,105,210,210,225,238,286,299,314,340,359,373,427,447,447,467,467,485,485,583,583,599,618,618,618],"floor_reached":37,"playtime":2519,"items_purged":[],"score":430,"play_id":"d1cc5f40-f27a-4304-816f-460ee84a90a5","local_time":"20201225143453","is_ascension_mode":false,"campfire_choices":[{"data":"Lockon","floor":8.0,"key":"SMITH"},{"data":"ReplayTheSpireMod:Calculation Training","floor":10.0,"key":"SMITH"},{"data":"ReplayTheSpireMod:Calculation Training","floor":13.0,"key":"SMITH"},{"data":"Mirror Shield","floor":15.0,"key":"SMITH"},{"floor":28,"key":"REST"},{"floor":30,"key":"REST"},{"floor":32,"key":"REST"}],"circlet_count":0,"master_deck":["Strike_B","Strike_B","Strike_B","Strike_B","Defend_B","Defend_B","Defend_B","Defend_B","Zap","Dualcast","Beam Cell","ReplayTheSpireMod:Calculation Training+1","ReplayTheSpireMod:Calculation Training+1","Ball Lightning","Ball Lightning","Sweeping Beam","Rebound","Chill+1","Mirror Shield+1","All For One","Beam Cell","FTL+1","Panic Button+1","Go for the Eyes","Go for the Eyes","All For One","Turbo","Turbo+1","Electrodynamics","Static Discharge","Ball Lightning+1","Beam Cell","Rainbow","Panic Button","Steam+1"],"relics":["Cracked Core","NeowsBlessing","ReplayTheSpireMod:TigerMarble","conspire:Flyswatter","Sundial","NlothsMask","conspire:RoyalGoblet","Garlic","Peace Pipe","hubris:RunicObelisk"],"acts_visited":["Exordium","TheCity","TheBeyond"],"potions_floor_usage":[23,23,27,29,33,37],"damage_taken":[{"damage":0.0,"enemies":"Jaw Worm","floor":1.0,"turns":1.0},{"damage":0.0,"enemies":"Cultist","floor":4.0,"turns":1.0},{"damage":0.0,"enemies":"Small Slimes","floor":5.0,"turns":1.0},{"damage":21.0,"enemies":"Lagavulin","floor":6.0,"turns":4.0},{"damage":5.0,"enemies":"3 Louse","floor":7.0,"turns":2.0},{"damage":3.0,"enemies":"Gremlin Nob","floor":12.0,"turns":3.0},{"damage":19.0,"enemies":"Hexaghost","floor":16.0,"turns":8.0},{"damage":0,"enemies":"3 Byrds","floor":18,"turns":5},{"damage":7,"enemies":"Spheric Guardian","floor":19,"turns":4},{"damage":10,"enemies":"Snake Plant","floor":21,"turns":5},{"damage":1,"enemies":"Shelled Parasite and Fungi","floor":22,"turns":6},{"damage":37,"enemies":"Nightmare","floor":23,"turns":7},{"damage":0,"enemies":"3 Cultists","floor":24,"turns":4},{"damage":12,"enemies":"Centurion and Healer","floor":25,"turns":6},{"damage":2,"enemies":"Shelled Parasite and Fungi","floor":27,"turns":4},{"damage":0,"enemies":"conspire:HollyBat","floor":29,"turns":7},{"damage":6,"enemies":"Sentry and Sphere","floor":31,"turns":4},{"damage":61,"enemies":"hubris:MusketHawk","floor":33,"turns":9},{"damage":4,"enemies":"3 Darklings","floor":35,"turns":5},{"damage":1,"enemies":"Orb Walker","floor":36,"turns":2},{"damage":22,"enemies":"infinitespire:Three Voidlings","floor":37,"turns":5},{"damage":79,"enemies":"Nightmare_Alpha","floor":37,"turns":9}],"seed_played":"-736895222667034091","potions_obtained":[{"floor":1.0,"key":"EssenceOfSteel"},{"floor":4.0,"key":"FocusPotion"},{"floor":7.0,"key":"Elixir"},{"floor":16.0,"key":"Elixir"},{"floor":21,"key":"Cursed Concoction"},{"floor":23,"key":"BlessingOfTheForge"},{"floor":24,"key":"GamblersBrew"},{"floor":27,"key":"Explosive Potion"},{"floor":33,"key":"Swift Potion"}],"is_trial":false,"path_per_floor":["M","?","$","M","M","E","M","R","T","R","?","E","R","?","R","B",null,"M","M","?","M","M","NM","M","M","T","M","R","M","R","M","R","B",null,"M","M","?"],"character_chosen":"DEFECT","items_purchased":["ReplayTheSpireMod:Calculation Training","Ball Lightning"],"campfire_rested":3,"item_purchase_floors":[3,3],"current_hp_per_floor":[75,75,75,75,75,54,49,49,49,49,49,46,46,46,46,27,75,75,68,68,58,57,20,20,8,8,6,28,28,50,44,66,5,75,71,70,0,0],"gold":618,"neow_bonus":"THREE_ENEMY_KILL","is_daily":false,"chose_seed":false,"campfire_upgraded":4,"win_rate":0.0,"timestamp":1608924893,"path_taken":["M","?","?","?","M","E","M","R","T","R","?","E","R","?","R","BOSS","M","M","?","M","?","NM","M","M","T","M","R","M","R","M","R","BOSS","M","M","?"],"items_purchased_type":["Card","Card"],"build_version":"2020-12-22","purchased_purges":0,"victory":false,"max_hp_per_floor":[75,75,75,75,75,75,75,75,75,75,75,75,75,75,75,75,75,75,75,75,75,75,75,75,75,75,75,75,75,75,75,75,75,75,75,75,76,76],"card_choices":[{"not_picked":["Barrage","Redo"],"picked":"Beam Cell","floor":1.0},{"not_picked":["Time Bomb","Go for the Eyes"],"picked":"Ball Lightning","floor":4.0},{"not_picked":["BootSequence","Chaos"],"picked":"Sweeping Beam","floor":5.0},{"not_picked":["Panic Button","Go for the Eyes"],"picked":"Lockon","floor":6.0},{"not_picked":["ReplaySort","Scrape"],"picked":"Rebound","floor":7.0},{"not_picked":["hubris:SpecializedCircuitry","Compile Driver"],"picked":"Mirror Shield","floor":12.0},{"not_picked":["Multi-Cast","Fission"],"picked":"All For One","floor":16.0},{"not_picked":["Heatsinks+1","Stack"],"picked":"Beam Cell","floor":18},{"not_picked":["Conserve Battery","Rebound"],"picked":"FTL+1","floor":19},{"not_picked":["Coolheaded+1","ReplayRNGCard"],"picked":"Panic Button+1","floor":20},{"not_picked":["Stack","Crystallizer"],"picked":"Go for the Eyes","floor":20},{"not_picked":["Rip and Tear","Ball Lightning"],"picked":"Go for the Eyes","floor":21},{"not_picked":["Rebound","Auto Shields"],"picked":"All For One","floor":22},{"not_picked":["BasicCrystalCard+1","Conserve Battery+1"],"picked":"Turbo","floor":23},{"not_picked":["Panic Button","Compile Driver"],"picked":"Turbo+1","floor":24},{"not_picked":["Ball Lightning","Reinforced Body"],"picked":"Electrodynamics","floor":25},{"not_picked":["Loop","Streamline"],"picked":"Static Discharge","floor":27},{"not_picked":["Stack","Compile Driver"],"picked":"Ball Lightning+1","floor":29},{"not_picked":["Recycle","Sunder"],"picked":"Beam Cell","floor":31},{"not_picked":["Multi-Cast","hubris:Prefetch"],"picked":"Rainbow","floor":33},{"not_picked":["Compile Driver+1","Turbo"],"picked":"Panic Button","floor":35},{"not_picked":["Conserve Battery+1","Auto Shields+1"],"picked":"Steam+1","floor":36}],"player_experience":109372,"relics_obtained":[{"floor":6.0,"key":"ReplayTheSpireMod:TigerMarble"},{"floor":9.0,"key":"conspire:Flyswatter"},{"floor":12.0,"key":"Sundial"},{"floor":20,"key":"Garlic"},{"floor":23,"key":"Peace Pipe"}],"event_choices":[{"damage_healed":0.0,"max_hp_gain":0.0,"max_hp_loss":0.0,"gold_gain":0.0,"event_name":"The Woman in Blue","player_choice":"Bought 0 Potions","floor":2.0,"gold_loss":0.0,"damage_taken":0.0},{"damage_healed":0.0,"max_hp_gain":0.0,"max_hp_loss":0.0,"gold_gain":0.0,"event_name":"FaceTrader","player_choice":"Trade","floor":14.0,"gold_loss":0.0,"damage_taken":0.0,"relics_obtained":["NlothsMask"]}],"is_beta":false,"boss_relics":[{"not_picked":["Inserter","Philosopher\u0027s Stone"],"picked":"conspire:RoyalGoblet"},{"not_picked":["ReplayTheSpireMod:DimensionalGlitch","Replay:Bronze Core"],"picked":"hubris:RunicObelisk"}],"items_purged_floors":[],"is_endless":true,"potions_floor_spawned":[1,4,7,16,21,23,24,27,33,37],"killed_by":"Nightmare_Alpha","ascension_level":0}}