{"host":"vlqejv0notyktumz","time":1608921311,"event":{"mods":["AchievementEnabler","BaseMod","Googly Eyes","Minty Spire (QoL Compilation)"],"gold_per_floor":[117,117,42,57,37,37,67,67,67,97,97,116,16,16,16,113,113,131,131,46,46,56,0,0,51,51,51,51,51,51,64,64,168,168,180,195,195,195,195,195,195,205,205,225,0,19,19,33,33,33],"floor_reached":51,"playtime":1200,"items_purged":["Strike_G","Strike_G"],"score":886,"play_id":"11e721f0-4744-4ea3-abcc-726dbebb0e5b","local_time":"20201225123511","is_ascension_mode":true,"campfire_choices":[{"data":"Survivor","floor":6,"key":"SMITH"},{"data":"Defend_G","floor":8,"key":"SMITH"},{"data":"Escape Plan","floor":11,"key":"SMITH"},{"floor":15,"key":"REST"},{"data":"Defend_G","floor":24,"key":"SMITH"},{"data":"Catalyst","floor":28,"key":"SMITH"},{"floor":32,"key":"REST"},{"data":"Blur","floor":40,"key":"SMITH"},{"data":"Dodge and Roll","floor":41,"key":"SMITH"},{"data":"Neutralize","floor":47,"key":"SMITH"},{"floor":49,"key":"REST"}],"circlet_count":0,"master_deck":["Defend_G+1","Defend_G","Defend_G+1","Survivor+1","Neutralize+1","Acrobatics","Corpse Explosion","Poisoned Stab","Poisoned Stab","Escape Plan+1","Bouncing Flask","Catalyst+1","Dodge and Roll+1","Blur+1","Deadly Poison+1"],"relics":["Ring of the Snake","Ancient Tea Set","Bottled Flame","Ginger","Empty Cage","WingedGreaves","HornCleat","Snake Skull","Calipers","Runic Pyramid","Letter Opener","TungstenRod","Red Mask"],"acts_visited":["Exordium","TheCity","TheBeyond"],"potions_floor_usage":[10,22,27],"damage_taken":[{"damage":4,"enemies":"2 Louse","floor":1,"turns":2},{"damage":2,"enemies":"Small Slimes","floor":4,"turns":3},{"damage":24,"enemies":"3 Sentries","floor":7,"turns":4},{"damage":4,"enemies":"Lagavulin","floor":10,"turns":6},{"damage":0,"enemies":"Cultist","floor":12,"turns":2},{"damage":28,"enemies":"Hexaghost","floor":16,"turns":8},{"damage":26,"enemies":"3 Byrds","floor":18,"turns":4},{"damage":0,"enemies":"Shell Parasite","floor":22,"turns":4},{"damage":0,"enemies":"Shelled Parasite and Fungi","floor":27,"turns":1},{"damage":0,"enemies":"Snecko","floor":31,"turns":2},{"damage":18,"enemies":"Collector","floor":33,"turns":5},{"damage":0,"enemies":"Orb Walker","floor":35,"turns":3},{"damage":4,"enemies":"3 Shapes","floor":36,"turns":3},{"damage":1,"enemies":"Spire Growth","floor":42,"turns":5},{"damage":5,"enemies":"Jaw Worm Horde","floor":44,"turns":3},{"damage":0,"enemies":"Maw","floor":46,"turns":6},{"damage":0,"enemies":"4 Shapes","floor":48,"turns":3},{"damage":39,"enemies":"Time Eater","floor":50,"turns":15}],"seed_played":"-9017380298297739458","potions_obtained":[{"floor":5,"key":"Ancient Potion"},{"floor":10,"key":"FearPotion"},{"floor":12,"key":"SmokeBomb"},{"floor":18,"key":"SkillPotion"},{"floor":22,"key":"SteroidPotion"},{"floor":33,"key":"SkillPotion"},{"floor":35,"key":"Energy Potion"}],"is_trial":false,"path_per_floor":["M","?","$","M","?","R","E","R","T","E","R","M","$","?","R","B",null,"M","?","?","$","M","?","R","T","T","M","R","$","?","M","R","B",null,"M","M","?","?","?","R","R","M","T","M","?","M","R","M","R","B",null],"character_chosen":"THE_SILENT","items_purchased":[],"campfire_rested":3,"item_purchase_floors":[],"current_hp_per_floor":[59,52,52,50,50,50,26,26,26,22,22,22,22,22,40,12,50,24,24,24,24,24,24,24,24,24,24,24,24,24,24,42,24,53,53,49,49,49,49,49,49,48,48,43,43,43,43,43,60,21],"gold":33,"neow_bonus":"TRANSFORM_TWO_CARDS","is_daily":false,"chose_seed":false,"campfire_upgraded":8,"win_rate":0.0,"timestamp":1608921311,"path_taken":["M","?","$","M","?","R","E","R","T","E","R","?","?","?","R","BOSS","M","?","?","$","M","?","R","?","T","?","R","$","?","M","R","BOSS","M","M","?","?","?","R","R","M","T","?","?","M","R","M","R","BOSS"],"items_purchased_type":[],"build_version":"2020-12-22","purchased_purges":2,"victory":true,"max_hp_per_floor":[63,63,63,63,63,63,63,63,63,63,63,63,63,63,63,63,63,63,63,63,63,63,63,63,63,63,63,63,63,63,63,63,63,63,63,63,60,60,60,60,60,60,60,60,60,60,60,60,60,60],"card_choices":[{"not_picked":["Catalyst","Acrobatics"],"picked":"Poisoned Stab","floor":1},{"not_picked":["Blade Dance","PiercingWail"],"picked":"Poisoned Stab","floor":4},{"not_picked":["Outmaneuver","Dodge and Roll"],"picked":"Escape Plan","floor":7},{"not_picked":["Flying Knee","Bane"],"picked":"Bouncing Flask","floor":10},{"not_picked":["Skewer","Flechettes","Infinite Blades"],"picked":"SKIP","floor":12},{"not_picked":["Bane","Cloak And Dagger","Deflect"],"picked":"SKIP","floor":18},{"not_picked":["Glass Knife","Dodge and Roll"],"picked":"Catalyst","floor":22},{"not_picked":["Prepared","PiercingWail","Concentrate+1"],"picked":"SKIP","floor":31},{"not_picked":["Slice","Flying Knee"],"picked":"Dodge and Roll","floor":35},{"not_picked":["Concentrate+1","Cloak And Dagger+1"],"picked":"Blur","floor":36},{"not_picked":["Underhanded Strike+1","Endless Agony+1","Acrobatics+1"],"picked":"SKIP","floor":42},{"not_picked":["Infinite Blades","Endless Agony"],"picked":"Deadly Poison+1","floor":44},{"not_picked":["PiercingWail+1","Slice+1","Quick Slash+1"],"picked":"SKIP","floor":46},{"not_picked":["Reflex+1","Dagger Spray","Night Terror"],"picked":"SKIP","floor":48}],"player_experience":275499,"relics_obtained":[{"floor":7,"key":"Ancient Tea Set"},{"floor":9,"key":"Bottled Flame"},{"floor":10,"key":"Ginger"},{"floor":25,"key":"Snake Skull"},{"floor":26,"key":"Calipers"},{"floor":43,"key":"TungstenRod"}],"event_choices":[{"cards_removed":["Strike_G"],"damage_healed":0,"gold_gain":0,"player_choice":"Card Removal","damage_taken":7,"max_hp_gain":0,"max_hp_loss":0,"event_name":"Golden Wing","floor":2,"gold_loss":0},{"damage_healed":0,"gold_gain":0,"player_choice":"Bought 1 Potion","damage_taken":0,"max_hp_gain":0,"max_hp_loss":0,"event_name":"The Woman in Blue","floor":5,"gold_loss":0},{"damage_healed":0,"gold_gain":0,"player_choice":"Ignored","damage_taken":0,"max_hp_gain":0,"max_hp_loss":0,"event_name":"Liars Game","floor":14,"gold_loss":0},{"damage_healed":0,"gold_gain":0,"player_choice":"Opened","damage_taken":0,"relics_obtained":["WingedGreaves"],"max_hp_gain":0,"max_hp_loss":0,"event_name":"The Mausoleum","floor":19,"gold_loss":0},{"damage_healed":0,"gold_gain":0,"player_choice":"Obtained Relic","damage_taken":0,"relics_obtained":["HornCleat"],"max_hp_gain":0,"max_hp_loss":0,"event_name":"Addict","floor":20,"gold_loss":85},{"damage_healed":0,"gold_gain":0,"player_choice":"Paid Fearfully","damage_taken":0,"max_hp_gain":0,"max_hp_loss":0,"event_name":"Masked Bandits","floor":23,"gold_loss":56},{"damage_healed":0,"gold_gain":0,"player_choice":"Ignored","damage_taken":0,"max_hp_gain":0,"max_hp_loss":0,"event_name":"Ghosts","floor":30,"gold_loss":0},{"damage_healed":0,"gold_gain":0,"player_choice":"Max HP","damage_taken":0,"max_hp_gain":0,"max_hp_loss":3,"event_name":"Winding Halls","floor":37,"gold_loss":0},{"damage_healed":0,"gold_gain":0,"player_choice":"Ignored","damage_taken":0,"max_hp_gain":0,"max_hp_loss":0,"event_name":"Mysterious Sphere","floor":38,"gold_loss":0},{"damage_healed":0,"gold_gain":0,"player_choice":"Gave Potion","damage_taken":0,"relics_obtained":["Letter Opener"],"max_hp_gain":0,"max_hp_loss":0,"event_name":"WeMeetAgain","floor":39,"gold_loss":0},{"damage_healed":0,"gold_gain":0,"player_choice":"Paid","damage_taken":0,"relics_obtained":["Red Mask"],"max_hp_gain":0,"max_hp_loss":0,"event_name":"Tomb of Lord Red Mask","floor":45,"gold_loss":225}],"is_beta":false,"boss_relics":[{"not_picked":["Cursed Key","Busted Crown"],"picked":"Empty Cage"},{"not_picked":["SlaversCollar","Snecko Eye"],"picked":"Runic Pyramid"}],"items_purged_floors":[3,13],"is_endless":false,"potions_floor_spawned":[10,12,18,22,33,35],"ascension_level":7}}