{"host":"cjhtzh7tp54jdfyv","time":1608936894,"event":{"mods":["AchievementEnabler","BaseMod","Colored Map","Colored Powertips","Curses Come First","DeckTracker","Filter the Spire","Minty Spire (QoL Compilation)","RNG Fix","Relic Sorter","Relic Stats","StSLib","The Cursed","The Marked","UnlockEverythingMod","Waifu the Spire","ojb\u0027s Better Paths Mod","ojb\u0027s Info Mod"],"gold_per_floor":[117,133,158,176,92,92,122,122,145,159,181,196,216,216,216],"floor_reached":14,"playtime":813,"items_purged":[],"score":184,"play_id":"b663e604-d39a-4aa8-a04f-6a69276f695a","local_time":"20201225175454","is_ascension_mode":true,"campfire_choices":[{"data":"theMarked:SoldierOfQuellstein","floor":6,"key":"SMITH"},{"data":"theMarked:MagicAdept","floor":8,"key":"SMITH"}],"circlet_count":0,"master_deck":["AscendersBane","theMarked:Strike","theMarked:Strike","theMarked:Strike","theMarked:Strike","theMarked:Strike","theMarked:Defend","theMarked:Defend","theMarked:Defend","theMarked:Defend","theMarked:SoldierOfQuellstein+1","theMarked:Improvise","theMarked:Electrify","theMarked:MagicAdept+1","theMarked:ContemptForTheProud","theMarked:RepellingDischarge"],"relics":["Busted Crown","PreservedInsect","Vajra","Odd Mushroom"],"acts_visited":["Exordium"],"potions_floor_usage":[11,11],"damage_taken":[{"damage":4,"enemies":"Small Slimes","floor":1,"turns":3},{"damage":2,"enemies":"Jaw Worm","floor":2,"turns":3},{"damage":0,"enemies":"Cultist","floor":4,"turns":3},{"damage":15,"enemies":"3 Sentries","floor":7,"turns":9},{"damage":1,"enemies":"Exordium Thugs","floor":10,"turns":4},{"damage":0,"enemies":"The Mushroom Lair","floor":11,"turns":3},{"damage":1,"enemies":"Looter","floor":12,"turns":2},{"damage":16,"enemies":"Blue Slaver","floor":13,"turns":3},{"damage":20,"enemies":"Lagavulin","floor":14,"turns":4}],"seed_played":"-289934513639408151","potions_obtained":[{"floor":2,"key":"theMarked:ChargePotion"},{"floor":4,"key":"SpeedPotion"},{"floor":10,"key":"Block Potion"}],"is_trial":false,"path_per_floor":["M","M","T","M","$","R","E","R","T","M","?","M","M","E"],"character_chosen":"THE_DEFAULT","items_purchased":["theMarked:MagicAdept"],"campfire_rested":0,"item_purchase_floors":[5],"current_hp_per_floor":[55,53,53,53,53,53,38,38,38,37,37,36,20,0,0],"gold":216,"neow_bonus":"BOSS_RELIC","is_daily":false,"chose_seed":false,"campfire_upgraded":2,"win_rate":0.0,"timestamp":1608936894,"path_taken":["M","M","?","M","?","R","E","R","T","?","?","M","M","E"],"items_purchased_type":["Card"],"build_version":"2020-12-22","purchased_purges":0,"victory":false,"max_hp_per_floor":[66,66,66,66,66,66,66,66,66,66,66,66,66,66,66],"relic_stats":{"Busted Crown":16,"counters":[9,34],"PreservedInsect":62,"obtain_stats":[{"theMarked:ArtifactOfAir":0,"Busted Crown":0,"Vajra":7,"PreservedInsect":3,"Odd Mushroom":11},{"theMarked:ArtifactOfAir":0,"Busted Crown":0,"Vajra":4,"PreservedInsect":2,"Odd Mushroom":6},{"theMarked:ArtifactOfAir":0,"Busted Crown":0,"Vajra":18,"PreservedInsect":6,"Odd Mushroom":25}]},"card_choices":[{"not_picked":[],"picked":"theMarked:Improvise","floor":1},{"not_picked":[],"picked":"theMarked:Electrify","floor":2},{"not_picked":["theMarked:Panic"],"picked":"SKIP","floor":4},{"not_picked":["theMarked:WardOff"],"picked":"SKIP","floor":7},{"not_picked":["theMarked:Frustration"],"picked":"SKIP","floor":10},{"not_picked":[],"picked":"theMarked:ContemptForTheProud","floor":11},{"not_picked":["theMarked:Indomitable"],"picked":"SKIP","floor":12},{"not_picked":[],"picked":"theMarked:RepellingDischarge","floor":13}],"player_experience":4421274,"relics_obtained":[{"floor":3,"key":"PreservedInsect"},{"floor":7,"key":"Vajra"},{"floor":11,"key":"Odd Mushroom"}],"event_choices":[{"damage_healed":0,"gold_gain":0,"player_choice":"Fought Mushrooms","damage_taken":0,"max_hp_gain":0,"max_hp_loss":0,"event_name":"Mushrooms","floor":11,"gold_loss":0}],"is_beta":false,"boss_relics":[],"items_purged_floors":[],"is_endless":false,"potions_floor_spawned":[2,4,10],"killed_by":"Lagavulin","ascension_level":20}}