{"host":"dvpvhz1t6etneyb3","time":1608936828,"event":{"mods":["AchievementEnabler","BaseMod","Colored Map","Highlight Path","Minty Spire (QoL Compilation)","Permanent Neow","Quick Restart"],"gold_per_floor":[115,133,143,16,32,66,84,119,119,60,60,60,60,60,60,134,134,150,164,7,26,26,26,60,60,87,122,122,157,157,184,184,258,258,269,269,101,101,113,138,138,138,190,206,79,109,109,144,144,144,144],"floor_reached":50,"playtime":6620,"items_purged":["Normality"],"score":1349,"play_id":"491dc0cb-dad4-4dc5-aa74-1cab8506405b","local_time":"20201225175348","is_ascension_mode":true,"campfire_choices":[{"data":"Cloak And Dagger","floor":11.0,"key":"SMITH"},{"floor":13.0,"key":"REST"},{"data":"Leg Sweep","floor":15.0,"key":"SMITH"},{"floor":23.0,"key":"REST"},{"floor":25.0,"key":"REST"},{"data":"Footwork","floor":30.0,"key":"SMITH"},{"data":"Noxious Fumes","floor":32.0,"key":"SMITH"},{"data":"Wraith Form v2","floor":41.0,"key":"SMITH"},{"data":"Bouncing Flask","floor":42.0,"key":"SMITH"},{"floor":47.0,"key":"REST"},{"floor":49.0,"key":"REST"}],"circlet_count":0,"master_deck":["AscendersBane","Survivor","Neutralize","Finisher","Dagger Spray","Leg Sweep+1","Deadly Poison","Cloak And Dagger+1","Bullet Time","Eviscerate","Adrenaline","Outmaneuver","Footwork+1","Bouncing Flask+1","Bouncing Flask","Backstab","Adrenaline","Noxious Fumes+1","Die Die Die","Prepared+1","Wraith Form v2+1","PiercingWail","Acrobatics","Acrobatics+1"],"relics":["Ring of the Snake","Akabeko","Pocketwatch","Pear","StoneCalendar","WingedGreaves","Pandora\u0027s Box","ClockworkSouvenir","FossilizedHelix","Blood Vial","Mango","White Beast Statue","Ornamental Fan","Cursed Key","Bronze Scales","The Specimen","Omamori","Nunchaku","Snake Skull"],"acts_visited":["Exordium","TheCity","TheBeyond"],"potions_floor_usage":[],"damage_taken":[{"damage":1.0,"enemies":"Cultist","floor":1.0,"turns":5.0},{"damage":0.0,"enemies":"2 Louse","floor":2.0,"turns":2.0},{"damage":0.0,"enemies":"Small Slimes","floor":3.0,"turns":2.0},{"damage":0.0,"enemies":"Looter","floor":5.0,"turns":4.0},{"damage":10.0,"enemies":"3 Sentries","floor":6.0,"turns":6.0},{"damage":0.0,"enemies":"2 Fungi Beasts","floor":7.0,"turns":3.0},{"damage":9.0,"enemies":"Lagavulin","floor":8.0,"turns":5.0},{"damage":27.0,"enemies":"Slime Boss","floor":16.0,"turns":7.0},{"damage":0.0,"enemies":"2 Thieves","floor":18.0,"turns":4.0},{"damage":0.0,"enemies":"Spheric Guardian","floor":19.0,"turns":2.0},{"damage":21.0,"enemies":"Shelled Parasite and Fungi","floor":21.0,"turns":3.0},{"damage":35.0,"enemies":"Slavers","floor":24.0,"turns":5.0},{"damage":0.0,"enemies":"Book of Stabbing","floor":27.0,"turns":4.0},{"damage":0.0,"enemies":"Gremlin Leader","floor":29.0,"turns":4.0},{"damage":18.0,"enemies":"Book of Stabbing","floor":31.0,"turns":4.0},{"damage":26.0,"enemies":"Collector","floor":33.0,"turns":6.0},{"damage":0.0,"enemies":"Orb Walker","floor":35.0,"turns":2.0},{"damage":0.0,"enemies":"3 Shapes","floor":39.0,"turns":5.0},{"damage":5.0,"enemies":"Nemesis","floor":40.0,"turns":5.0},{"damage":1.0,"enemies":"Transient","floor":44.0,"turns":6.0},{"damage":25.0,"enemies":"Reptomancer","floor":46.0,"turns":6.0},{"damage":42.0,"enemies":"Giant Head","floor":48.0,"turns":7.0},{"damage":16,"enemies":"Time Eater","floor":50,"turns":5}],"seed_played":"-7604409318096738196","potions_obtained":[{"floor":1.0,"key":"FearPotion"},{"floor":8.0,"key":"Weak Potion"},{"floor":18.0,"key":"Energy Potion"},{"floor":24.0,"key":"Poison Potion"},{"floor":27.0,"key":"Fire Potion"},{"floor":31.0,"key":"FearPotion"},{"floor":33.0,"key":"SneckoOil"},{"floor":35.0,"key":"ColorlessPotion"},{"floor":40.0,"key":"Explosive Potion"},{"floor":46.0,"key":"Poison Potion"},{"floor":48.0,"key":"Weak Potion"}],"is_trial":false,"path_per_floor":["M","M","M","$","M","E","M","E","T","$","R","?","R","?","R","B",null,"M","M","$","M","?","R","E","R","T","E","?","E","R","E","R","B",null,"M","?","$","?","M","E","R","R","T","M","$","E","R","E","R","B"],"character_chosen":"THE_SILENT","items_purchased":["Leg Sweep","CunningPotion","Cloak And Dagger","ClockworkSouvenir","Bronze Scales","PiercingWail"],"campfire_rested":5,"item_purchase_floors":[4,4,10,20,37,45],"current_hp_per_floor":[58,58,58,58,58,48,48,49,49,49,49,23,45,38,38,11,60,60,60,60,39,39,61,26,48,48,64,64,66,66,50,50,26,74,76,76,76,76,78,75,75,75,75,76,76,53,80,40,67,53,53],"gold":144,"neow_bonus":"RANDOM_COMMON_RELIC","is_daily":false,"chose_seed":false,"campfire_upgraded":6,"win_rate":0.0,"timestamp":1608936828,"path_taken":["M","?","M","?","M","E","M","E","T","$","R","?","R","?","R","BOSS","M","M","$","M","?","R","E","R","T","E","?","E","R","E","R","BOSS","BOSS","M","?","$","?","M","E","R","R","T","M","$","E","R","E","R","BOSS"],"items_purchased_type":["Card","Potion","Card","Relic","Relic","Card"],"build_version":"2020-12-22","purchased_purges":1,"victory":false,"max_hp_per_floor":[66,66,66,66,66,66,66,76,76,76,76,76,76,76,76,76,76,76,76,76,76,76,76,76,76,76,90,90,90,90,90,90,90,90,90,90,90,90,90,90,90,90,90,90,90,90,90,90,90,90,90],"card_choices":[{"not_picked":["Prepared","PiercingWail","Backflip"],"picked":"SKIP","floor":1.0},{"not_picked":["Slice","Sucker Punch"],"picked":"Finisher","floor":2.0},{"not_picked":["Sucker Punch","Deadly Poison"],"picked":"Dagger Spray","floor":3.0},{"not_picked":["Masterful Stab","Blur","Slice"],"picked":"SKIP","floor":5.0},{"not_picked":["Flechettes","Accuracy","Dodge and Roll"],"picked":"SKIP","floor":6.0},{"not_picked":["Concentrate","Flechettes","Deadly Poison"],"picked":"SKIP","floor":7.0},{"not_picked":["Concentrate","Flechettes"],"picked":"Deadly Poison","floor":7.0},{"not_picked":["Tactician","Acrobatics","Skewer"],"picked":"SKIP","floor":8.0},{"not_picked":["Tools of the Trade","Night Terror"],"picked":"Bullet Time","floor":16.0},{"not_picked":["Predator","PiercingWail"],"picked":"Noxious Fumes","floor":18.0},{"not_picked":["Dagger Spray","Concentrate","All Out Attack"],"picked":"SKIP","floor":19.0},{"not_picked":["Outmaneuver","Distraction","Sucker Punch"],"picked":"SKIP","floor":21.0},{"not_picked":["Flying Knee","Bane","Outmaneuver"],"picked":"SKIP","floor":24.0},{"not_picked":["Masterful Stab","Dash"],"picked":"Die Die Die","floor":27.0},{"not_picked":["Predator+1","A Thousand Cuts"],"picked":"Prepared+1","floor":29.0},{"not_picked":["Blade Dance","Endless Agony"],"picked":"Calculated Gamble","floor":31.0},{"not_picked":["Dagger Throw","Outmaneuver","Flying Knee"],"picked":"SKIP","floor":35.0},{"not_picked":["Flying Knee","Poisoned Stab+1","Bouncing Flask"],"picked":"SKIP","floor":39.0},{"not_picked":["Flying Knee","Poisoned Stab+1","Bouncing Flask"],"picked":"SKIP","floor":39.0},{"not_picked":["Riddle With Holes","Deflect"],"picked":"Wraith Form v2","floor":40.0},{"not_picked":["Blade Dance","Skewer+1","Dagger Spray"],"picked":"SKIP","floor":44.0},{"not_picked":["Backstab","Blur"],"picked":"Acrobatics","floor":46.0},{"not_picked":["Choke+1","Masterful Stab"],"picked":"Acrobatics+1","floor":48.0}],"player_experience":1968188,"relics_obtained":[{"floor":6.0,"key":"Pocketwatch"},{"floor":8.0,"key":"Pear"},{"floor":9.0,"key":"StoneCalendar"},{"floor":24.0,"key":"FossilizedHelix"},{"floor":26.0,"key":"Blood Vial"},{"floor":27.0,"key":"Mango"},{"floor":29.0,"key":"White Beast Statue"},{"floor":31.0,"key":"Ornamental Fan"},{"floor":40.0,"key":"The Specimen"},{"floor":43.0,"key":"Omamori"},{"floor":46.0,"key":"Nunchaku"},{"floor":48.0,"key":"Snake Skull"}],"event_choices":[{"damage_healed":0.0,"max_hp_gain":0.0,"max_hp_loss":0.0,"gold_gain":0.0,"event_name":"Scrap Ooze","player_choice":"Success","floor":12.0,"gold_loss":0.0,"damage_taken":26.0,"relics_obtained":["WingedGreaves"]},{"cards_removed":["Strike_G"],"damage_healed":0.0,"max_hp_gain":0.0,"max_hp_loss":0.0,"gold_gain":0.0,"event_name":"Golden Wing","player_choice":"Card Removal","floor":14.0,"gold_loss":0.0,"damage_taken":7.0},{"damage_healed":0.0,"max_hp_gain":0.0,"max_hp_loss":0.0,"gold_gain":0.0,"event_name":"Vampires","player_choice":"Ignored","floor":22.0,"gold_loss":0.0,"damage_taken":0.0},{"cards_removed":["Outmaneuver"],"damage_healed":0.0,"max_hp_gain":0.0,"max_hp_loss":0.0,"gold_gain":0.0,"event_name":"Back to Basics","player_choice":"Elegance","floor":28.0,"gold_loss":0.0,"damage_taken":0.0},{"damage_healed":0.0,"max_hp_gain":0.0,"max_hp_loss":0.0,"gold_gain":0.0,"event_name":"SensoryStone","player_choice":"Memory 1","floor":36.0,"gold_loss":0.0,"damage_taken":0.0},{"cards_removed":["Calculated Gamble"],"damage_healed":0.0,"max_hp_gain":0.0,"max_hp_loss":0.0,"gold_gain":0.0,"event_name":"Falling","player_choice":"Removed Skill","floor":38.0,"gold_loss":0.0,"damage_taken":0.0}],"is_beta":false,"boss_relics":[{"not_picked":["Sozu","SacredBark"],"picked":"Pandora\u0027s Box"},{"not_picked":["Runic Dome","HoveringKite"],"picked":"Cursed Key"}],"items_purged_floors":[45],"is_endless":false,"potions_floor_spawned":[1,7,8,16,18,24,27,31,33,35,39,40,44,46,48],"killed_by":"Time Eater","ascension_level":20}}