{"host":"dntw6kil9p09eemm","time":1608868123,"event":{"mods":["Alarm Clock","Aspiration","BaseMod","Colored Powertips","Downfall","Hermit","Hubris","Minty Spire (QoL Compilation)","Permanent Neow","Shop Mod","Spicy Shops","StSLib"],"gold_per_floor":[115,134,144,158,170,170,194,194,194,209,224,53,53,83,83,83,83,83],"floor_reached":16,"playtime":1064,"items_purged":["Guardian:Defend_Guardian"],"score":104,"play_id":"9bd1709a-257a-409a-baa5-db2ee4a27738","local_time":"20201225124843","is_ascension_mode":false,"campfire_choices":[{"data":"Guardian:TwinSlam","floor":6,"key":"SMITH"},{"data":"Guardian:TimeBomb","floor":8,"key":"SMITH"},{"data":"Guardian:PiercingHide","floor":13,"key":"SMITH"},{"data":"Guardian:VentSteam","floor":15,"key":"SMITH"}],"circlet_count":0,"master_deck":["Guardian:Strike_Guardian","Guardian:Strike_Guardian","Guardian:Strike_Guardian","Guardian:Strike_Guardian","Guardian:Defend_Guardian","Guardian:Defend_Guardian","Guardian:Defend_Guardian","Guardian:CurlUp","Guardian:TwinSlam+1","Guardian:PiercingHide+1","Guardian:Gem_Cyan","Guardian:TimeBomb+1","Guardian:VentSteam+1","Guardian:Recover","Guardian:Gem_Lightblue","Guardian:Gem_Fragmented","Guardian:WalkerClaw"],"relics":["Guardian:ModeShifter","aspiration:Nostalgia","Burning Blood","aspiration:Lifesprig","Dream Catcher","MerchantsRug","Mummified Hand"],"acts_visited":["Exordium"],"potions_floor_usage":[],"damage_taken":[{"damage":0,"enemies":"Cultist","floor":1,"turns":4},{"damage":0,"enemies":"Small Slimes","floor":2,"turns":3},{"damage":9,"enemies":"Jaw Worm","floor":3,"turns":4},{"damage":0,"enemies":"Exordium Thugs","floor":4,"turns":4},{"damage":7,"enemies":"Exordium Wildlife","floor":5,"turns":4},{"damage":8,"enemies":"3 Louse","floor":10,"turns":4},{"damage":0,"enemies":"Blue Slaver","floor":11,"turns":4},{"damage":18,"enemies":"Lagavulin","floor":14,"turns":9},{"damage":70,"enemies":"Hexaghost","floor":16,"turns":12}],"seed_played":"-893854487261832736","potions_obtained":[{"floor":1,"key":"Guardian:BlockOnCardUsePotion"},{"floor":3,"key":"SpeedPotion"},{"floor":5,"key":"Block Potion"}],"is_trial":false,"path_per_floor":["M","M","M","M","M","R","T","R","T","M","M","$","R","E","R","B"],"character_chosen":"GUARDIAN","items_purchased":["MerchantsRug"],"campfire_rested":0,"item_purchase_floors":[12],"current_hp_per_floor":[80,80,77,80,79,79,79,79,79,77,80,80,80,68,68,0,0,0],"gold":83,"neow_bonus":"NOSTALGIA","is_daily":false,"chose_seed":false,"campfire_upgraded":4,"win_rate":0.0,"timestamp":1608868123,"path_taken":["M","M","M","M","?","R","?","R","T","M","M","$","R","E","R","BOSS"],"items_purchased_type":["Relic"],"build_version":"2020-12-22","purchased_purges":1,"victory":false,"max_hp_per_floor":[80,80,80,80,80,80,80,80,80,80,80,80,80,80,80,80,80,80],"card_choices":[{"not_picked":["Guardian:TimeCapacitor","Guardian:PrimingBeam"],"picked":"Guardian:PiercingHide","floor":1},{"not_picked":["Guardian:Planning","Guardian:ChargeCore"],"picked":"Guardian:Gem_Cyan","floor":2},{"not_picked":["Guardian:PrimingBeam","Guardian:ChargeCore"],"picked":"Guardian:TimeBomb","floor":3},{"not_picked":["Guardian:FuturePlans","Guardian:ShieldCharger"],"picked":"Guardian:VentSteam","floor":4},{"not_picked":["Guardian:RefractedBeam","Guardian:TemporalShield"],"picked":"Guardian:Recover","floor":5},{"not_picked":["Guardian:BronzeArmor","Guardian:Recover"],"picked":"Guardian:Gem_Lightblue","floor":10},{"not_picked":["Guardian:TimeBomb","Guardian:WalkerClaw"],"picked":"Guardian:Gem_Fragmented","floor":11},{"not_picked":["Guardian:BronzeOrb","Guardian:HyperBeam_Guardian"],"picked":"Guardian:WalkerClaw","floor":14}],"player_experience":439489,"relics_obtained":[{"floor":7,"key":"aspiration:Lifesprig"},{"floor":9,"key":"Dream Catcher"},{"floor":14,"key":"Mummified Hand"}],"event_choices":[],"is_beta":false,"boss_relics":[],"items_purged_floors":[12],"is_endless":false,"potions_floor_spawned":[1,3,5,10],"killed_by":"Hexaghost","ascension_level":0}}