{"host":"ry6l6fs2ordh092u","time":1608896969,"event":{"mods":["AchievementEnabler","BaseMod","BetterRewards","Gold Saver","Minty Spire (QoL Compilation)","Quick Restart","StSLib","SuperFastMode","The Jungle"],"gold_per_floor":[900,900,914,673,688,688,717,730,779,796,827,361,391,406,406,478,478,491,491,507,524,573,598,598,624,648,678,691,791,791,821,821,905,905,931,956,974,813,826,856,856,1189,1239,1262,1278,968,978,1007,1007,1007,1007,1007,1007,767,793,793],"floor_reached":57,"playtime":1810,"items_purged":["Strike_B","Defend_B","Defend_B","Strike_B","Strike_B","Defend_B","Strike_B","Defend_B+1","Zap"],"score":4459,"play_id":"abd978d8-8356-4a48-b4f0-94c7fccbe987","local_time":"20201225204929","is_ascension_mode":true,"campfire_choices":[{"data":"Apotheosis","floor":6.0,"key":"SMITH"},{"floor":15.0,"key":"RECALL"},{"data":"Heatsinks","floor":32.0,"key":"SMITH"},{"data":"Echo Form","floor":41.0,"key":"SMITH"},{"data":"Reboot","floor":49.0,"key":"SMITH"},{"data":"Master of Strategy","floor":53,"key":"SMITH"}],"circlet_count":0,"master_deck":["AscendersBane","Dualcast","Defragment","Coolheaded+1","Apotheosis+1","Loop","Defragment","Master of Strategy+1","Conserve Battery","Coolheaded","Storm","Hologram","Turbo","Ball Lightning+1","White Noise","Reboot+1","Defragment","Heatsinks+1","Go for the Eyes+1","Echo Form+1","Coolheaded+1","Capacitor","Loop","Glacier"],"relics":["Cracked Core","Lee\u0027s Waffle","Ancient Tea Set","War Paint","Tiny Chest","Medical Kit","Peace Pipe","Sundial","TheAbacus","Membership Card","Meat on the Bone","Vajra","Blood Vial","Singing Bowl","DataDisk","Oddly Smooth Stone","Symbiotic Virus","OrangePellets","Juzu Bracelet","Pocketwatch","Pantograph","Runic Pyramid","Potion Belt","Thread and Needle","CeramicFish","Bag of Preparation","PreservedInsect","Akabeko","SacredBark","Art of War","Omamori","Centennial Puzzle","Lantern","Shuriken","Regal Pillow","Letter Opener","Smiling Mask","Kunai","Dream Catcher","Mummified Hand","Anchor","Gremlin Horn","ClockworkSouvenir","Bottled Tornado","Whetstone"],"acts_visited":["Exordium","theJungle:Jungle","TheBeyond","TheEnding"],"potions_floor_usage":[51,56,56,56],"damage_taken":[{"damage":0.0,"enemies":"Small Slimes","floor":1.0,"turns":3.0},{"damage":0.0,"enemies":"Cultist","floor":3.0,"turns":3.0},{"damage":9.0,"enemies":"Jaw Worm","floor":5.0,"turns":2.0},{"damage":3.0,"enemies":"Gremlin Nob","floor":7.0,"turns":3.0},{"damage":0.0,"enemies":"Large Slime","floor":8.0,"turns":3.0},{"damage":0.0,"enemies":"Exordium Thugs","floor":10.0,"turns":2.0},{"damage":0.0,"enemies":"3 Sentries","floor":11.0,"turns":4.0},{"damage":0.0,"enemies":"Lagavulin","floor":13.0,"turns":3.0},{"damage":0.0,"enemies":"2 Fungi Beasts","floor":14.0,"turns":2.0},{"damage":0.0,"enemies":"Slime Boss","floor":16.0,"turns":1.0},{"damage":10.0,"enemies":"Shell Parasite","floor":18.0,"turns":2.0},{"damage":5.0,"enemies":"theJungle:MUSHROOMGANG","floor":20.0,"turns":3.0},{"damage":5.0,"enemies":"theJungle:JungleHuntersEncounter","floor":21.0,"turns":3.0},{"damage":3.0,"enemies":"theJungle:2_Phrogs","floor":23.0,"turns":2.0},{"damage":0.0,"enemies":"theJungle:MamaSnecko","floor":25.0,"turns":3.0},{"damage":0.0,"enemies":"theJungle:2_Phrogs","floor":27.0,"turns":2.0},{"damage":0.0,"enemies":"theJungle:2_Snecko_Cultists","floor":28.0,"turns":2.0},{"damage":0.0,"enemies":"theJungle:Cassacara","floor":31.0,"turns":1.0},{"damage":0.0,"enemies":"theJungle:FunGuy","floor":33.0,"turns":5.0},{"damage":11.0,"enemies":"3 Darklings","floor":35.0,"turns":3.0},{"damage":7.0,"enemies":"Orb Walker","floor":37.0,"turns":2.0},{"damage":3.0,"enemies":"Transient","floor":39.0,"turns":6.0},{"damage":0.0,"enemies":"Nemesis","floor":40.0,"turns":3.0},{"damage":0.0,"enemies":"Giant Head","floor":42.0,"turns":4.0},{"damage":0.0,"enemies":"Sphere and 2 Shapes","floor":44.0,"turns":1.0},{"damage":11.0,"enemies":"3 Darklings","floor":45.0,"turns":4.0},{"damage":0.0,"enemies":"Writhing Mass","floor":47.0,"turns":3.0},{"damage":0.0,"enemies":"Reptomancer","floor":48.0,"turns":3.0},{"damage":0.0,"enemies":"Donu and Deca","floor":50.0,"turns":3.0},{"damage":0,"enemies":"Awakened One","floor":51,"turns":3},{"damage":0,"enemies":"Shield and Spear","floor":55,"turns":2},{"damage":16,"enemies":"The Heart","floor":56,"turns":7}],"seed_played":"5655374362647823988","potions_obtained":[{"floor":1.0,"key":"EntropicBrew"},{"floor":3.0,"key":"Weak Potion"},{"floor":8.0,"key":"LiquidMemories"},{"floor":14.0,"key":"SneckoOil"},{"floor":27.0,"key":"Swift Potion"},{"floor":31.0,"key":"LiquidMemories"},{"floor":42.0,"key":"SmokeBomb"},{"floor":42.0,"key":"SmokeBomb"},{"floor":45.0,"key":"EssenceOfSteel"},{"floor":48.0,"key":"DistilledChaos"}],"is_trial":false,"path_per_floor":["M","?","M","$","M","R","E","M","T","M","E","$","E","M","R","B",null,"M","?","M","M","T","E","?","E","T","E","M","?","?","E","R","B",null,"M","T","M","$","M","E","R","E","T","M","M","$","M","E","R","B","B",null,"R","$","E","B",null],"character_chosen":"DEFECT","items_purchased":["Lee\u0027s Waffle","Ancient Tea Set","Defragment","Coolheaded","War Paint","Tiny Chest","Medical Kit","Peace Pipe","Apotheosis","Sundial","TheAbacus","Loop","Defragment","Membership Card","Meat on the Bone","Vajra","Master of Strategy","Conserve Battery","Blood Vial","Coolheaded","Storm","Hologram","PowerPotion","DataDisk","White Noise","OrangePellets","Juzu Bracelet","Pocketwatch","Omamori","Centennial Puzzle","Mummified Hand","Anchor","Loop","ClockworkSouvenir","Bottled Tornado","Glacier"],"campfire_rested":0,"item_purchase_floors":[0,0,0,0,0,0,0,0,0,0,0,0,0,0,0,0,0,0,0,0,0,0,0,4,4,12,12,12,38,38,46,46,46,54,54,54],"current_hp_per_floor":[78,78,78,78,71,71,70,72,72,76,80,80,82,86,86,88,88,80,80,77,76,76,77,77,81,81,85,89,79,93,97,97,102,102,91,91,88,88,89,93,93,97,97,99,92,92,96,100,100,116,116,116,116,116,118,102],"gold":793,"neow_bonus":"","is_daily":false,"chose_seed":false,"campfire_upgraded":5,"win_rate":0.0,"timestamp":1608896969,"path_taken":["M","?","M","$","M","R","E","?","T","M","E","$","E","M","R","BOSS","M","?","M","M","?","E","?","E","T","E","M","?","?","E","R","BOSS","M","?","M","$","M","E","R","E","T","M","M","?","M","E","R","BOSS","BOSS","R","$","E","BOSS"],"items_purchased_type":["Relic","Relic","Card","Card","Relic","Relic","Relic","Relic","Card","Relic","Relic","Card","Card","Relic","Relic","Relic","Card","Card","Relic","Card","Card","Card","Potion","Relic","Card","Relic","Relic","Relic","Relic","Relic","Relic","Relic","Card","Relic","Relic","Card"],"build_version":"2020-12-22","purchased_purges":9,"victory":true,"max_hp_per_floor":[78,78,78,78,80,80,80,80,80,82,84,84,84,86,86,88,88,90,90,90,92,92,94,94,96,96,98,100,100,100,102,102,102,102,102,102,104,104,106,108,108,110,110,110,112,112,114,116,116,116,116,116,116,116,118,118],"card_choices":[{"not_picked":["Redo","Rebound"],"picked":"Turbo","floor":1.0},{"not_picked":["Coolheaded","Conserve Battery"],"picked":"Ball Lightning","floor":3.0},{"not_picked":["Compile Driver","Undo","Conserve Battery"],"picked":"Singing Bowl","floor":5.0},{"not_picked":["Coolheaded","Undo"],"picked":"Reboot","floor":7.0},{"not_picked":["Hologram","Turbo"],"picked":"Defragment","floor":8.0},{"not_picked":["Go for the Eyes","Scrape","Hologram"],"picked":"Singing Bowl","floor":10.0},{"not_picked":["Streamline","Recycle","Capacitor"],"picked":"Singing Bowl","floor":11.0},{"not_picked":["Rip and Tear","Static Discharge"],"picked":"Heatsinks","floor":13.0},{"not_picked":["Sweeping Beam","Static Discharge","Undo"],"picked":"Singing Bowl","floor":14.0},{"not_picked":["Machine Learning","Rainbow","Thunder Strike"],"picked":"Singing Bowl","floor":16.0},{"not_picked":["Aggregate","Turbo","Ball Lightning"],"picked":"Singing Bowl","floor":18.0},{"not_picked":["Turbo","Scrape"],"picked":"Go for the Eyes+1","floor":20.0},{"not_picked":["Compile Driver","Chill","Stack"],"picked":"Singing Bowl","floor":21.0},{"not_picked":["Cold Snap","All For One","Static Discharge+1"],"picked":"Singing Bowl","floor":23.0},{"not_picked":["Conserve Battery","Heatsinks","Compile Driver"],"picked":"Singing Bowl","floor":25.0},{"not_picked":["Leap","Consume","Defragment"],"picked":"Singing Bowl","floor":27.0},{"not_picked":["Turbo","Reinforced Body","Hologram+1"],"picked":"Singing Bowl","floor":28.0},{"not_picked":["Redo+1","Steam","Undo"],"picked":"Singing Bowl","floor":31.0},{"not_picked":["Reboot","Amplify"],"picked":"Echo Form","floor":33.0},{"not_picked":["Rebound","FTL"],"picked":"Coolheaded+1","floor":35.0},{"not_picked":["Stack+1","Storm","Sunder+1"],"picked":"Singing Bowl","floor":37.0},{"not_picked":["Doom and Gloom","Heatsinks+1","Stack"],"picked":"Singing Bowl","floor":39.0},{"not_picked":["Genetic Algorithm","Barrage","Doom and Gloom"],"picked":"Singing Bowl","floor":40.0},{"not_picked":["Redo","Go for the Eyes","Sweeping Beam"],"picked":"Singing Bowl","floor":42.0},{"not_picked":["Doom and Gloom","Aggregate"],"picked":"Capacitor","floor":44.0},{"not_picked":["Reprogram","Steam+1","Echo Form"],"picked":"Singing Bowl","floor":45.0},{"not_picked":["Conserve Battery","Rip and Tear","Lockon"],"picked":"Singing Bowl","floor":47.0},{"not_picked":["Streamline","Coolheaded","Barrage+1"],"picked":"Singing Bowl","floor":48.0},{"not_picked":["Force Field","Ball Lightning","Auto Shields+1"],"picked":"Singing Bowl","floor":55}],"player_experience":434320,"relics_obtained":[{"floor":7.0,"key":"Oddly Smooth Stone"},{"floor":11.0,"key":"Symbiotic Virus"},{"floor":13.0,"key":"Pantograph"},{"floor":22.0,"key":"Potion Belt"},{"floor":23.0,"key":"Thread and Needle"},{"floor":25.0,"key":"CeramicFish"},{"floor":26.0,"key":"Bag of Preparation"},{"floor":27.0,"key":"PreservedInsect"},{"floor":31.0,"key":"Akabeko"},{"floor":36.0,"key":"Art of War"},{"floor":40.0,"key":"Lantern"},{"floor":42.0,"key":"Shuriken"},{"floor":42.0,"key":"Regal Pillow"},{"floor":42.0,"key":"Letter Opener"},{"floor":42.0,"key":"Smiling Mask"},{"floor":42.0,"key":"Kunai"},{"floor":43.0,"key":"Dream Catcher"},{"floor":48.0,"key":"Gremlin Horn"},{"floor":55,"key":"Whetstone"}],"event_choices":[{"damage_healed":0.0,"max_hp_gain":0.0,"max_hp_loss":0.0,"gold_gain":0.0,"event_name":"WeMeetAgain","player_choice":"Gave Potion","floor":2.0,"gold_loss":0.0,"damage_taken":0.0,"relics_obtained":["Singing Bowl"]}],"is_beta":false,"boss_relics":[{"not_picked":["Coffee Dripper","Fusion Hammer"],"picked":"Runic Pyramid"},{"not_picked":["Snecko Eye","Calling Bell"],"picked":"SacredBark"}],"items_purged_floors":[0,0,0,0,0,0,4,12,46],"is_endless":false,"potions_floor_spawned":[1,3,8,14,21,27,31,35,37,45,48],"ascension_level":20}}