{"host":"cvw9qspg8f691jio","time":1608871601,"event":{"mods":["BaseMod","Filter the Spire","Minty Spire (QoL Compilation)","Relic Stats","StSLib"],"gold_per_floor":[114,114,13,13,32,32,64,64,64,95,114,114,157,177,177,266,266,281,16,16,16,16,16,16,60,86,105,130,168,168,188,188,282,282,295,326,40,40,40],"floor_reached":38,"playtime":1259,"items_purged":["Strike_G","Strike_G","Neutralize"],"score":908,"play_id":"46e8916c-da7c-48a1-a812-7cddbfbc759d","local_time":"20201224234641","is_ascension_mode":true,"campfire_choices":[{"data":"Deadly Poison","floor":6.0,"key":"SMITH"},{"data":"Poisoned Stab","floor":8.0,"key":"SMITH"},{"floor":15,"key":"REST"},{"data":"Catalyst","floor":23,"key":"SMITH"},{"floor":30,"key":"REST"},{"floor":32,"key":"REST"}],"circlet_count":0,"master_deck":["AscendersBane","Survivor","Poisoned Stab+1","Deadly Poison+1","Phantasmal Killer+1","Backstab","Calculated Gamble","Catalyst+1","Malaise","Leg Sweep+1","Corpse Explosion","Footwork+1","Leg Sweep","Dash","Deadly Poison+1","Malaise","Quick Slash","Bane","Catalyst+1"],"relics":["Ring of the Snake","NeowsBlessing","Snake Skull","Ninja Scroll","Regal Pillow","Golden Idol","Frozen Egg 2","Velvet Choker","War Paint","MutagenicStrength","Tiny Chest","Ancient Tea Set","Pandora\u0027s Box","Gambling Chip","DollysMirror"],"acts_visited":["Exordium","TheCity","TheBeyond"],"potions_floor_usage":[13,29,29,35],"damage_taken":[{"damage":0.0,"enemies":"2 Louse","floor":1.0,"turns":1.0},{"damage":0.0,"enemies":"Small Slimes","floor":5.0,"turns":1.0},{"damage":0.0,"enemies":"Lagavulin","floor":7.0,"turns":1.0},{"damage":6.0,"enemies":"Gremlin Nob","floor":10.0,"turns":3.0},{"damage":2.0,"enemies":"Jaw Worm","floor":11.0,"turns":2.0},{"damage":30,"enemies":"3 Sentries","floor":13,"turns":9},{"damage":0,"enemies":"Blue Slaver","floor":14,"turns":2},{"damage":4,"enemies":"Hexaghost","floor":16,"turns":9},{"damage":13,"enemies":"2 Thieves","floor":18,"turns":3},{"damage":10,"enemies":"Book of Stabbing","floor":25,"turns":4},{"damage":2,"enemies":"Spheric Guardian","floor":27,"turns":5},{"damage":9,"enemies":"Snake Plant","floor":28,"turns":4},{"damage":21,"enemies":"Gremlin Leader","floor":29,"turns":6},{"damage":21,"enemies":"Shelled Parasite and Fungi","floor":31,"turns":5},{"damage":34,"enemies":"Collector","floor":33,"turns":6},{"damage":15,"enemies":"Orb Walker","floor":35,"turns":3},{"damage":0,"enemies":"Mind Bloom Boss Battle","floor":36,"turns":4},{"damage":38,"enemies":"3 Darklings","floor":38,"turns":2}],"seed_played":"3078788554978229878","potions_obtained":[{"floor":5.0,"key":"Fire Potion"},{"floor":7.0,"key":"CultistPotion"},{"floor":10.0,"key":"SkillPotion"},{"floor":16,"key":"SteroidPotion"},{"floor":25,"key":"Fire Potion"},{"floor":27,"key":"Fire Potion"},{"floor":33,"key":"Fire Potion"},{"floor":35,"key":"BlessingOfTheForge"}],"is_trial":false,"path_per_floor":["M","?","$","?","M","R","E","R","T","E","M","?","E","M","R","B",null,"M","$","?","?","?","R","$","E","T","M","M","E","R","M","R","B",null,"M","?","$","M"],"character_chosen":"THE_SILENT","items_purchased":["Deadly Poison","War Paint","DollysMirror"],"campfire_rested":3,"item_purchase_floors":[3,19,37],"current_hp_per_floor":[59,64,64,43,43,43,43,43,43,37,35,35,5,5,39,35,57,44,44,44,44,44,44,44,34,34,32,23,2,36,15,49,15,52,37,37,37,0,0],"gold":40,"neow_bonus":"THREE_ENEMY_KILL","is_daily":false,"chose_seed":false,"campfire_upgraded":3,"win_rate":0.0,"timestamp":1608871601,"path_taken":["M","?","$","?","?","R","E","R","T","E","M","?","E","M","R","BOSS","M","$","?","?","?","R","$","E","T","M","M","E","R","M","R","BOSS","M","?","$","M"],"items_purchased_type":["Card","Relic","Relic"],"build_version":"2020-12-22","purchased_purges":3,"victory":false,"max_hp_per_floor":[66,71,71,71,71,71,71,71,71,71,71,64,64,64,64,64,64,64,64,64,64,64,64,64,64,64,64,64,64,64,64,64,64,64,64,64,64,64,64],"relic_stats":{"Regal Pillow":45,"counters":[18,70],"Golden Idol":92,"Gambling Chip":[5],"Tiny Chest":0,"Pandora\u0027s Box":["Accuracy","Dagger Throw","Calculated Gamble","Eviscerate","Die Die Die","Heel Hook","Dagger Spray","Choke"],"Snake Skull":[63],"War Paint":["Leg Sweep","Phantasmal Killer"],"obtain_stats":[{"Regal Pillow":10,"NeowsBlessing":0,"Golden Idol":12,"Velvet Choker":17,"Snake Skull":7,"Frozen Egg 2":13,"War Paint":19,"Ancient Tea Set":29,"Ninja Scroll":9,"DollysMirror":37,"MutagenicStrength":21,"Gambling Chip":36,"Tiny Chest":25,"Pandora\u0027s Box":34,"Ring of the Snake":0},{"Regal Pillow":4,"NeowsBlessing":0,"Golden Idol":5,"Velvet Choker":8,"Snake Skull":3,"Frozen Egg 2":6,"War Paint":9,"Ancient Tea Set":13,"Ninja Scroll":3,"DollysMirror":17,"MutagenicStrength":9,"Gambling Chip":17,"Tiny Chest":10,"Pandora\u0027s Box":15,"Ring of the Snake":0},{"Regal Pillow":6,"NeowsBlessing":0,"Golden Idol":8,"Velvet Choker":28,"Snake Skull":3,"Frozen Egg 2":17,"War Paint":31,"Ancient Tea Set":50,"Ninja Scroll":3,"DollysMirror":68,"MutagenicStrength":31,"Gambling Chip":68,"Tiny Chest":35,"Pandora\u0027s Box":61,"Ring of the Snake":0}],"Ring of the Snake":[36]},"card_choices":[{"not_picked":["Backflip","Infinite Blades"],"picked":"Poisoned Stab","floor":1.0},{"not_picked":["Backflip","Prepared"],"picked":"Phantasmal Killer","floor":5.0},{"not_picked":["Sucker Punch","Quick Slash"],"picked":"Backstab","floor":7.0},{"not_picked":["Prepared","Outmaneuver"],"picked":"Calculated Gamble","floor":10.0},{"not_picked":["Sucker Punch","Outmaneuver"],"picked":"Catalyst","floor":11.0},{"not_picked":["Flying Knee","Distraction"],"picked":"Malaise","floor":13},{"not_picked":["Dagger Throw","Heel Hook"],"picked":"Leg Sweep","floor":14},{"not_picked":["Venomology","A Thousand Cuts+1"],"picked":"Corpse Explosion","floor":16},{"not_picked":["Blade Dance+1","Underhanded Strike"],"picked":"Footwork+1","floor":18},{"not_picked":["Blade Dance","Slice","Backflip"],"picked":"SKIP","floor":25},{"not_picked":["Endless Agony","Tactician","Sucker Punch+1"],"picked":"SKIP","floor":27},{"not_picked":["Flechettes","Blade Dance"],"picked":"Leg Sweep","floor":28},{"not_picked":["Cloak And Dagger+1","Doppelganger"],"picked":"Dash","floor":29},{"not_picked":["Leg Sweep","Deflect"],"picked":"Deadly Poison+1","floor":31},{"not_picked":["Die Die Die","Grand Finale"],"picked":"Malaise","floor":33},{"not_picked":["Noxious Fumes+1","Masterful Stab"],"picked":"Quick Slash","floor":35},{"not_picked":["Underhanded Strike","Flying Knee"],"picked":"Bane","floor":36}],"player_experience":465337,"relics_obtained":[{"floor":7.0,"key":"Snake Skull"},{"floor":9.0,"key":"Ninja Scroll"},{"floor":10.0,"key":"Regal Pillow"},{"floor":13,"key":"Frozen Egg 2"},{"floor":25,"key":"Tiny Chest"},{"floor":29,"key":"Ancient Tea Set"},{"floor":36,"key":"Gambling Chip"}],"event_choices":[{"damage_healed":0.0,"max_hp_gain":5.0,"max_hp_loss":0.0,"gold_gain":0.0,"event_name":"Big Fish","player_choice":"Donut","floor":2.0,"gold_loss":0.0,"damage_taken":0.0},{"damage_healed":0.0,"max_hp_gain":0.0,"max_hp_loss":0.0,"gold_gain":0.0,"event_name":"Shining Light","player_choice":"Entered Light","floor":4.0,"gold_loss":0.0,"damage_taken":21.0,"cards_upgraded":["Strike_G","Strike_G"]},{"damage_healed":0.0,"max_hp_gain":0.0,"max_hp_loss":7.0,"gold_gain":0.0,"event_name":"Golden Idol","player_choice":"Lose Max HP","floor":12.0,"gold_loss":0.0,"damage_taken":0.0,"relics_obtained":["Golden Idol"]},{"damage_healed":0,"gold_gain":0,"player_choice":"Ignored","damage_taken":0,"max_hp_gain":0,"max_hp_loss":0,"event_name":"The Mausoleum","floor":20,"gold_loss":0},{"damage_healed":0,"gold_gain":0,"player_choice":"Inject Mutagens","damage_taken":0,"relics_obtained":["MutagenicStrength"],"max_hp_gain":0,"max_hp_loss":0,"event_name":"Drug Dealer","floor":21,"gold_loss":0},{"damage_healed":0,"gold_gain":0,"player_choice":"Ignored","damage_taken":0,"max_hp_gain":0,"max_hp_loss":0,"event_name":"Ghosts","floor":22,"gold_loss":0},{"damage_healed":0,"gold_gain":0,"player_choice":"Fight","damage_taken":0,"max_hp_gain":0,"max_hp_loss":0,"event_name":"MindBloom","floor":36,"gold_loss":0}],"is_beta":false,"boss_relics":[{"not_picked":["Astrolabe","Ring of the Serpent"],"picked":"Velvet Choker"},{"not_picked":["Runic Pyramid","Calling Bell"],"picked":"Pandora\u0027s Box"}],"items_purged_floors":[3,19,37],"is_endless":false,"potions_floor_spawned":[5,7,10,11,16,25,27,33,35],"killed_by":"3 Darklings","ascension_level":18}}