{"host":"a7dhdzm3fda48fos","time":1608875739,"event":{"mods":["AchievementEnabler","BaseMod","Card Forge","Colored Map","Gold Saver","Hermit","Minty Spire (QoL Compilation)","Rare Cards Sparkle","Remove Card Discount Mod","Shop Mod","StSLib"],"gold_per_floor":[110,110,129,140,158,158,47,67,67,80,104,129,148,171,171,300,300,324,324,324,348,364,380,380,115,115,134,157,157,157,173,173,296,296,316,334,358,383,383,399,418,441,441,490,510,510,479,504,504,504],"floor_reached":51,"playtime":3427,"items_purged":["Feed+1"],"score":755,"play_id":"cb7319d3-e392-4c75-8cb1-f19d20ff029e","local_time":"20201225065539","is_ascension_mode":false,"campfire_choices":[{"floor":15,"key":"REST"},{"data":"Juggernaut","floor":24,"key":"SMITH"},{"floor":30,"key":"REST"},{"floor":32,"key":"REST"},{"floor":46,"key":"REST"},{"floor":49,"key":"REST"}],"circlet_count":0,"master_deck":["Barricade+1","Demon Form+1","Juggernaut+1","Fire Breathing+1","Thunderclap+1","Metallicize+1","Impervious+1","Feed+1","RitualDagger+1","Sadistic Nature+1","Metallicize+1","Metallicize+1","Whirlwind+1","Reckless Charge+1","Thunderclap+1"],"relics":["Burning Blood","Hammer of Thor","Seething Fire","Anvil of the Gods","Golden Idol","MerchantsRug","Paper Frog","Magic Flower","Matryoshka","Fusion Hammer","Bag of Marbles","Toxic Egg 2"],"acts_visited":["Exordium","TheCity","TheBeyond"],"potions_floor_usage":[16],"damage_taken":[{"damage":1,"enemies":"Cultist","floor":1,"turns":3},{"damage":0,"enemies":"2 Louse","floor":3,"turns":4},{"damage":11,"enemies":"Jaw Worm","floor":4,"turns":6},{"damage":0,"enemies":"Red Slaver","floor":5,"turns":4},{"damage":1,"enemies":"2 Fungi Beasts","floor":8,"turns":9},{"damage":55,"enemies":"Gremlin Gang","floor":10,"turns":5},{"damage":28,"enemies":"Large Slime","floor":11,"turns":5},{"damage":10,"enemies":"Exordium Thugs","floor":12,"turns":4},{"damage":2,"enemies":"2 Fungi Beasts","floor":13,"turns":3},{"damage":0,"enemies":"Gremlin Gang","floor":14,"turns":6},{"damage":0,"enemies":"Slime Boss","floor":16,"turns":9},{"damage":20,"enemies":"Spheric Guardian","floor":18,"turns":5},{"damage":27,"enemies":"3 Byrds","floor":21,"turns":4},{"damage":4,"enemies":"Snecko","floor":22,"turns":3},{"damage":13,"enemies":"Chosen and Byrds","floor":23,"turns":7},{"damage":45,"enemies":"Snake Plant","floor":27,"turns":5},{"damage":18,"enemies":"Cultist and Chosen","floor":28,"turns":6},{"damage":57,"enemies":"Collector","floor":33,"turns":17},{"damage":5,"enemies":"Orb Walker","floor":35,"turns":3},{"damage":12,"enemies":"3 Darklings","floor":36,"turns":5},{"damage":31,"enemies":"Writhing Mass","floor":37,"turns":9},{"damage":27,"enemies":"Sphere and 2 Shapes","floor":38,"turns":6},{"damage":48,"enemies":"4 Shapes","floor":40,"turns":4},{"damage":4,"enemies":"Maw","floor":41,"turns":7},{"damage":35,"enemies":"Sphere and 2 Shapes","floor":42,"turns":7},{"damage":10,"enemies":"Spire Growth","floor":45,"turns":6},{"damage":17,"enemies":"Maw","floor":48,"turns":6},{"damage":76,"enemies":"Donu and Deca","floor":50,"turns":7}],"seed_played":"-3271951672539762758","potions_obtained":[{"floor":3,"key":"PowerPotion"},{"floor":5,"key":"LiquidMemories"},{"floor":12,"key":"EssenceOfSteel"},{"floor":16,"key":"DistilledChaos"},{"floor":18,"key":"DistilledChaos"},{"floor":21,"key":"SmokeBomb"},{"floor":28,"key":"BlessingOfTheForge"},{"floor":33,"key":"SkillPotion"},{"floor":35,"key":"Strength Potion"},{"floor":36,"key":"Block Potion"},{"floor":48,"key":"ElixirPotion"}],"is_trial":false,"path_per_floor":["M","$","M","M","M","?","$","M","T","M","M","M","M","M","R","B",null,"M","?","?","M","M","M","R","$","T","M","M","?","R","$","R","B",null,"M","M","M","M","?","M","M","M","T","$","M","R","$","M","R","B",null],"character_chosen":"IRONCLAD","items_purchased":["MerchantsRug","Magic Flower","Sadistic Nature","Reckless Charge"],"campfire_rested":5,"item_purchase_floors":[7,25,25,47],"current_hp_per_floor":[88,88,88,87,92,69,69,78,78,33,11,11,19,29,62,68,112,98,92,92,75,77,70,70,70,70,34,25,9,43,43,77,29,116,116,113,91,79,79,46,57,37,37,37,36,74,74,66,104,37],"gold":504,"neow_bonus":"TEN_PERCENT_HP_BONUS","is_daily":false,"chose_seed":false,"campfire_upgraded":1,"win_rate":0.0,"timestamp":1608875739,"path_taken":["M","$","M","M","?","?","?","M","T","M","M","M","M","M","R","BOSS","M","?","?","?","M","M","R","$","T","M","M","?","R","?","R","BOSS","M","M","M","M","?","M","?","M","T","$","M","R","$","M","R","BOSS"],"items_purchased_type":["Relic","Relic","Card","Card"],"build_version":"2020-12-22","purchased_purges":1,"victory":true,"max_hp_per_floor":[88,88,88,92,92,92,92,96,96,100,100,104,108,112,112,112,112,112,112,112,116,116,116,116,116,116,116,116,116,116,116,116,116,116,116,116,116,120,120,124,128,132,132,129,129,129,129,129,129,129],"card_choices":[{"not_picked":["Perfected Strike","Intimidate"],"picked":"Shrug It Off","floor":1},{"not_picked":["Clash","Entrench"],"picked":"Thunderclap","floor":3},{"not_picked":["Seeing Red","Headbutt"],"picked":"Rupture","floor":4},{"not_picked":["Bloodletting","Anger"],"picked":"Fire Breathing","floor":5},{"not_picked":["Sword Boomerang","Hemokinesis"],"picked":"Heavy Blade","floor":8},{"not_picked":["Armaments","Ghostly Armor"],"picked":"Heavy Blade","floor":10},{"not_picked":["Sword Boomerang","Perfected Strike"],"picked":"Whirlwind","floor":11},{"not_picked":["Uppercut","Heavy Blade"],"picked":"Impervious","floor":12},{"not_picked":["True Grit","Sword Boomerang"],"picked":"Flex","floor":13},{"not_picked":["Perfected Strike","Warcry","Pommel Strike"],"picked":"SKIP","floor":14},{"not_picked":["Double Tap","Berserk"],"picked":"Feed","floor":16},{"not_picked":["Warcry","Pommel Strike","Headbutt"],"picked":"SKIP","floor":18},{"not_picked":["Pummel","Armaments","Clash"],"picked":"SKIP","floor":21},{"not_picked":["Second Wind","True Grit"],"picked":"Uppercut","floor":22},{"not_picked":["Clothesline","Shrug It Off"],"picked":"Juggernaut","floor":23},{"not_picked":["True Grit+1","Iron Wave+1"],"picked":"Metallicize","floor":27},{"not_picked":["Warcry","Blood for Blood","Sever Soul"],"picked":"SKIP","floor":28},{"not_picked":["Reaper","Barricade"],"picked":"Juggernaut","floor":33},{"not_picked":["Armaments+1","Cleave","Rampage"],"picked":"SKIP","floor":35},{"not_picked":["Warcry+1","Thunderclap","Wild Strike"],"picked":"SKIP","floor":36},{"not_picked":["Headbutt","Perfected Strike"],"picked":"Pommel Strike+1","floor":37},{"not_picked":["Shockwave","Twin Strike+1","Seeing Red+1"],"picked":"SKIP","floor":38},{"not_picked":["True Grit+1","Impervious","Rampage+1"],"picked":"SKIP","floor":40},{"not_picked":["Shrug It Off+1","Cleave","Intimidate"],"picked":"SKIP","floor":41},{"not_picked":["Perfected Strike","Wild Strike","Clothesline"],"picked":"SKIP","floor":42},{"not_picked":["Headbutt","Fire Breathing"],"picked":"Whirlwind+1","floor":45},{"not_picked":["Clash+1","Berserk"],"picked":"Thunderclap+1","floor":48}],"player_experience":20598,"relics_obtained":[{"floor":9,"key":"Paper Frog"},{"floor":26,"key":"Matryoshka"},{"floor":29,"key":"Nilry\u0027s Codex"},{"floor":43,"key":"Bag of Marbles"},{"floor":43,"key":"Toxic Egg 2"}],"event_choices":[{"damage_healed":0,"gold_gain":0,"player_choice":"Take Damage","damage_taken":23,"relics_obtained":["Golden Idol"],"max_hp_gain":0,"max_hp_loss":0,"event_name":"Golden Idol","floor":6,"gold_loss":0},{"damage_healed":0,"gold_gain":0,"player_choice":"Joined the Cult","damage_taken":6,"max_hp_gain":0,"max_hp_loss":0,"event_name":"Nest","floor":19,"gold_loss":0,"cards_obtained":["RitualDagger"]},{"damage_healed":0,"gold_gain":0,"player_choice":"Ignored","damage_taken":0,"max_hp_gain":0,"max_hp_loss":0,"event_name":"NoteForYourself","floor":20,"gold_loss":0},{"damage_healed":0,"gold_gain":0,"player_choice":"Obtained Book","damage_taken":16,"max_hp_gain":0,"max_hp_loss":0,"event_name":"Cursed Tome","floor":29,"gold_loss":0},{"damage_healed":0,"gold_gain":0,"player_choice":"Copied","damage_taken":0,"max_hp_gain":0,"max_hp_loss":0,"event_name":"Duplicator","floor":39,"gold_loss":0,"cards_obtained":["Metallicize"]}],"is_beta":false,"boss_relics":[{"not_picked":["Snecko Eye","Ectoplasm"],"picked":"Runic Dome"},{"not_picked":["SacredBark","Coffee Dripper"],"picked":"Fusion Hammer"}],"items_purged_floors":[47],"is_endless":false,"potions_floor_spawned":[3,5,12,16,18,21,28,33,35,36,45,48],"ascension_level":0}}