{"host":"qwv9nni2x0umspiu","time":1608891946,"event":{"mods":["BaseMod","Downfall","Minty Spire (QoL Compilation)","Replay The Spire","StSLib","The Hierophant","Wandering Minibosses"],"gold_per_floor":[114,114,126,126,126,158,29,39,107,107,118,127,127,119,119,89,89],"floor_reached":16,"playtime":523,"items_purged":["hierophant:Strike_Hierophant"],"score":252,"play_id":"592b9468-2d99-41f4-848e-c7d8ce2787f4","local_time":"20201225022546","is_ascension_mode":true,"campfire_choices":[{"data":"hierophant:Zeal","floor":10,"key":"SMITH"},{"floor":15,"key":"REST"}],"circlet_count":0,"master_deck":["AscendersBane","hierophant:Strike_Hierophant","hierophant:Strike_Hierophant","hierophant:Strike_Hierophant","hierophant:Punish+1","hierophant:Defend_Hierophant","hierophant:Defend_Hierophant+1","hierophant:Defend_Hierophant+1","hierophant:Defend_Hierophant","hierophant:ChurchCoffers+1","hierophant:Smite","hierophant:Zeal+1","hierophant:Racketeering+1","hierophant:Upheaval"],"relics":["hierophant:PropheticMaskRelic","NeowsBlessing","Juzu Bracelet","Orichalcum","Snack Pack","Pet Ghost","ReplayTheSpireMod:Lightbulb"],"acts_visited":["Exordium"],"potions_floor_usage":[6,8],"damage_taken":[{"damage":0,"enemies":"Jaw Worm","floor":1,"turns":1},{"damage":0,"enemies":"2 Louse","floor":3,"turns":1},{"damage":10,"enemies":"3 Sentries","floor":6,"turns":2},{"damage":20,"enemies":"Lagavulin","floor":8,"turns":3},{"damage":0,"enemies":"Small Slimes","floor":11,"turns":1},{"damage":6,"enemies":"Replay:BlueRogue","floor":12,"turns":2},{"damage":10,"enemies":"3 Sentries","floor":14,"turns":6},{"damage":25,"enemies":"Slime Boss","floor":16,"turns":7}],"seed_played":"-5118059393164145402","potions_obtained":[{"floor":3,"key":"Toxic Potion"},{"floor":6,"key":"Dexterity Potion"},{"floor":14,"key":"Ancient Potion"}],"is_trial":false,"path_per_floor":["M","?","M","?","?","E","$","E","T","R","M","E","?","E","R","B"],"character_chosen":"HIEROPHANT","items_purchased":["hierophant:Racketeering+1"],"campfire_rested":1,"item_purchase_floors":[7],"current_hp_per_floor":[68,68,68,68,68,58,58,38,38,38,38,34,11,3,25,2,2],"gold":89,"neow_bonus":"THREE_ENEMY_KILL","is_daily":false,"chose_seed":false,"campfire_upgraded":1,"win_rate":0.0,"timestamp":1608891946,"path_taken":["M","?","M","?","?","E","$","E","T","R","M","E","?","E","R","BOSS"],"items_purchased_type":["Card"],"build_version":"2020-12-22","purchased_purges":1,"victory":false,"max_hp_per_floor":[75,75,75,75,75,75,75,75,75,75,75,75,75,75,75,75,75],"card_choices":[{"not_picked":["hierophant:PassingBell","hierophant:HammerAndAnvil"],"picked":"hierophant:Smite","floor":1},{"not_picked":["hierophant:Purify","hierophant:Shelter"],"picked":"hierophant:Zeal","floor":3},{"not_picked":["hierophant:AuricForm","hierophant:Repentance","hierophant:EyeForCoin"],"picked":"SKIP","floor":6},{"not_picked":["hierophant:AuricBeam","hierophant:FieryStrike","hierophant:RepressedViolence"],"picked":"SKIP","floor":8},{"not_picked":["hierophant:Shelter","hierophant:Sermon"],"picked":"hierophant:Upheaval","floor":11},{"not_picked":["hierophant:Refuge","hierophant:Generosity","hierophant:Prophecy"],"picked":"SKIP","floor":12},{"not_picked":["hierophant:Endure","hierophant:HolyVerse","hierophant:AuricBeam"],"picked":"SKIP","floor":14}],"player_experience":1306066,"relics_obtained":[{"floor":6,"key":"Juzu Bracelet"},{"floor":8,"key":"Orichalcum"},{"floor":9,"key":"Snack Pack"},{"floor":12,"key":"Pet Ghost"},{"floor":14,"key":"ReplayTheSpireMod:Lightbulb"}],"event_choices":[{"damage_healed":0,"gold_gain":0,"player_choice":"Grow","damage_taken":0,"max_hp_gain":0,"max_hp_loss":0,"event_name":"Living Wall","floor":2,"gold_loss":0,"cards_upgraded":["hierophant:ChurchCoffers"]},{"damage_healed":0,"gold_gain":0,"player_choice":"Forge","damage_taken":0,"max_hp_gain":0,"max_hp_loss":0,"event_name":"Accursed Blacksmith","floor":5,"gold_loss":0,"cards_upgraded":["hierophant:Punish"]},{"damage_healed":0,"gold_gain":0,"player_choice":"Entered Light","damage_taken":23,"max_hp_gain":0,"max_hp_loss":0,"event_name":"Shining Light","floor":13,"gold_loss":0,"cards_upgraded":["hierophant:Defend_Hierophant","hierophant:Defend_Hierophant"]}],"is_beta":false,"boss_relics":[],"items_purged_floors":[7],"is_endless":false,"potions_floor_spawned":[3,6,14],"killed_by":"Slime Boss","ascension_level":20}}