{"host":"ezkqjaqywejtjag1","time":1608889578,"event":{"mods":["BaseMod","Colored Map","Infinite Spire","Minty Spire (QoL Compilation)","StSLib"],"gold_per_floor":[109,125,125,139,156,156,176,176,223,223,233,248,3,37,37,134,134,153,153,153,142,159,159,174,201,224,1,15,15,35,54,54,149,149,166,166,216,236,247,247,277,277,277,295,315,330,359,359,359,359],"floor_reached":51,"playtime":3155,"items_purged":[],"score":889,"play_id":"1843c97d-abcf-4b21-9df2-d02cada2d20b","local_time":"20201225044618","is_ascension_mode":true,"campfire_choices":[{"data":"Defragment","floor":6.0,"key":"SMITH"},{"floor":8.0,"key":"REST"},{"floor":15.0,"key":"REST"},{"floor":23.0,"key":"REST"},{"floor":29.0,"key":"REST"},{"floor":32.0,"key":"REST"},{"floor":40.0,"key":"REST"},{"floor":42.0,"key":"REST"},{"floor":49,"key":"REST"}],"circlet_count":0,"master_deck":["Strike_B","Strike_B","Strike_B","Strike_B","Defend_B","Defend_B","Defend_B","Defend_B","Zap","Dualcast","Cold Snap","Storm","Defragment+1","Cold Snap","Conserve Battery+1","Conserve Battery+1","Capacitor","Rebound","Creative AI+1","Seek+1","CurseOfTheBell","Conserve Battery+1","Conserve Battery+1","Redo+1","Stack+1","Static Discharge+1","Chill+1","Loop+1","Conserve Battery+1","Thunder Strike","Redo+1","Chill+1","Steam+1","Parasite","Hologram+1","White Noise+1","Beam Cell+1","Turbo+1","Streamline+1","Static Discharge+1"],"relics":["Cracked Core","Toxic Egg 2","Happy Flower","Pen Nib","Frozen Egg 2","infinitespire:CheckeredPen","Calling Bell","infinitespire:BottledMercury","Tiny Chest","infinitespire:Golems Mask","Bag of Preparation","Centennial Puzzle","Boot","Fusion Hammer","infinitespire:Lychee Nut","Molten Egg 2","Bottled Flame","The Courier","Bottled Lightning"],"acts_visited":["Exordium","TheCity","TheBeyond"],"potions_floor_usage":[47,47,47,50],"damage_taken":[{"damage":6.0,"enemies":"2 Louse","floor":1.0,"turns":3.0},{"damage":2.0,"enemies":"Jaw Worm","floor":2.0,"turns":3.0},{"damage":2.0,"enemies":"Cultist","floor":4.0,"turns":4.0},{"damage":9.0,"enemies":"Blue Slaver","floor":5.0,"turns":4.0},{"damage":9.0,"enemies":"Looter","floor":7.0,"turns":4.0},{"damage":18.0,"enemies":"Lots of Slimes","floor":11.0,"turns":4.0},{"damage":0.0,"enemies":"Exordium Wildlife","floor":12.0,"turns":4.0},{"damage":6.0,"enemies":"3 Sentries","floor":14.0,"turns":6.0},{"damage":21.0,"enemies":"Hexaghost","floor":16.0,"turns":9.0},{"damage":20.0,"enemies":"Shell Parasite","floor":18.0,"turns":5.0},{"damage":35.0,"enemies":"2 Thieves","floor":21.0,"turns":4.0},{"damage":0.0,"enemies":"Sentry and Sphere","floor":22.0,"turns":5.0},{"damage":34.0,"enemies":"Centurion and Healer","floor":24.0,"turns":6.0},{"damage":0.0,"enemies":"Snecko","floor":28.0,"turns":5.0},{"damage":1.0,"enemies":"Chosen and Byrds","floor":30.0,"turns":6.0},{"damage":32.0,"enemies":"3 Cultists","floor":31.0,"turns":5.0},{"damage":0.0,"enemies":"Champ","floor":33.0,"turns":12.0},{"damage":26.0,"enemies":"3 Darklings","floor":35.0,"turns":6.0},{"damage":19.0,"enemies":"Mind Bloom Boss Battle","floor":37.0,"turns":6.0},{"damage":0.0,"enemies":"3 Shapes","floor":38.0,"turns":6.0},{"damage":12.0,"enemies":"Writhing Mass","floor":39.0,"turns":6.0},{"damage":34.0,"enemies":"Nemesis","floor":41.0,"turns":7.0},{"damage":2.0,"enemies":"Maw","floor":44.0,"turns":8.0},{"damage":7.0,"enemies":"3 Darklings","floor":45.0,"turns":4.0},{"damage":13.0,"enemies":"4 Shapes","floor":46.0,"turns":12.0},{"damage":0,"enemies":"Reptomancer","floor":47,"turns":7},{"damage":44,"enemies":"Time Eater","floor":50,"turns":9}],"seed_played":"-1057293403900122159","potions_obtained":[{"floor":2.0,"key":"FocusPotion"},{"floor":5.0,"key":"LiquidMemories"},{"floor":11.0,"key":"Weak Potion"},{"floor":14.0,"key":"AttackPotion"},{"floor":16.0,"key":"PotionOfCapacity"},{"floor":18.0,"key":"Fruit Juice"},{"floor":20.0,"key":"Strength Potion"},{"floor":28.0,"key":"SteroidPotion"},{"floor":33.0,"key":"FocusPotion"},{"floor":37.0,"key":"AttackPotion"},{"floor":41.0,"key":"DuplicationPotion"},{"floor":47,"key":"FocusPotion"}],"is_trial":false,"path_per_floor":["M","M","?","M","M","R","M","R","T","?","M","M","$","E","R","B",null,"M","?","?","M","M","R","M","T","T","$","M","R","M","M","R","B",null,"M","?","?","M","M","R","E","R","T","M","M","M","E","T","R","B",null],"character_chosen":"DEFECT","items_purchased":["Frozen Egg 2","Boot","Static Discharge+1"],"campfire_rested":8,"item_purchase_floors":[13,27,27],"current_hp_per_floor":[69,67,64,62,53,53,44,66,66,66,48,48,48,42,64,43,75,60,60,60,25,25,49,15,15,15,15,15,39,38,6,30,30,80,54,54,35,41,35,53,25,43,43,47,46,39,45,45,60,19],"gold":359,"neow_bonus":"THREE_CARDS","is_daily":false,"chose_seed":false,"campfire_upgraded":1,"win_rate":0.0,"timestamp":1608889578,"path_taken":["M","M","?","M","M","R","M","R","T","?","?","M","$","E","R","BOSS","M","?","?","M","M","R","?","?","T","$","M","R","?","M","R","BOSS","M","?","?","M","M","R","E","R","T","M","M","M","E","?","R","BOSS"],"items_purchased_type":["Relic","Relic","Card"],"build_version":"2020-12-22","purchased_purges":0,"victory":true,"max_hp_per_floor":[75,75,75,75,75,75,75,75,75,75,75,75,75,75,75,75,75,80,80,80,80,80,80,80,80,80,80,80,80,80,80,80,80,80,80,80,60,60,60,60,60,60,60,60,60,60,60,60,60,60],"card_choices":[{"not_picked":["Genetic Algorithm","Auto Shields"],"picked":"Cold Snap","floor":0.0},{"not_picked":["White Noise","Leap"],"picked":"Storm","floor":1.0},{"not_picked":["Barrage","Tempest"],"picked":"Defragment","floor":2.0},{"not_picked":["Reinforced Body+1","Aggregate+1"],"picked":"Cold Snap","floor":4.0},{"not_picked":["Amplify+1","Stack+1"],"picked":"Conserve Battery+1","floor":5.0},{"not_picked":["Streamline","Turbo+1"],"picked":"Conserve Battery+1","floor":7.0},{"not_picked":["Lockon","Defragment"],"picked":"Capacitor","floor":11.0},{"not_picked":["Sunder","Chaos+1"],"picked":"Rebound","floor":12.0},{"not_picked":["Compile Driver","Streamline"],"picked":"Creative AI+1","floor":14.0},{"not_picked":["Biased Cognition+1","Buffer+1"],"picked":"Seek+1","floor":16.0},{"not_picked":["Heatsinks+1","Sweeping Beam+1"],"picked":"Conserve Battery+1","floor":18.0},{"not_picked":["Barrage","Reprogram+1"],"picked":"Conserve Battery+1","floor":21.0},{"not_picked":["Reprogram+1","Genetic Algorithm+1"],"picked":"Redo+1","floor":22.0},{"not_picked":["Ball Lightning","Reprogram+1"],"picked":"Stack+1","floor":24.0},{"not_picked":["Coolheaded+1","Conserve Battery+1"],"picked":"Chill+1","floor":28.0},{"not_picked":["Static Discharge+1","Redo+1"],"picked":"Loop+1","floor":30.0},{"not_picked":["Sunder","Genetic Algorithm+1"],"picked":"Conserve Battery+1","floor":31.0},{"not_picked":["Meteor Strike","Hyperbeam"],"picked":"Thunder Strike","floor":33.0},{"not_picked":["Go for the Eyes+1","Fusion+1"],"picked":"Redo+1","floor":35.0},{"not_picked":["Sweeping Beam+1","Streamline+1"],"picked":"Chill+1","floor":37.0},{"not_picked":["Reprogram+1","Rip and Tear"],"picked":"Steam+1","floor":38.0},{"not_picked":["Rebound+1","Compile Driver"],"picked":"Hologram+1","floor":39.0},{"not_picked":["Rip and Tear+1","Go for the Eyes+1"],"picked":"White Noise+1","floor":41.0},{"not_picked":["Skim+1","Compile Driver+1"],"picked":"Beam Cell+1","floor":44.0},{"not_picked":["Streamline+1","Sweeping Beam+1"],"picked":"Turbo+1","floor":45.0},{"not_picked":["Genetic Algorithm+1","Compile Driver+1"],"picked":"Streamline+1","floor":46.0},{"not_picked":["Multi-Cast+1","Ball Lightning+1"],"picked":"Static Discharge+1","floor":47}],"player_experience":142276,"relics_obtained":[{"floor":9.0,"key":"Happy Flower"},{"floor":14.0,"key":"infinitespire:CheckeredPen"},{"floor":17.0,"key":"infinitespire:BottledMercury"},{"floor":17.0,"key":"Tiny Chest"},{"floor":17.0,"key":"infinitespire:Golems Mask"},{"floor":25.0,"key":"Bag of Preparation"},{"floor":26.0,"key":"Centennial Puzzle"},{"floor":37.0,"key":"infinitespire:Lychee Nut"},{"floor":41.0,"key":"Molten Egg 2"},{"floor":43.0,"key":"Bottled Flame"},{"floor":47,"key":"The Courier"},{"floor":48,"key":"Bottled Lightning"}],"event_choices":[{"damage_healed":0.0,"max_hp_gain":0.0,"max_hp_loss":0.0,"gold_gain":0.0,"event_name":"Scrap Ooze","player_choice":"Success","floor":3.0,"gold_loss":0.0,"damage_taken":3.0,"relics_obtained":["Toxic Egg 2"]},{"damage_healed":0.0,"max_hp_gain":0.0,"max_hp_loss":0.0,"gold_gain":0.0,"event_name":"WeMeetAgain","player_choice":"Gave Potion","floor":10.0,"gold_loss":0.0,"damage_taken":0.0,"relics_obtained":["Pen Nib"]},{"damage_healed":0.0,"max_hp_gain":0.0,"max_hp_loss":0.0,"gold_gain":0.0,"event_name":"Ghosts","player_choice":"Ignored","floor":19.0,"gold_loss":0.0,"damage_taken":0.0},{"damage_healed":0.0,"max_hp_gain":0.0,"max_hp_loss":0.0,"gold_gain":0.0,"event_name":"Lab","player_choice":"Got Potions","floor":20.0,"gold_loss":0.0,"damage_taken":0.0},{"damage_healed":0.0,"max_hp_gain":0.0,"max_hp_loss":0.0,"gold_gain":0.0,"event_name":"MindBloom","player_choice":"Fight","floor":37.0,"gold_loss":0.0,"damage_taken":0.0}],"is_beta":false,"boss_relics":[{"not_picked":["Black Star","Coffee Dripper"],"picked":"Calling Bell"},{"not_picked":["infinitespire:Cupcake","Philosopher\u0027s Stone"],"picked":"Fusion Hammer"}],"items_purged_floors":[],"is_endless":false,"potions_floor_spawned":[2,5,11,14,16,18,21,28,33,37,39,41,47],"ascension_level":2}}