{"host":"2knyve8x3a5arpop","time":1608879272,"event":{"mods":["Abigail Mod","AchievementEnabler","Arknights The Spire","Ascension Reborn","BaseMod","BetterRewards","Colored Map","Colored Powertips","Conspire","Custom Start","Friendly Minions","Hermit","Hubris","Koishi","Lobotomy","Marisa£¨Ùöéë¡¡Øª×âÞÞ£©","Minty Spire (QoL Compilation)","Practice Mode","Quick Restart","RRrroohrrRGHHhhh!!","Replay The Spire","StSLib","Td1madao Mod","The Cursed","The Dragon Tamer","The Gatherer","The Hierophant","The Jungle","The Poker Player","The Runesmith"],"gold_per_floor":[115,115,129,145,145,173,173,205,205,23,33,33,33,49,49,151,151,169,169,169,24,41,72,72,92,92,92,92],"floor_reached":27,"playtime":2540,"items_purged":["ats:Strike V"],"score":241,"play_id":"1496fb33-88d9-4dd7-9f93-10c27c62d354","local_time":"20201225155432","is_ascension_mode":true,"campfire_choices":[{"floor":7,"key":"RECALL"},{"data":"Apotheosis","floor":12,"key":"SMITH"},{"floor":15,"key":"REST"},{"floor":24,"key":"REST"}],"circlet_count":0,"master_deck":["ats:Strike C","ats:Strike S","ats:Armor Crushing Shot","ats:Defend","ats:Defend","ats:Defend","ats:Defend","ats:Emotion Absorption+1","ats:Revitalization+1","ats:Ignite","ats:Shell Defense","ats:Thermite Blade","ats:Assault Order+1","Apotheosis+1","ats:Apocalypse","Fire Up","Backup","ats:Spore Proliferation","ats:Thorns","ats:Song Of Battle","ats:Neurotoxin"],"relics":["ats:Sanity Plus","ats:Originium","Quantum Egg","ats:Originium","hubris:DisguiseKit","Replay:Bottled Eggs","ats:Originium","conspire:TopHat","hubris:TinFlute"],"acts_visited":["Exordium","theJungle:Jungle"],"potions_floor_usage":[8,16,23,23],"damage_taken":[{"damage":0,"enemies":"conspire:RoseBush","floor":1,"turns":5},{"damage":12,"enemies":"Small Slimes","floor":3,"turns":7},{"damage":8,"enemies":"2 Louse","floor":4,"turns":6},{"damage":94,"enemies":"3 Sentries","floor":6,"turns":20},{"damage":100,"enemies":"Lagavulin","floor":8,"turns":14},{"damage":4,"enemies":"Looter","floor":11,"turns":4},{"damage":26,"enemies":"Exordium Thugs","floor":14,"turns":7},{"damage":86,"enemies":"Slime Boss","floor":16,"turns":18},{"damage":59,"enemies":"Shell Parasite","floor":18,"turns":10},{"damage":54,"enemies":"theJungle:GiantWrat","floor":22,"turns":10},{"damage":91,"enemies":"theJungle:MamaSnecko","floor":23,"turns":12},{"damage":47,"enemies":"theJungle:Lyon","floor":25,"turns":8},{"damage":22,"enemies":"theJungle:Snecko_Cultist_And_Trap","floor":27,"turns":2}],"seed_played":"-1679817823026667913","potions_obtained":[{"floor":3,"key":"DistilledChaos"},{"floor":14,"key":"Reflective Coating"},{"floor":16,"key":"DuplicationPotion"},{"floor":22,"key":"LiquidMemories"}],"is_trial":false,"path_per_floor":["M","?","M","M","?","E","R","E","T","$","M","R","?","M","R","B",null,"M","?","?","$","M","E","R","M","T","M"],"character_chosen":"DOCTOR_CLASS","items_purchased":["Apotheosis","ats:Thorns"],"campfire_rested":2,"item_purchase_floors":[10,21],"current_hp_per_floor":[72,72,70,72,72,72,72,72,72,72,68,68,68,61,72,44,72,72,72,72,72,67,13,34,14,14,0,0],"gold":92,"neow_bonus":"UPGRADE_CARD","is_daily":false,"chose_seed":false,"campfire_upgraded":1,"win_rate":0.0,"timestamp":1608879272,"path_taken":["M","?","M","M","?","E","R","E","T","$","M","R","?","M","R","BOSS","M","?","?","$","?","E","R","M","T","M"],"items_purchased_type":["Card","Card"],"build_version":"2020-12-22","purchased_purges":1,"victory":false,"max_hp_per_floor":[72,72,72,72,72,72,72,72,72,72,72,72,72,72,72,72,72,72,72,72,72,72,72,72,72,72,72,72],"card_choices":[{"not_picked":["ats:Powerful Strike","ats:Leaping Hammer"],"picked":"ats:Revitalization","floor":1},{"not_picked":["ats:Curse Doll","ats:Hammer On"],"picked":"ats:Ignite","floor":3},{"not_picked":["ats:Counter Healing Mode","ats:Powerful Strike"],"picked":"ats:Shell Defense","floor":4},{"not_picked":["ats:Collapsing Strike","ats:Roar Of Ursus"],"picked":"ats:Thermite Blade","floor":6},{"not_picked":["ats:Hammer On","ats:Consecutive Shot Auto"],"picked":"ats:Assault Order","floor":8},{"not_picked":["ats:Spore Proliferation","ats:Shell Defense","Gravity Defend"],"picked":"ats:Apocalypse","floor":11},{"not_picked":["ats:Cat Scratch","ats:Powerful Strike","ats:Poison Spread"],"picked":"Fire Up","floor":14},{"not_picked":["ats:True Silver Slash","ats:Volcano","ats:Dogmatic Field"],"picked":"Backup","floor":16},{"not_picked":["ats:Cat Scratch+1","ats:Poison Spread+1","Fixing"],"picked":"ats:Spore Proliferation","floor":18},{"not_picked":["ats:LN2 Cannon","ats:Sunburst","Fixing"],"picked":"ats:Song Of Battle","floor":22},{"not_picked":["ats:Guardian Obelisk","ats:Assault Order+1","ats:Flexible Camouflage","Memory Alloy"],"picked":"SKIP","floor":23},{"not_picked":["ats:Leaping Hammer","ats:Blood Oath","Black Dance"],"picked":"ats:Neurotoxin","floor":25}],"player_experience":466488,"relics_obtained":[{"floor":6,"key":"ats:Originium"},{"floor":6,"key":"Quantum Egg"},{"floor":8,"key":"ats:Originium"},{"floor":8,"key":"hubris:DisguiseKit"},{"floor":9,"key":"Replay:Bottled Eggs"},{"floor":23,"key":"ats:Originium"},{"floor":23,"key":"conspire:TopHat"},{"floor":26,"key":"hubris:TinFlute"}],"event_choices":[{"damage_healed":0,"gold_gain":0,"player_choice":"Grow","damage_taken":0,"max_hp_gain":0,"max_hp_loss":0,"event_name":"Living Wall","floor":2,"gold_loss":0,"cards_upgraded":["ats:Revitalization"]},{"damage_healed":0,"gold_gain":0,"player_choice":"Ignored","damage_taken":0,"max_hp_gain":0,"max_hp_loss":0,"event_name":"NoteForYourself","floor":20,"gold_loss":0}],"is_beta":false,"boss_relics":[{"not_picked":["Runesmith:UraniumAnvil","ReplayTheSpireMod:DimensionalGlitch"],"picked":"ats:Sanity Plus"}],"items_purged_floors":[21],"is_endless":false,"potions_floor_spawned":[3,14,16,22],"killed_by":"theJungle:Snecko_Cultist_And_Trap","ascension_level":0}}