{"host":"jewdtr7eremy7cl3","time":1608869663,"event":{"mods":["ATMod(阿瑾Mod)","Act Like it!","BaseMod","Dota2Spire","Gensokyo","Lobotomy","LobotomyExtend","Minty Spire (QoL Compilation)","Remilia（蕾米莉亚）","Spicy Shops","StSLib","The Alterego","The Forsaken","The Servant 0.9.4","TheWitcher","WarShipGirlsR/战舰少女R mod","【东方二次创作】八云紫mod","残留之物"],"gold_per_floor":[271,271,103,103,103,131,142,162,162,179,179,179,195,205,205,409,409,423,423,423,443,66,66,199,211,211,411,425,425,163,177,177,273,273,286,138,151,316,336,469,469,488,563,2,0,0,0,15,15,15,15],"floor_reached":50,"playtime":4851,"items_purged":[],"score":719,"play_id":"3959bd13-a359-4607-a7d2-a745ee2a7a2d","local_time":"20201225121423","is_ascension_mode":false,"campfire_choices":[{"floor":12,"key":"REST"},{"floor":15,"key":"REST"},{"data":"MurderousAura","floor":23,"key":"SMITH"},{"floor":29,"key":"REST"},{"floor":32,"key":"REST"},{"floor":41,"key":"REST"},{"floor":47,"key":"REST"},{"floor":49,"key":"REST"}],"circlet_count":0,"master_deck":["Strike_S","Strike_S","Strike_S","Strike_S","Defend_S","Defend_S","Defend_S","Defend_S","KidneyShot","Exchange","UniverseFragment","Desolation","Spin","Luminosity","ShatteredReality","OSAHOGD","LightFlow","Wellcheers","Ricochet","SingingMachine","Ricochet","LongBird","Snipe","ShyLook","Deny","MHz","Ricochet","Bloodbath","MurderousAura+1","OldLady","Revamp","SoulSculpture","Read","Gensokyo:MissMary","SilentOrchestra","Potential","RedShoes","RealityMarble+1","BlackSwan","Misdirection","Scorched","ShiftingGears","Sabotage","Potential+1","KillingDoll","Freischutz","Potential","TimeWarp","ShiftingGears+1","LaLuna","Initiator","Starlight+1","Ricochet+1","Manipulate","Desolation","DualDimension","TimeWarp+1","Rudolta","Reset"],"relics":["Uniform","AT_ATBox","CogitoBucket","LetterFromLob","Lee\u0027s Waffle","AT_TheCollector","Gensokyo:NagashiBinaDoll","Lantern","PlaceholderMod:DaolothFragment","Gensokyo:LunaticRedEyes","AspirationHeart","AT_TrinityForce","Pan","CaptainsWheel","SkinProphecy","Ginger","Dota2Spire:HeartOfTarrasque","Torii","Dota2Spire:ArcaneBoots","AT_ChloranthyRing","Dota2Spire:Bloodstone","TreeSap","AtMidnight","Strange Spoon","Dota2Spire:EyeOfSkadi","theForsaken:HumbleEgg","Dota2Spire:DivineRapier","Membership Card","Dota2Spire:DrumOfEndurance","Nunchaku","Toolbox","Red Mask"],"acts_visited":["Gensokyo:Gensokyo","Gensokyo:Gensokyoer","TheBeyond"],"potions_floor_usage":[16,31,35],"damage_taken":[{"damage":9,"enemies":"Gensokyo:Python","floor":1,"turns":3},{"damage":13,"enemies":"Gensokyo:Cirno","floor":6,"turns":5},{"damage":0,"enemies":"Gensokyo:3_Fairies","floor":7,"turns":2},{"damage":7,"enemies":"Gensokyo:Gryphon","floor":8,"turns":3},{"damage":12,"enemies":"Gensokyo:CorruptedTreant","floor":10,"turns":2},{"damage":14,"enemies":"Gensokyo:2_Rabbits","floor":13,"turns":3},{"damage":4,"enemies":"Gensokyo:Python_and_Kodama","floor":14,"turns":2},{"damage":7,"enemies":"Gensokyo:Kokoro","floor":16,"turns":7},{"damage":4,"enemies":"Gensokyo:2_Gloops","floor":18,"turns":2},{"damage":6,"enemies":"Gensokyo:Chomper","floor":21,"turns":3},{"damage":0,"enemies":"Gensokyo:Tenshi","floor":24,"turns":2},{"damage":33,"enemies":"Gensokyo:Slime_Group","floor":25,"turns":4},{"damage":11,"enemies":"Gensokyo:Slime_Group","floor":27,"turns":5},{"damage":2,"enemies":"Gensokyo:Wraith","floor":28,"turns":3},{"damage":1,"enemies":"Gensokyo:Swordslinger","floor":31,"turns":2},{"damage":46,"enemies":"Gensokyo:Kaguya","floor":33,"turns":7},{"damage":23,"enemies":"Orb Walker","floor":35,"turns":8},{"damage":13,"enemies":"3 Shapes","floor":37,"turns":2},{"damage":5,"enemies":"Spire Growth","floor":38,"turns":3},{"damage":3,"enemies":"Maw","floor":39,"turns":4},{"damage":27,"enemies":"Giant Head","floor":40,"turns":6},{"damage":0,"enemies":"Jaw Worm Horde","floor":42,"turns":2},{"damage":1,"enemies":"3 Darklings","floor":48,"turns":1},{"damage":112,"enemies":"Awakened One","floor":50,"turns":2}],"seed_played":"-5946184053386091303","potions_obtained":[{"floor":6,"key":"BlessingOfTheForge"},{"floor":8,"key":"Block Potion"},{"floor":10,"key":"Block Potion"},{"floor":13,"key":"Strength Potion"},{"floor":16,"key":"Explosive Potion"},{"floor":28,"key":"PowerPotion"},{"floor":31,"key":"Dexterity Potion"},{"floor":33,"key":"Energy Potion"},{"floor":37,"key":"Explosive Potion"},{"floor":48,"key":"Energy Potion"}],"is_trial":false,"path_per_floor":["M","?","$","?","?","E","M","M","T","M","?","R","M","M","R","B",null,"M","?","?","M","COS","R","E","M","T","?","M","R","$","M","R","B",null,"M","$","M","M","M","E","R","M","T","$","?","?","R","M","R","B"],"character_chosen":"THE_SERVANT","items_purchased":["Lee\u0027s Waffle","ShatteredReality","Dota2Spire:ArcaneBoots","AT_ChloranthyRing","Sabotage","Strange Spoon","Dota2Spire:DivineRapier","Membership Card","Manipulate","Dota2Spire:DrumOfEndurance","Nunchaku","Toolbox","Desolation","DualDimension","TimeWarp+1"],"campfire_rested":7,"item_purchase_floors":[3,3,30,30,30,36,44,44,44,44,44,44,44,44,44],"current_hp_per_floor":[56,56,72,58,58,45,45,41,41,29,29,50,46,45,69,62,82,78,78,78,73,73,73,74,41,41,35,29,57,57,52,80,35,98,75,75,59,61,58,36,70,67,67,67,67,56,91,86,119,0,0],"gold":15,"neow_bonus":"","is_daily":false,"chose_seed":false,"campfire_upgraded":1,"win_rate":0.0,"timestamp":1608869663,"path_taken":["M","?","?","?","?","E","M","?","T","M","?","R","M","M","R","BOSS","M","?","?","M","COS","R","E","M","T","?","M","R","?","M","R","BOSS","M","$","M","M","?","E","R","M","T","$","?","?","R","M","R","BOSS"],"items_purchased_type":["Relic","Card","Relic","Relic","Card","Relic","Relic","Relic","Card","Relic","Relic","Relic","Card","Card","Card"],"build_version":"2020-12-22","purchased_purges":0,"victory":false,"max_hp_per_floor":[65,65,72,72,72,72,72,72,72,72,72,72,82,82,82,82,82,82,82,82,82,82,82,82,82,82,92,94,94,94,96,96,98,98,102,102,104,106,108,115,115,117,117,117,117,117,117,119,119,123,123],"card_choices":[{"not_picked":["VoidDream","LongBird"],"picked":"UniverseFragment","floor":1},{"not_picked":["DoubleEdge","Unruled"],"picked":"Desolation","floor":1},{"not_picked":["Barrier","Unruled"],"picked":"Spin","floor":2},{"not_picked":["Potential","Foresight"],"picked":"Luminosity","floor":2},{"not_picked":["SnowQueen","CherryBlossoms"],"picked":"OSAHOGD","floor":6},{"not_picked":["Defy","Alleviate"],"picked":"LightFlow","floor":6},{"not_picked":["Alriune","VoidDream"],"picked":"Wellcheers","floor":7},{"not_picked":["ShatteredReality","DoubleEdge"],"picked":"Ricochet","floor":7},{"not_picked":["CrumblingArmor","CherryBlossoms","Murderer"],"picked":"Singing Bowl","floor":8},{"not_picked":["WallGazer","GalaxyChild"],"picked":"SingingMachine","floor":8},{"not_picked":["BottledTime","Unruled"],"picked":"Ricochet","floor":8},{"not_picked":["GreedKing","FieryBird"],"picked":"LongBird","floor":10},{"not_picked":["Defy","TimeWarp"],"picked":"Snipe","floor":10},{"not_picked":["MeatLantern","CherryBlossoms"],"picked":"ShyLook","floor":13},{"not_picked":["Unruled","BottledTime"],"picked":"Deny","floor":13},{"not_picked":["Murderer","MeltingLove","CherryBlossoms"],"picked":"Singing Bowl","floor":14},{"not_picked":["RedShoes","BlackSwan"],"picked":"MHz","floor":14},{"not_picked":["FastForward","BottledTime"],"picked":"Ricochet","floor":14},{"not_picked":["LittleHelper","Mercenary"],"picked":"Bloodbath","floor":16},{"not_picked":["FlawlessForm","Sunlight"],"picked":"MurderousAura","floor":16},{"not_picked":["VoidDream","SnowQueen","HeroicMonk"],"picked":"Singing Bowl","floor":18},{"not_picked":["Mercenary","DreamingCurrent"],"picked":"OldLady","floor":18},{"not_picked":["Ricochet","DoubleEdge"],"picked":"Revamp","floor":18},{"not_picked":[],"picked":"SoulSculpture","floor":20},{"not_picked":["VoidDream","SpiderBud","Woodsman"],"picked":"Singing Bowl","floor":21},{"not_picked":["Rewind","Replace"],"picked":"Read","floor":21},{"not_picked":["FieryBird","VoidDream"],"picked":"SilentOrchestra","floor":24},{"not_picked":["BottledTime+1","FastForward"],"picked":"Potential","floor":24},{"not_picked":["BigBird","Freischutz","VoidDream"],"picked":"Singing Bowl","floor":25},{"not_picked":["GreedKing","FairyFestival"],"picked":"RedShoes","floor":25},{"not_picked":["GearUp+1","FastForward"],"picked":"RealityMarble+1","floor":25},{"not_picked":["Variant","MeatLantern"],"picked":"BlackSwan","floor":27},{"not_picked":["Rewind","Rearm"],"picked":"Misdirection","floor":27},{"not_picked":["WhitesApple","SpiderBud","QueenBee"],"picked":"Singing Bowl","floor":28},{"not_picked":["SpiderBud","Porccubus"],"picked":"Scorched","floor":28},{"not_picked":["Deny","Gouge"],"picked":"ShiftingGears","floor":28},{"not_picked":["MeatLantern","Laetitia","BigBird"],"picked":"Singing Bowl","floor":31},{"not_picked":["Revamp+1","DoubleEdge"],"picked":"Potential+1","floor":31},{"not_picked":["GalaxyChild","BigBadWolf","Murderer"],"picked":"Singing Bowl","floor":33},{"not_picked":["ForgedInTime","Deny"],"picked":"KillingDoll","floor":33},{"not_picked":["Murderer","BodiesMountain"],"picked":"Freischutz","floor":35},{"not_picked":["Sabotage+1","Replace+1"],"picked":"Potential","floor":35},{"not_picked":["Scarecrow","PunishingBird","Porccubus"],"picked":"Singing Bowl","floor":37},{"not_picked":["Defy+1","DualDimension"],"picked":"TimeWarp","floor":37},{"not_picked":["PunishingBird","GalaxyChild","Alriune"],"picked":"Singing Bowl","floor":38},{"not_picked":["Rearm","Unruled"],"picked":"ShiftingGears+1","floor":38},{"not_picked":["Yin","WhitesApple","QueenOfHatred"],"picked":"Singing Bowl","floor":39},{"not_picked":["LittleHelper","DreamingCurrent"],"picked":"LaLuna","floor":39},{"not_picked":["StarChef+1","ReturningBlade+1"],"picked":"Initiator","floor":39},{"not_picked":["BlueStar","Alriune","BlackArmy"],"picked":"Singing Bowl","floor":40},{"not_picked":["Alleviate","Replace+1"],"picked":"Starlight+1","floor":40},{"not_picked":["Laetitia","PunishingBird","Funeral"],"picked":"Singing Bowl","floor":42},{"not_picked":["Revamp+1","Barrier"],"picked":"Ricochet+1","floor":42},{"not_picked":["Murderer","Funeral"],"picked":"Rudolta","floor":48},{"not_picked":["Ricochet+1","DoubleEdge+1"],"picked":"Reset","floor":48}],"player_experience":126540,"relics_obtained":[{"floor":1,"key":"LetterFromLob"},{"floor":6,"key":"Lantern"},{"floor":9,"key":"PlaceholderMod:DaolothFragment"},{"floor":24,"key":"CaptainsWheel"},{"floor":26,"key":"Ginger"},{"floor":27,"key":"Dota2Spire:HeartOfTarrasque"},{"floor":27,"key":"Torii"},{"floor":35,"key":"AtMidnight"},{"floor":40,"key":"Dota2Spire:EyeOfSkadi"},{"floor":43,"key":"theForsaken:HumbleEgg"}],"event_choices":[{"damage_healed":0,"gold_gain":0,"player_choice":"Paid","damage_taken":0,"relics_obtained":["Red Mask"],"max_hp_gain":0,"max_hp_loss":0,"event_name":"Tomb of Lord Red Mask","floor":45,"gold_loss":2},{"damage_healed":0,"gold_gain":0,"player_choice":"Damaged","damage_taken":11,"max_hp_gain":0,"max_hp_loss":0,"event_name":"Wheel of Change","floor":46,"gold_loss":0}],"is_beta":false,"boss_relics":[{"not_picked":["Astrolabe","MysterySword"],"picked":"AT_TrinityForce"},{"not_picked":["Coffee Dripper","Snecko Eye"],"picked":"Dota2Spire:Bloodstone"}],"items_purged_floors":[],"is_endless":false,"potions_floor_spawned":[6,8,10,13,16,28,31,33,37,38,39,48],"killed_by":"Awakened One","ascension_level":0}}