{"host":"zxkjcgzis4pm3za5","time":1608873524,"event":{"mods":["AchievementEnabler","BaseMod","Colored Map","Colored Powertips","Minty Spire (QoL Compilation)","Quick Restart","RNG Fix","Random Character Button","StSLib"],"gold_per_floor":[214,214,214,234,234,266,266,285,336,352,352,385,385,4,4,4,4],"floor_reached":16,"playtime":545,"items_purged":[],"score":162,"play_id":"1db39498-6f7d-4ee4-9ddd-4bd967620ab9","local_time":"20201225104844","is_ascension_mode":true,"campfire_choices":[{"data":"Neutralize","floor":7,"key":"SMITH"},{"floor":11,"key":"REST"},{"data":"Bouncing Flask","floor":15,"key":"SMITH"}],"circlet_count":0,"master_deck":["AscendersBane","Strike_G","Strike_G","Strike_G","Strike_G+1","Strike_G","Defend_G+1","Defend_G","Defend_G","Defend_G","Defend_G","Survivor","Neutralize+1","Noxious Fumes+1","Bane","Poisoned Stab","Dodge and Roll","Deadly Poison","Bouncing Flask+1","Escape Plan","Good Instincts"],"relics":["Ring of the Snake","Incense Burner","Regal Pillow","Bottled Flame","Golden Idol","Kunai"],"acts_visited":["Exordium"],"potions_floor_usage":[],"damage_taken":[{"damage":7,"enemies":"Small Slimes","floor":1,"turns":8},{"damage":2,"enemies":"Cultist","floor":4,"turns":5},{"damage":21,"enemies":"3 Sentries","floor":6,"turns":7},{"damage":0,"enemies":"2 Louse","floor":8,"turns":3},{"damage":3,"enemies":"Blue Slaver","floor":10,"turns":4},{"damage":8,"enemies":"Lagavulin","floor":12,"turns":6},{"damage":53,"enemies":"Slime Boss","floor":16,"turns":8}],"seed_played":"-3748331837993473783","potions_obtained":[{"floor":6,"key":"BlessingOfTheForge"},{"floor":8,"key":"Strength Potion"}],"is_trial":false,"path_per_floor":["M","?","?","M","?","E","R","M","T","M","R","E","?","$","R","B"],"character_chosen":"THE_SILENT","items_purchased":["Kunai","Escape Plan","Good Instincts"],"campfire_rested":1,"item_purchase_floors":[14,14,14],"current_hp_per_floor":[56,61,46,44,44,23,23,23,23,20,57,49,49,49,49,0,0],"gold":4,"neow_bonus":"HUNDRED_GOLD","is_daily":false,"chose_seed":false,"campfire_upgraded":2,"win_rate":0.0,"timestamp":1608873524,"path_taken":["M","?","?","M","?","E","R","M","T","M","R","E","?","$","R","BOSS"],"items_purchased_type":["Relic","Card","Card"],"build_version":"2020-12-22","purchased_purges":0,"victory":false,"max_hp_per_floor":[70,75,75,75,75,75,75,75,75,75,75,75,69,69,69,69,69],"card_choices":[{"not_picked":["Predator","Poisoned Stab"],"picked":"Noxious Fumes","floor":1},{"not_picked":["Dagger Throw","Underhanded Strike"],"picked":"Bane","floor":4},{"not_picked":["Dodge and Roll","Bane"],"picked":"Poisoned Stab","floor":6},{"not_picked":["Dagger Throw","Blade Dance"],"picked":"Dodge and Roll","floor":8},{"not_picked":["Outmaneuver","Dagger Throw"],"picked":"Deadly Poison","floor":10},{"not_picked":["Caltrops","Escape Plan"],"picked":"Bouncing Flask","floor":12}],"player_experience":142834,"relics_obtained":[{"floor":6,"key":"Incense Burner"},{"floor":9,"key":"Regal Pillow"},{"floor":12,"key":"Bottled Flame"}],"event_choices":[{"damage_healed":0,"gold_gain":0,"player_choice":"Donut","damage_taken":0,"max_hp_gain":5,"max_hp_loss":0,"event_name":"Big Fish","floor":2,"gold_loss":0},{"damage_healed":0,"gold_gain":0,"player_choice":"Entered Light","damage_taken":15,"max_hp_gain":0,"max_hp_loss":0,"event_name":"Shining Light","floor":3,"gold_loss":0,"cards_upgraded":["Strike_G","Defend_G"]},{"damage_healed":0,"gold_gain":0,"player_choice":"Upgraded","damage_taken":0,"max_hp_gain":0,"max_hp_loss":0,"event_name":"Upgrade Shrine","floor":5,"gold_loss":0,"cards_upgraded":["Noxious Fumes"]},{"damage_healed":0,"gold_gain":0,"player_choice":"Lose Max HP","damage_taken":0,"relics_obtained":["Golden Idol"],"max_hp_gain":0,"max_hp_loss":6,"event_name":"Golden Idol","floor":13,"gold_loss":0}],"is_beta":false,"boss_relics":[],"items_purged_floors":[],"is_endless":false,"potions_floor_spawned":[6,8],"killed_by":"Slime Boss","ascension_level":10}}