{"host":"6xsbn6ynqlzwllfm","time":1608919537,"event":{"mods":["2.2 Compatiblity","BaseMod","Bestiary","Colored Map","Colored Powertips","Curses Come First","Downfall","Highlight Path","Keyboard Shortcuts","Minty Spire (QoL Compilation)","Quick Restart","Relic Stats","Slay the Relics Exporter","StSLib","SuperFastMode"],"gold_per_floor":[119,131,406,39,51,86,86,113,113,113,139,158,158,170,170,170,170],"floor_reached":16,"playtime":264,"items_purged":[],"score":220,"play_id":"2a77cb56-08c9-46cd-8baa-50b7e714c2a2","local_time":"20201225130537","is_ascension_mode":true,"campfire_choices":[{"data":"Immolate","floor":7,"key":"SMITH"},{"data":"True Grit","floor":13,"key":"SMITH"},{"data":"Disarm","floor":15,"key":"SMITH"}],"circlet_count":0,"master_deck":["AscendersBane","Strike_R","Strike_R","Strike_R","Strike_R","Strike_R","Defend_R","Defend_R","Defend_R","Defend_R","Bash","Headbutt","True Grit+1","Regret","True Grit","Immolate+1","Disarm+1","Shrug It Off"],"relics":["Burning Blood","NeowsBlessing","Du-Vu Doll","Mummified Hand","Odd Mushroom","Bottled Flame","Omamori","Dream Catcher"],"acts_visited":["Exordium"],"potions_floor_usage":[16],"damage_taken":[{"damage":0,"enemies":"Cultist","floor":1,"turns":1},{"damage":0,"enemies":"Small Slimes","floor":2,"turns":1},{"damage":0,"enemies":"Jaw Worm","floor":5,"turns":1},{"damage":37,"enemies":"Lagavulin","floor":6,"turns":6},{"damage":19,"enemies":"The Mushroom Lair","floor":8,"turns":4},{"damage":13,"enemies":"3 Sentries","floor":11,"turns":3},{"damage":0,"enemies":"Gremlin Gang","floor":12,"turns":1},{"damage":0,"enemies":"Lots of Slimes","floor":14,"turns":1},{"damage":52,"enemies":"Hexaghost","floor":16,"turns":12}],"seed_played":"-8684450112351976472","potions_obtained":[{"floor":2,"key":"BloodPotion"},{"floor":11,"key":"Dexterity Potion"}],"is_trial":false,"path_per_floor":["M","M","?","$","M","E","R","?","T","?","E","M","R","M","R","B"],"character_chosen":"IRONCLAD","items_purchased":["Du-Vu Doll","True Grit"],"campfire_rested":0,"item_purchase_floors":[4,4],"current_hp_per_floor":[74,75,75,75,75,44,44,31,31,31,24,30,30,36,36,0,0],"gold":170,"neow_bonus":"THREE_ENEMY_KILL","is_daily":false,"chose_seed":false,"campfire_upgraded":3,"win_rate":0.0,"timestamp":1608919537,"path_taken":["M","M","?","$","?","E","R","?","T","?","E","M","R","M","R","BOSS"],"items_purchased_type":["Relic","Card"],"build_version":"2020-12-22","purchased_purges":0,"victory":false,"max_hp_per_floor":[75,75,75,75,75,75,75,75,75,75,75,75,75,75,75,75,75],"relic_stats":{"Dream Catcher":0,"counters":[9,30],"Mummified Hand":[0],"obtain_stats":[{"Du-Vu Doll":4,"Bottled Flame":9,"Dream Catcher":11,"NeowsBlessing":0,"Mummified Hand":6,"Omamori":10,"Odd Mushroom":8,"Burning Blood":0},{"Du-Vu Doll":2,"Bottled Flame":5,"Dream Catcher":6,"NeowsBlessing":0,"Mummified Hand":4,"Omamori":5,"Odd Mushroom":5,"Burning Blood":0},{"Du-Vu Doll":2,"Bottled Flame":13,"Dream Catcher":16,"NeowsBlessing":0,"Mummified Hand":9,"Omamori":13,"Odd Mushroom":13,"Burning Blood":0}],"Burning Blood":37},"card_choices":[{"not_picked":["Flex","Body Slam"],"picked":"Headbutt","floor":1},{"not_picked":["Sword Boomerang","Flex"],"picked":"True Grit","floor":2},{"not_picked":["Infernal Blade","Headbutt"],"picked":"Immolate","floor":5},{"not_picked":["Sentinel","Limit Break"],"picked":"Disarm","floor":6},{"not_picked":["Inflame","Entrench"],"picked":"Shrug It Off","floor":8}],"player_experience":1257471,"relics_obtained":[{"floor":6,"key":"Mummified Hand"},{"floor":8,"key":"Odd Mushroom"},{"floor":9,"key":"Bottled Flame"},{"floor":10,"key":"Omamori"},{"floor":11,"key":"Dream Catcher"}],"event_choices":[{"damage_healed":0,"gold_gain":275,"player_choice":"Desecrate","damage_taken":0,"max_hp_gain":0,"max_hp_loss":0,"event_name":"Golden Shrine","floor":3,"gold_loss":0,"cards_obtained":["Regret"]},{"damage_healed":0,"gold_gain":0,"player_choice":"Fought Mushrooms","damage_taken":0,"max_hp_gain":0,"max_hp_loss":0,"event_name":"Mushrooms","floor":8,"gold_loss":0},{"damage_healed":0,"gold_gain":0,"player_choice":"Relic","damage_taken":0,"max_hp_gain":0,"max_hp_loss":0,"event_name":"Wheel of Change","floor":10,"gold_loss":0}],"is_beta":false,"boss_relics":[],"items_purged_floors":[],"is_endless":false,"potions_floor_spawned":[2,11],"killed_by":"Hexaghost","ascension_level":20}}