{"host":"9som2zyqy2qnw00t","time":1608878919,"event":{"mods":["BaseMod","Colored Map","Colored Powertips","Downfall","Googly Eyes","Highlight Path","Minty Spire (QoL Compilation)","StSLib"],"gold_per_floor":[213,173,193,193,210,245,245,271,271,287,287,287,135,135,135,232,232,220,234,234,234,234],"floor_reached":21,"playtime":2122,"items_purged":["Strike_R"],"score":215,"play_id":"ac1257c7-c7f4-453d-bd96-20552e1eebc3","local_time":"20201225004839","is_ascension_mode":true,"campfire_choices":[{"floor":7.0,"key":"REST"},{"floor":11.0,"key":"REST"},{"data":"Ghostly Armor","floor":15.0,"key":"SMITH"}],"circlet_count":0,"master_deck":["Strike_R+1","Strike_R","Strike_R","Strike_R","Defend_R+1","Defend_R","Defend_R+1","Defend_R+1","Bash","Evolve","Pommel Strike","Pommel Strike","Demon Form+1","Ghostly Armor+1","Feed","Battle Trance"],"relics":["Burning Blood","Darkstone Periapt","Omamori","War Paint","Frozen Egg 2","SlaversCollar"],"acts_visited":["TheCity"],"potions_floor_usage":[18,19],"damage_taken":[{"damage":6.0,"enemies":"Cultist","floor":1.0,"turns":4.0},{"damage":2.0,"enemies":"2 Louse","floor":3.0,"turns":3.0},{"damage":9.0,"enemies":"Jaw Worm","floor":5.0,"turns":6.0},{"damage":24.0,"enemies":"Gremlin Nob","floor":6.0,"turns":4.0},{"damage":45.0,"enemies":"3 Sentries","floor":8.0,"turns":11.0},{"damage":12.0,"enemies":"Looter","floor":10.0,"turns":4.0},{"damage":27.0,"enemies":"Slime Boss","floor":16.0,"turns":7.0},{"damage":22,"enemies":"2 Thieves","floor":18,"turns":4},{"damage":42,"enemies":"Spheric Guardian","floor":19,"turns":7},{"damage":10,"enemies":"Shelled Parasite and Fungi","floor":21,"turns":3}],"seed_played":"-199137149170522217","potions_obtained":[{"floor":1.0,"key":"Ancient Potion"},{"floor":2.0,"key":"FairyPotion"},{"floor":2.0,"key":"BlessingOfTheForge"},{"floor":16.0,"key":"HeartOfIron"},{"floor":18,"key":"Explosive Potion"}],"is_trial":false,"path_per_floor":["M","?","M","T","M","E","R","E","T","M","R","?","$","?","R","B",null,"M","M","?","M"],"character_chosen":"IRONCLAD","items_purchased":["Ghostly Armor"],"campfire_rested":2,"item_purchase_floors":[13],"current_hp_per_floor":[80,80,80,80,77,59,80,41,41,35,59,43,43,69,69,48,80,64,28,54,44,44],"gold":234,"neow_bonus":"HUNDRED_GOLD","is_daily":false,"chose_seed":false,"campfire_upgraded":1,"win_rate":0.0,"timestamp":1608878919,"path_taken":["M","?","?","?","M","E","R","E","T","M","R","?","?","?","R","BOSS","M","M","?","M"],"items_purchased_type":["Card"],"build_version":"2020-12-22","purchased_purges":1,"victory":false,"max_hp_per_floor":[80,80,80,80,80,80,80,80,80,80,80,80,80,80,80,80,80,80,80,80,80,80],"card_choices":[{"not_picked":["Heavy Blade","Warcry","Twin Strike"],"picked":"SKIP","floor":1.0},{"not_picked":["Cleave","Intimidate"],"picked":"Evolve","floor":3.0},{"not_picked":["Flex","Entrench"],"picked":"Pommel Strike","floor":5.0},{"not_picked":["Anger","Warcry"],"picked":"Pommel Strike","floor":6.0},{"not_picked":["Twin Strike","Anger","Sword Boomerang"],"picked":"SKIP","floor":8.0},{"not_picked":["Combust+1","Heavy Blade"],"picked":"Demon Form+1","floor":10.0},{"not_picked":["Bludgeon","Impervious"],"picked":"Feed","floor":16.0},{"not_picked":["Body Slam+1","Sever Soul"],"picked":"Battle Trance","floor":18},{"not_picked":["Body Slam","Clash+1","Havoc"],"picked":"SKIP","floor":19}],"player_experience":250923,"relics_obtained":[{"floor":4.0,"key":"Darkstone Periapt"},{"floor":6.0,"key":"Omamori"},{"floor":8.0,"key":"War Paint"},{"floor":9.0,"key":"Frozen Egg 2"}],"event_choices":[{"damage_healed":0.0,"max_hp_gain":0.0,"max_hp_loss":0.0,"gold_gain":0.0,"event_name":"The Woman in Blue","player_choice":"Bought 3 Potions","floor":2.0,"gold_loss":0.0,"damage_taken":0.0},{"damage_healed":0.0,"max_hp_gain":0.0,"max_hp_loss":0.0,"gold_gain":0.0,"event_name":"Shining Light","player_choice":"Entered Light","floor":12.0,"gold_loss":0.0,"damage_taken":16.0,"cards_upgraded":["Strike_R","Defend_R"]},{"damage_healed":26.0,"max_hp_gain":0.0,"max_hp_loss":0.0,"gold_gain":0.0,"event_name":"Big Fish","player_choice":"Banana","floor":14.0,"gold_loss":0.0,"damage_taken":0.0},{"damage_healed":26,"gold_gain":0,"player_choice":"Heal","damage_taken":0,"max_hp_gain":0,"max_hp_loss":0,"event_name":"The Library","floor":20,"gold_loss":0}],"is_beta":false,"boss_relics":[{"not_picked":["SacredBark","Black Blood"],"picked":"SlaversCollar"}],"items_purged_floors":[13],"is_endless":false,"potions_floor_spawned":[1,16,18],"killed_by":"Shelled Parasite and Fungi","ascension_level":3}}