{"host":"6xsbn6ynqlzwllfm","time":1608921472,"event":{"mods":["2.2 Compatiblity","BaseMod","Bestiary","Colored Map","Colored Powertips","Curses Come First","Downfall","Highlight Path","Keyboard Shortcuts","Minty Spire (QoL Compilation)","Quick Restart","Relic Stats","Slay the Relics Exporter","StSLib","SuperFastMode"],"gold_per_floor":[110,128,142,156,81,111,111,136,136,136,136],"floor_reached":10,"playtime":426,"items_purged":["Strike_R"],"score":156,"play_id":"e8fee16a-a7cd-45e5-9a0f-42233e8360ca","local_time":"20201225133752","is_ascension_mode":true,"campfire_choices":[],"circlet_count":0,"master_deck":["AscendersBane","Strike_R","Strike_R","Strike_R","Strike_R","Defend_R","Defend_R","Defend_R","Bash","Shrug It Off","True Grit","Clothesline","Flex","Ghostly Armor"],"relics":["Runic Pyramid","Oddly Smooth Stone","Pear","Blue Candle"],"acts_visited":["Exordium"],"potions_floor_usage":[6],"damage_taken":[{"damage":4,"enemies":"Jaw Worm","floor":1,"turns":5},{"damage":1,"enemies":"2 Louse","floor":2,"turns":3},{"damage":0,"enemies":"Cultist","floor":3,"turns":3},{"damage":2,"enemies":"Red Slaver","floor":4,"turns":5},{"damage":11,"enemies":"3 Sentries","floor":6,"turns":13},{"damage":38,"enemies":"Lagavulin","floor":8,"turns":12},{"damage":0,"enemies":"Gremlin Nob","floor":10,"turns":3}],"seed_played":"-4612346025708691118","potions_obtained":[{"floor":4,"key":"PowerPotion"},{"floor":6,"key":"ElixirPotion"},{"floor":8,"key":"GamblersBrew"}],"is_trial":false,"path_per_floor":["M","M","M","M","$","E","?","E","T","E"],"character_chosen":"IRONCLAD","items_purchased":[],"campfire_rested":0,"item_purchase_floors":[],"current_hp_per_floor":[64,63,63,61,61,50,43,15,15,15,15],"gold":136,"neow_bonus":"BOSS_RELIC","is_daily":false,"chose_seed":false,"campfire_upgraded":0,"win_rate":0.0,"timestamp":1608921472,"path_taken":["M","M","M","M","$","E","?","E","T","E"],"items_purchased_type":[],"build_version":"2020-12-22","purchased_purges":1,"victory":false,"max_hp_per_floor":[75,75,75,75,75,75,75,85,85,85,85],"relic_stats":{"counters":[7,44],"Blue Candle":[0],"obtain_stats":[{"Pear":8,"Blue Candle":9,"Oddly Smooth Stone":6,"Burning Blood":0,"Runic Pyramid":0},{"Pear":6,"Blue Candle":6,"Oddly Smooth Stone":5,"Burning Blood":0,"Runic Pyramid":0},{"Pear":41,"Blue Candle":41,"Oddly Smooth Stone":29,"Burning Blood":0,"Runic Pyramid":0}]},"card_choices":[{"not_picked":["Body Slam","Perfected Strike"],"picked":"Shrug It Off","floor":1},{"not_picked":["Warcry","Iron Wave","Heavy Blade"],"picked":"SKIP","floor":2},{"not_picked":["Perfected Strike","Warcry"],"picked":"True Grit","floor":3},{"not_picked":["Body Slam","Iron Wave"],"picked":"Clothesline","floor":4},{"not_picked":["Intimidate","Clothesline"],"picked":"Flex","floor":6},{"not_picked":["Body Slam","Fire Breathing"],"picked":"Ghostly Armor","floor":8}],"player_experience":1260522,"relics_obtained":[{"floor":6,"key":"Oddly Smooth Stone"},{"floor":8,"key":"Pear"},{"floor":9,"key":"Blue Candle"}],"event_choices":[{"cards_removed":["Defend_R"],"damage_healed":0,"gold_gain":0,"player_choice":"Card Removal","damage_taken":7,"max_hp_gain":0,"max_hp_loss":0,"event_name":"Golden Wing","floor":7,"gold_loss":0}],"is_beta":false,"boss_relics":[],"items_purged_floors":[5],"is_endless":false,"potions_floor_spawned":[4,6,8],"killed_by":"Gremlin Nob","ascension_level":20}}