{"host":"oy4pyvr762z5n0bb","time":1608930333,"event":{"mods":["AchievementEnabler","BaseMod","Colored Map","Colored Powertips","Googly Eyes","Key Reminder","Minty Spire (QoL Compilation)","Quick Restart","Relic Sorter","StSLib","SuperFastMode","Unceasing Turn Reminder","slay the spire mod where everything is the same but ironclad has a cowboy hat"],"gold_per_floor":[216,230,109,39,55,81,81,46,46,46,77,77,90,123,123,123,123],"floor_reached":16,"playtime":340,"items_purged":["Strike_R"],"score":142,"play_id":"f60d5a39-76ec-4dac-a581-7babf7e524ea","local_time":"20201225130533","is_ascension_mode":true,"campfire_choices":[{"data":"Rampage","floor":7,"key":"SMITH"},{"data":"Pommel Strike","floor":10,"key":"SMITH"},{"data":"Pommel Strike","floor":12,"key":"SMITH"},{"data":"Burning Pact","floor":15,"key":"SMITH"}],"circlet_count":0,"master_deck":["Strike_R","Strike_R","Strike_R","Strike_R","Defend_R","Defend_R","Defend_R","Defend_R","Bash","Pommel Strike+1","Rampage+1","Pommel Strike+1","Burning Pact+1","Dropkick","Ghostly Armor","Feel No Pain","Body Slam"],"relics":["Burning Blood","Kunai","Anchor","MealTicket","Juzu Bracelet"],"acts_visited":["Exordium"],"potions_floor_usage":[11,14,14],"damage_taken":[{"damage":6,"enemies":"Cultist","floor":1,"turns":4},{"damage":9,"enemies":"Jaw Worm","floor":2,"turns":3},{"damage":7,"enemies":"Small Slimes","floor":5,"turns":3},{"damage":37,"enemies":"Gremlin Nob","floor":6,"turns":4},{"damage":20,"enemies":"Lagavulin","floor":11,"turns":7},{"damage":9,"enemies":"Red Slaver","floor":13,"turns":5},{"damage":21,"enemies":"Gremlin Nob","floor":14,"turns":4},{"damage":39,"enemies":"Slime Boss","floor":16,"turns":6}],"seed_played":"6106889394713954615","potions_obtained":[{"floor":6,"key":"AttackPotion"},{"floor":11,"key":"Swift Potion"},{"floor":13,"key":"PowerPotion"}],"is_trial":false,"path_per_floor":["M","M","$","$","M","E","R","?","T","R","E","R","M","E","R","B"],"character_chosen":"IRONCLAD","items_purchased":["Pommel Strike","Burning Pact"],"campfire_rested":0,"item_purchase_floors":[3,4],"current_hp_per_floor":[80,77,77,77,76,45,45,65,65,65,51,51,48,33,33,0,0],"gold":123,"neow_bonus":"HUNDRED_GOLD","is_daily":false,"chose_seed":false,"campfire_upgraded":4,"win_rate":0.0,"timestamp":1608930333,"path_taken":["M","M","?","$","M","E","R","?","T","R","E","R","M","E","R","BOSS"],"items_purchased_type":["Card","Card"],"build_version":"2020-12-22","purchased_purges":1,"victory":false,"max_hp_per_floor":[80,80,80,80,80,80,80,80,80,80,80,80,80,80,80,80,80],"card_choices":[{"not_picked":["Sword Boomerang","Flex"],"picked":"Pommel Strike","floor":1},{"not_picked":["Intimidate","True Grit"],"picked":"Rampage","floor":2},{"not_picked":["Shockwave","Disarm"],"picked":"Dropkick","floor":5},{"not_picked":["Bludgeon","Intimidate","Flex"],"picked":"SKIP","floor":6},{"not_picked":["Cleave","Feel No Pain"],"picked":"Ghostly Armor","floor":11},{"not_picked":["Anger","Thunderclap"],"picked":"Feel No Pain","floor":13},{"not_picked":["Flex","Feel No Pain"],"picked":"Body Slam","floor":14}],"player_experience":556524,"relics_obtained":[{"floor":6,"key":"Kunai"},{"floor":9,"key":"Anchor"},{"floor":11,"key":"MealTicket"},{"floor":14,"key":"Juzu Bracelet"}],"event_choices":[{"damage_healed":20,"gold_gain":0,"player_choice":"Healed","damage_taken":0,"max_hp_gain":0,"max_hp_loss":0,"event_name":"The Cleric","floor":8,"gold_loss":35}],"is_beta":false,"boss_relics":[],"items_purged_floors":[3],"is_endless":false,"potions_floor_spawned":[6,11,13],"killed_by":"Slime Boss","ascension_level":4}}