{"host":"8by3m8mve9y2rhh4","time":1608913748,"event":{"mods":["BaseMod","Minty Spire (QoL Compilation)","Quick Restart"],"gold_per_floor":[112,130,143,160,177,207,207,239,275,305,334,39,58,83,83,179,179,190,209,32,51,51,78,78,96,121,1,18,18,49,66,66,166,166,176,187,187,200,211,211,211],"floor_reached":40,"playtime":3003,"items_purged":["Strike_G","Accuracy+1"],"score":505,"play_id":"9c4ca89d-7323-40ee-b58d-9d3d7b4cf56b","local_time":"20201225162908","is_ascension_mode":true,"campfire_choices":[{"data":"After Image","floor":7,"key":"SMITH"},{"data":"Burst","floor":15,"key":"SMITH"},{"data":"After Image","floor":24,"key":"SMITH"},{"floor":29,"key":"RECALL"},{"data":"Venomology","floor":32,"key":"SMITH"}],"circlet_count":0,"master_deck":["Defend_G","Defend_G","Defend_G","Survivor","Neutralize","Dodge and Roll","Deadly Poison","Deadly Poison","Poisoned Stab","After Image+1","Burst+1","Finesse","Dodge and Roll","Deadly Poison","A Thousand Cuts","Wraith Form v2+1","Burst+1","Flying Knee+1","Noxious Fumes+1","Flying Knee+1","After Image+1","PiercingWail+1","Well Laid Plans","Deflect+1","Venomology+1","A Thousand Cuts","Caltrops+1","Backflip+1","Blur+1"],"relics":["Coffee Dripper","Strawberry","MawBank","Blood Vial","Dream Catcher","Astrolabe","Potion Belt","Tiny Chest","Nunchaku","Empty Cage"],"acts_visited":["Exordium","TheCity","TheBeyond"],"potions_floor_usage":[4,8,8,14,21,23,23,23,30,31,33,33,38,39,39,40],"damage_taken":[{"damage":0,"enemies":"Small Slimes","floor":1,"turns":3},{"damage":0,"enemies":"Jaw Worm","floor":2,"turns":7},{"damage":0,"enemies":"Cultist","floor":3,"turns":4},{"damage":1,"enemies":"3 Louse","floor":4,"turns":2},{"damage":0,"enemies":"Looter","floor":5,"turns":4},{"damage":5,"enemies":"3 Sentries","floor":6,"turns":10},{"damage":12,"enemies":"Gremlin Nob","floor":8,"turns":4},{"damage":0,"enemies":"Exordium Thugs","floor":10,"turns":5},{"damage":7,"enemies":"Large Slime","floor":11,"turns":7},{"damage":5,"enemies":"Red Slaver","floor":13,"turns":4},{"damage":0,"enemies":"Lagavulin","floor":14,"turns":6},{"damage":13,"enemies":"Hexaghost","floor":16,"turns":9},{"damage":9,"enemies":"3 Byrds","floor":18,"turns":8},{"damage":0,"enemies":"Shell Parasite","floor":19,"turns":6},{"damage":18,"enemies":"Cultist and Chosen","floor":21,"turns":6},{"damage":30,"enemies":"Slavers","floor":23,"turns":6},{"damage":2,"enemies":"Centurion and Healer","floor":25,"turns":6},{"damage":1,"enemies":"Snake Plant","floor":28,"turns":5},{"damage":4,"enemies":"Gremlin Leader","floor":30,"turns":8},{"damage":4,"enemies":"Cultist and Chosen","floor":31,"turns":7},{"damage":4,"enemies":"Collector","floor":33,"turns":9},{"damage":11,"enemies":"Orb Walker","floor":35,"turns":5},{"damage":26,"enemies":"3 Darklings","floor":36,"turns":7},{"damage":34,"enemies":"Jaw Worm Horde","floor":38,"turns":7},{"damage":9,"enemies":"Transient","floor":39,"turns":5},{"damage":32,"enemies":"Nemesis","floor":40,"turns":6}],"seed_played":"4718912880784115531","potions_obtained":[{"floor":2,"key":"Fire Potion"},{"floor":3,"key":"BlessingOfTheForge"},{"floor":4,"key":"Dexterity Potion"},{"floor":6,"key":"Poison Potion"},{"floor":11,"key":"CunningPotion"},{"floor":19,"key":"Explosive Potion"},{"floor":21,"key":"Fire Potion"},{"floor":25,"key":"FearPotion"},{"floor":38,"key":"DuplicationPotion"}],"is_trial":false,"path_per_floor":["M","M","M","M","M","E","R","E","T","M","M","$","M","E","R","B",null,"M","M","$","M","?","E","R","M","T","$","M","R","E","M","R","B",null,"M","M","?","M","M","E"],"character_chosen":"THE_SILENT","items_purchased":["Blood Vial","Finesse","Regen Potion","Well Laid Plans","BlessingOfTheForge"],"campfire_rested":0,"item_purchase_floors":[12,12,20,27,27],"current_hp_per_floor":[70,70,70,69,69,71,71,59,59,59,52,52,49,51,51,40,77,68,70,70,54,54,41,41,41,41,41,42,42,40,38,38,36,77,66,42,42,10,3,0,0],"gold":211,"neow_bonus":"BOSS_RELIC","is_daily":false,"chose_seed":false,"campfire_upgraded":4,"win_rate":0.0,"timestamp":1608913748,"path_taken":["M","M","M","M","M","E","R","E","T","M","M","$","M","E","R","BOSS","M","M","$","M","?","E","R","M","T","$","M","R","E","M","R","BOSS","M","M","?","?","M","E"],"items_purchased_type":["Relic","Card","Potion","Card","Potion"],"build_version":"2020-12-22","purchased_purges":2,"victory":false,"max_hp_per_floor":[70,70,70,70,70,77,77,77,77,77,77,77,77,77,77,77,77,77,77,77,77,77,77,77,77,77,77,77,77,77,77,77,77,77,77,77,77,77,77,77,77],"card_choices":[{"not_picked":["Underhanded Strike","Choke"],"picked":"Dodge and Roll","floor":1},{"not_picked":["Setup","All Out Attack"],"picked":"Deadly Poison","floor":2},{"not_picked":["Acrobatics","Accuracy","Grand Finale"],"picked":"SKIP","floor":3},{"not_picked":["Dodge and Roll","Eviscerate"],"picked":"Deadly Poison","floor":4},{"not_picked":["Sucker Punch","Outmaneuver"],"picked":"Poisoned Stab","floor":5},{"not_picked":["All Out Attack","Crippling Poison"],"picked":"After Image","floor":6},{"not_picked":["Blade Dance","Slice"],"picked":"Burst","floor":8},{"not_picked":["Predator","Concentrate","Endless Agony"],"picked":"SKIP","floor":10},{"not_picked":["Acrobatics","Accuracy"],"picked":"Dash","floor":11},{"not_picked":["Backstab","Finisher"],"picked":"Dodge and Roll","floor":13},{"not_picked":["Outmaneuver","Slice"],"picked":"Deadly Poison","floor":14},{"not_picked":["Burst","Storm of Steel"],"picked":"A Thousand Cuts","floor":16},{"not_picked":["Acrobatics","Sucker Punch"],"picked":"Flying Knee+1","floor":18},{"not_picked":["Underhanded Strike+1","Choke"],"picked":"Noxious Fumes+1","floor":19},{"not_picked":["Dagger Throw","Infinite Blades"],"picked":"Flying Knee+1","floor":21},{"not_picked":["All Out Attack","Backstab"],"picked":"PiercingWail+1","floor":23},{"not_picked":["Infinite Blades","Crippling Poison","Choke"],"picked":"SKIP","floor":25},{"not_picked":["Cloak And Dagger","Crippling Poison+1"],"picked":"Deflect+1","floor":28},{"not_picked":["Outmaneuver","Deflect"],"picked":"Venomology","floor":30},{"not_picked":["Slice","PiercingWail","Expertise+1"],"picked":"SKIP","floor":31},{"not_picked":["Adrenaline","Glass Knife"],"picked":"A Thousand Cuts","floor":33},{"not_picked":["Cloak And Dagger+1","PiercingWail+1"],"picked":"Caltrops+1","floor":35},{"not_picked":["Dagger Spray+1","Cloak And Dagger+1"],"picked":"Backflip+1","floor":36},{"not_picked":["Cloak And Dagger+1","Dagger Throw+1"],"picked":"Blur+1","floor":38},{"not_picked":["Outmaneuver","Terror+1","Riddle With Holes+1"],"picked":"SKIP","floor":39}],"player_experience":600066,"relics_obtained":[{"floor":6,"key":"Strawberry"},{"floor":8,"key":"MawBank"},{"floor":14,"key":"Dream Catcher"},{"floor":23,"key":"Potion Belt"},{"floor":26,"key":"Tiny Chest"},{"floor":30,"key":"Nunchaku"}],"event_choices":[{"damage_healed":0,"gold_gain":0,"cards_transformed":["Strike_G","Strike_G"],"player_choice":"Became Test Subject","damage_taken":0,"max_hp_gain":0,"max_hp_loss":0,"event_name":"Drug Dealer","floor":22,"gold_loss":0,"cards_obtained":["After Image","Unload"]},{"cards_removed":["Defend_G"],"damage_healed":0,"gold_gain":0,"player_choice":"Purged","damage_taken":0,"max_hp_gain":0,"max_hp_loss":0,"event_name":"Purifier","floor":37,"gold_loss":0}],"is_beta":false,"boss_relics":[{"not_picked":["Fusion Hammer","Sozu"],"picked":"Astrolabe"},{"not_picked":["Black Star","Snecko Eye"],"picked":"Empty Cage"}],"items_purged_floors":[12,20],"is_endless":false,"potions_floor_spawned":[2,3,4,6,11,19,21,25,38],"killed_by":"Nemesis","ascension_level":1}}