{"host":"hd496gdorkfoob6n","time":1608872415,"event":{"mods":["2.2 Compatiblity","AchievementEnabler","BaseMod","Colored Map","Downfall","Hermit","Minty Spire (QoL Compilation)","StSLib"],"gold_per_floor":[99,116,126,126,137,47,122,37,37,47,59,71,4,35,45,45,45,45],"floor_reached":16,"playtime":1881,"items_purged":["champ:Defend"],"score":135,"play_id":"03d6f3c1-4945-4d62-9499-ccdc053af73c","local_time":"20201225000015","is_ascension_mode":true,"campfire_choices":[{"data":"champ:Devastate","floor":1,"key":"SMITH"},{"data":"champ:Taunt","floor":9,"key":"SMITH"}],"circlet_count":0,"master_deck":["champ:Strike","champ:Strike","champ:Strike","champ:Strike","champ:Defend","champ:Defend","champ:Defend","champ:Execute","champ:Taunt+1","champ:Devastate+1","champ:BerserkersShout","champ:FocusedBerserking","champ:FanOfKnives","champ:FaceSlap","champ:BerserkerStyle","champ:RecklessLeap","champ:CrookedStrike","champ:Backstep+1","champ:BerserkersShout+1","champ:CrookedStrike","champ:RageSigil+1","champ:BringItOn+1","champ:GladiatorsShout+1"],"relics":["champ:ChampionCrown","Toxic Egg 2","Molten Egg 2"],"acts_visited":["Exordium"],"potions_floor_usage":[12,16],"damage_taken":[{"damage":12,"enemies":"Small Slimes","floor":2,"turns":2},{"damage":0,"enemies":"Cultist","floor":3,"turns":3},{"damage":10,"enemies":"Jaw Worm","floor":5,"turns":4},{"damage":21,"enemies":"downfall:FleeingMerchant","floor":6,"turns":4},{"damage":10,"enemies":"downfall:FleeingMerchant","floor":8,"turns":4},{"damage":43,"enemies":"Large Slime","floor":10,"turns":3},{"damage":16,"enemies":"Lots of Slimes","floor":11,"turns":5},{"damage":21,"enemies":"2 Fungi Beasts","floor":12,"turns":3},{"damage":22,"enemies":"downfall:FleeingMerchant","floor":13,"turns":4},{"damage":0,"enemies":"Gremlin Nob","floor":14,"turns":3},{"damage":5,"enemies":"Red Slaver","floor":15,"turns":2},{"damage":16,"enemies":"downfall:Silent","floor":16,"turns":2}],"seed_played":"-373089250606565744","potions_obtained":[{"floor":2,"key":"BlessingOfTheForge"},{"floor":3,"key":"Dexterity Potion"},{"floor":10,"key":"SteroidPotion"},{"floor":12,"key":"GamblersBrew"}],"is_trial":false,"path_per_floor":["R","M","M","?","M","$","T","$","R","M","M","M","$","E","M","B"],"character_chosen":"THE_CHAMP","items_purchased":["champ:RecklessLeap","champ:RageSigil+1"],"campfire_rested":0,"item_purchase_floors":[8,13],"current_hp_per_floor":[81,74,74,59,54,44,44,44,44,28,14,14,14,14,14,0,0,0],"gold":45,"neow_bonus":"THREE_RARE_CARDS","is_daily":false,"chose_seed":false,"campfire_upgraded":2,"win_rate":0.0,"timestamp":1608872415,"path_taken":["R","M","M","?","M","$","T","$","R","?","?","M","$","E","M","BOSS"],"items_purchased_type":["Card","Card"],"build_version":"2020-12-13","purchased_purges":1,"victory":false,"max_hp_per_floor":[81,81,81,81,81,81,81,81,81,81,81,81,81,81,81,81,81,81],"card_choices":[{"not_picked":["champ:SteelEdge","champ:VampiricStrike"],"picked":"champ:Devastate","floor":0},{"not_picked":["champ:FocusedDefense","champ:FlashCut"],"picked":"champ:BerserkersShout","floor":2},{"not_picked":["champ:Circumvent","champ:StanceDance"],"picked":"champ:FocusedBerserking","floor":3},{"not_picked":["champ:GutPunch","champ:SwordSigil"],"picked":"champ:FanOfKnives","floor":5},{"not_picked":["champ:BringItOn","champ:AdrenalArmor"],"picked":"champ:FaceSlap","floor":6},{"not_picked":["champ:PerfectForm","champ:FocusedDefense+1"],"picked":"champ:BerserkerStyle","floor":8},{"not_picked":["champ:IronFortress","champ:SwordSigil+1"],"picked":"champ:CrookedStrike","floor":10},{"not_picked":["champ:Encircle","champ:BerserkersShout+1"],"picked":"champ:Backstep+1","floor":11},{"not_picked":["champ:RapidStrikes","champ:FocusedBerserking+1"],"picked":"champ:BerserkersShout+1","floor":12},{"not_picked":["champ:FanOfKnives","champ:BerserkersShout+1"],"picked":"champ:CrookedStrike","floor":13},{"not_picked":["champ:Encircle+1","champ:BladeFlurry+1"],"picked":"champ:BringItOn+1","floor":14},{"not_picked":["champ:Lariat+1","champ:RageSigil+1"],"picked":"champ:GladiatorsShout+1","floor":15}],"player_experience":92351,"relics_obtained":[{"floor":7,"key":"Toxic Egg 2"},{"floor":14,"key":"Molten Egg 2"}],"event_choices":[],"is_beta":false,"boss_relics":[],"items_purged_floors":[6],"is_endless":false,"potions_floor_spawned":[2,3,10,11,12],"killed_by":"downfall:Silent","ascension_level":1}}