{"host":"q9718omregw4er46","time":1608931485,"event":{"mods":["BaseMod","Colored Powertips","Minty Spire (QoL Compilation)","Quick Restart","Relic Stats"],"gold_per_floor":[115,134,149,165,176,176,251,282,362,362,362,372,372,403,403,403,403],"floor_reached":16,"playtime":551,"items_purged":[],"score":224,"play_id":"a0dbe0e8-4353-42b2-ba4e-9e93a5602c89","local_time":"20201226022445","is_ascension_mode":true,"campfire_choices":[{"floor":6,"key":"REST"},{"data":"Capacitor","floor":13,"key":"SMITH"},{"floor":15,"key":"REST"}],"circlet_count":0,"master_deck":["AscendersBane","Strike_B","Strike_B","Strike_B","Strike_B","Defend_B","Defend_B","Defend_B","Defend_B","Zap","Dualcast","Static Discharge","Meteor Strike","Capacitor+1","Skim","Rainbow","Recycle"],"relics":["Nuclear Battery","Oddly Smooth Stone","Thread and Needle","Anchor"],"acts_visited":["Exordium"],"potions_floor_usage":[8,16],"damage_taken":[{"damage":0,"enemies":"2 Louse","floor":1,"turns":3},{"damage":11,"enemies":"Small Slimes","floor":2,"turns":5},{"damage":7,"enemies":"Jaw Worm","floor":3,"turns":4},{"damage":19,"enemies":"Red Slaver","floor":4,"turns":6},{"damage":8,"enemies":"Blue Slaver","floor":5,"turns":3},{"damage":51,"enemies":"Gremlin Nob","floor":8,"turns":5},{"damage":1,"enemies":"Looter","floor":12,"turns":4},{"damage":24,"enemies":"3 Sentries","floor":14,"turns":10},{"damage":23,"enemies":"Hexaghost","floor":16,"turns":9}],"seed_played":"5692527646595758052","potions_obtained":[{"floor":3,"key":"EssenceOfSteel"},{"floor":4,"key":"FairyPotion"},{"floor":14,"key":"DuplicationPotion"}],"is_trial":false,"path_per_floor":["M","M","M","M","M","R","?","E","T","?","?","M","R","E","R","B"],"character_chosen":"DEFECT","items_purchased":[],"campfire_rested":2,"item_purchase_floors":[],"current_hp_per_floor":[64,53,46,27,19,40,29,21,21,26,26,25,25,1,23,0,0],"gold":403,"neow_bonus":"BOSS_RELIC","is_daily":false,"chose_seed":false,"campfire_upgraded":1,"win_rate":0.0,"timestamp":1608931485,"path_taken":["M","M","M","M","M","R","?","E","T","?","?","?","R","E","R","BOSS"],"items_purchased_type":[],"build_version":"2020-12-22","purchased_purges":0,"victory":false,"max_hp_per_floor":[71,71,71,71,71,71,71,71,71,76,76,76,76,76,76,76,76],"relic_stats":{"counters":[9,49],"obtain_stats":[{"Anchor":14,"Oddly Smooth Stone":8,"Thread and Needle":11,"Cracked Core":0,"Nuclear Battery":0},{"Anchor":8,"Oddly Smooth Stone":6,"Thread and Needle":6,"Cracked Core":0,"Nuclear Battery":0},{"Anchor":40,"Oddly Smooth Stone":26,"Thread and Needle":26,"Cracked Core":0,"Nuclear Battery":0}]},"card_choices":[{"not_picked":["Compile Driver","Streamline"],"picked":"Static Discharge","floor":1},{"not_picked":["Stack","Leap"],"picked":"Meteor Strike","floor":2},{"not_picked":["Turbo","Heatsinks"],"picked":"Capacitor","floor":3},{"not_picked":["Lockon","Streamline"],"picked":"Skim","floor":4},{"not_picked":["Sweeping Beam","Hologram","Static Discharge"],"picked":"SKIP","floor":5},{"not_picked":["Leap","Cold Snap"],"picked":"Rainbow","floor":8},{"not_picked":["Stack","Go for the Eyes"],"picked":"Recycle","floor":12},{"not_picked":["Storm","Barrage","Thunder Strike"],"picked":"SKIP","floor":14}],"player_experience":1117297,"relics_obtained":[{"floor":8,"key":"Oddly Smooth Stone"},{"floor":11,"key":"Thread and Needle"},{"floor":14,"key":"Anchor"}],"event_choices":[{"damage_healed":0,"gold_gain":75,"player_choice":"Gather Gold","damage_taken":11,"max_hp_gain":0,"max_hp_loss":0,"event_name":"World of Goop","floor":7,"gold_loss":0},{"damage_healed":0,"gold_gain":0,"player_choice":"Donut","damage_taken":0,"max_hp_gain":5,"max_hp_loss":0,"event_name":"Big Fish","floor":10,"gold_loss":0},{"damage_healed":0,"gold_gain":0,"player_choice":"Relic","damage_taken":0,"max_hp_gain":0,"max_hp_loss":0,"event_name":"Wheel of Change","floor":11,"gold_loss":0}],"is_beta":false,"boss_relics":[],"items_purged_floors":[],"is_endless":false,"potions_floor_spawned":[3,4,14],"killed_by":"Hexaghost","ascension_level":20}}