{"host":"w01zow3jg16g8jdh","time":1608913030,"event":{"mods":["AchievementEnabler","BaseMod","DeckTracker","Keyboard Shortcuts","Minty Spire (QoL Compilation)","Permanent Neow","StSLib","SuperFastMode"],"gold_per_floor":[110,129,129,129,145,145,158,202,214,246,186,198,210,247,259,361,373,409,440,88,88,88],"floor_reached":21,"playtime":254,"items_purged":[],"score":362,"play_id":"cd8cd412-98d1-4538-bb29-9737f56bca4d","local_time":"20201226011710","is_ascension_mode":true,"campfire_choices":[{"data":"Static Discharge","floor":6.0,"key":"SMITH"},{"floor":13.0,"key":"REST"},{"floor":15.0,"key":"REST"}],"circlet_count":0,"master_deck":["AscendersBane","Strike_B","Strike_B","Strike_B","Strike_B","Defend_B","Defend_B","Defend_B","Defend_B","Zap","Dualcast","Ball Lightning","Ball Lightning","Static Discharge+1","Go for the Eyes","Conserve Battery","Parasite","Skim","Core Surge","Electrodynamics","Reinforced Body","Hello World"],"relics":["Cursed Key","Golden Idol","MawBank","Question Card","Inserter","Mummified Hand"],"acts_visited":["Exordium","TheCity"],"potions_floor_usage":[],"damage_taken":[{"damage":0.0,"enemies":"Small Slimes","floor":1.0,"turns":3.0},{"damage":4.0,"enemies":"Jaw Worm","floor":2.0,"turns":3.0},{"damage":1.0,"enemies":"Cultist","floor":5.0,"turns":3.0},{"damage":13.0,"enemies":"3 Louse","floor":7.0,"turns":2.0},{"damage":30.0,"enemies":"3 Sentries","floor":8.0,"turns":4.0},{"damage":9.0,"enemies":"Looter","floor":10.0,"turns":3.0},{"damage":16.0,"enemies":"Large Slime","floor":14.0,"turns":5.0},{"damage":28.0,"enemies":"Slime Boss","floor":16.0,"turns":8.0},{"damage":24.0,"enemies":"2 Thieves","floor":18.0,"turns":2.0},{"damage":15.0,"enemies":"3 Byrds","floor":19.0,"turns":3.0},{"damage":9,"enemies":"Snake Plant","floor":21,"turns":1}],"seed_played":"-5023248488006991393","potions_obtained":[{"floor":8.0,"key":"Strength Potion"},{"floor":10.0,"key":"BlessingOfTheForge"},{"floor":16.0,"key":"Swift Potion"},{"floor":18.0,"key":"BlessingOfTheForge"}],"is_trial":false,"path_per_floor":["M","M","?","$","M","R","M","E","T","M","?","$","R","M","R","B",null,"M","M","$","M"],"character_chosen":"DEFECT","items_purchased":["Mummified Hand","Hello World"],"campfire_rested":2,"item_purchase_floors":[20,20],"current_hp_per_floor":[64,60,60,60,59,59,46,16,16,7,7,7,26,10,29,1,48,24,9,9,0,0],"gold":88,"neow_bonus":"BOSS_RELIC","is_daily":false,"chose_seed":false,"campfire_upgraded":1,"win_rate":0.0,"timestamp":1608913030,"path_taken":["M","M","?","$","M","R","M","E","T","M","?","?","R","M","R","BOSS","M","M","?","M"],"items_purchased_type":["Relic","Card"],"build_version":"2020-12-22","purchased_purges":0,"victory":false,"max_hp_per_floor":[71,71,64,64,64,64,64,64,64,64,64,64,64,64,64,64,64,64,64,64,64,64],"card_choices":[{"not_picked":["Cold Snap","Tempest"],"picked":"Ball Lightning","floor":1.0},{"not_picked":["Blizzard","Heatsinks"],"picked":"Ball Lightning","floor":2.0},{"not_picked":["Glacier","Recycle"],"picked":"Static Discharge","floor":5.0},{"not_picked":["Blizzard","Cold Snap"],"picked":"Go for the Eyes","floor":7.0},{"not_picked":["Steam Power","Fusion"],"picked":"Conserve Battery","floor":8.0},{"not_picked":["Coolheaded","Leap","Go for the Eyes"],"picked":"Skim","floor":10.0},{"not_picked":["Melter","Conserve Battery","Coolheaded"],"picked":"Core Surge","floor":14.0},{"not_picked":["Rainbow","All For One","Buffer"],"picked":"Electrodynamics","floor":16.0},{"not_picked":["Compile Driver","Gash","Beam Cell","Leap"],"picked":"SKIP","floor":18.0},{"not_picked":["Barrage","Hologram","Conserve Battery"],"picked":"Reinforced Body","floor":19}],"player_experience":292345,"relics_obtained":[{"floor":8.0,"key":"MawBank"},{"floor":9.0,"key":"Question Card"}],"event_choices":[{"damage_healed":0.0,"max_hp_gain":0.0,"max_hp_loss":7.0,"gold_gain":0.0,"event_name":"Golden Idol","player_choice":"Lose Max HP","floor":3.0,"gold_loss":0.0,"damage_taken":0.0,"relics_obtained":["Golden Idol"]},{"damage_healed":0.0,"max_hp_gain":0.0,"max_hp_loss":0.0,"gold_gain":0.0,"event_name":"World of Goop","player_choice":"Left Gold","floor":11.0,"gold_loss":72.0,"damage_taken":0.0}],"is_beta":false,"boss_relics":[{"not_picked":["Calling Bell","Coffee Dripper"],"picked":"Inserter"}],"items_purged_floors":[],"is_endless":false,"potions_floor_spawned":[8,10,16,18],"killed_by":"Snake Plant","ascension_level":20}}