{"host":"xx5zt3jtdyh8iun7","time":1608854511,"event":{"mods":["AchievementEnabler","Act Like it!","BaseMod","Bestiary","Downfall","Minty Spire (QoL Compilation)","Replay The Spire","StSLib"],"gold_per_floor":[99,115,115,115,133,164,164,178,198,217,45,45,45,45,61,156,156,81,97,117,202,202,202,275,309,338,365,365,33,33,71,99,211,211,211,229,250,47,85,112,112,37,58,81,136,136,254,314,343,371],"floor_reached":51,"playtime":8370,"items_purged":["Slimebound:Icky"],"score":996,"play_id":"767a6d05-c3c7-45cd-a77a-ebd5d5cf4240","local_time":"20201225010151","is_ascension_mode":true,"campfire_choices":[{"data":"hexamod:Float","floor":1,"key":"SMITH"},{"floor":12,"key":"REST"},{"floor":18,"key":"DIG"},{"floor":30,"key":"REST"},{"data":"hexamod:GiftsFromTheDead","floor":35,"key":"SMITH"},{"floor":42,"key":"REST"}],"circlet_count":0,"master_deck":["hexamod:Defend","hexamod:Defend","hexamod:Defend","hexamod:Sear","hexamod:Float+1","hexamod:InspiringFlames+1","hexamod:PhantomCloak","hexamod:GiftsFromTheDead+1","hexamod:BurningTouch","hexamod:TimeWarp","hexamod:AdvancingGuard","hexamod:Rewind+1","hexamod:EmpoweredFlame","hexamod:CrushingStance","Doubt","hexamod:AdvancingGuard","hexamod:SoulSteal","hexamod:EtherealExpedition","hexamod:RainOfEmbers+1","hexamod:NecessarySacrifice+1","hexamod:VolcanoVisage","hexamod:GiftsFromTheDead","hexamod:CrushingStance","expansioncontent:DecasProtection","Shame","hexamod:WildfireWeapon","hexamod:VolcanoVisage","hexamod:Incineration+1","hexamod:FastForward+1","hexamod:ExtraCrispy+1","hexamod:FastForward+1","Delirium","hexamod:RecurringNightmare+1","hexamod:ParanormalForm","hexamod:PowerFromBeyond+1","hexamod:GhostflameInferno","hexamod:PowerFromBeyond+1","CommonCold","hexamod:GhostOfSpirePast","hexamod:WildfireWeapon","hexamod:EmpoweredFlame","ReplayTheSpireMod:Splinters"],"relics":["hexamod:SpiritBrand","ReplayTheSpireMod:Ring of Collecting","Ring of Panic","Omamori","Question Card","Ring of Fangs","Strange Spoon","Oddly Smooth Stone","Replay:Ancient Bell","Pet Ghost","The Courier","Pondfish Scales","downfall:HeartBlessingGreen","Guardian:PocketSentry","Anchor","Ring of Greed","Smiling Mask","Replay:Bandana","Matryoshka","Replay:PocketPolymizer","Honey Jar","Meat on the Bone","Gremlin Horn","ReplayTheSpireMod:Ring of Exchange","downfall:HeartBlessingBlue","Juzu Bracelet","Potion Belt","Molten Egg 2"],"acts_visited":["Exordium","TheCity","TheBeyond"],"potions_floor_usage":[6,11,15,16,16,33,38,43,45,49,50,50,50],"damage_taken":[{"damage":0,"enemies":"Jaw Worm","floor":2,"turns":4},{"damage":0,"enemies":"Small Slimes","floor":5,"turns":3},{"damage":32,"enemies":"3 Sentries","floor":6,"turns":11},{"damage":0,"enemies":"Cultist","floor":8,"turns":4},{"damage":13,"enemies":"Red Slaver","floor":9,"turns":3},{"damage":0,"enemies":"2 Fungi Beasts","floor":10,"turns":4},{"damage":0,"enemies":"downfall:FleeingMerchant","floor":11,"turns":4},{"damage":0,"enemies":"3 Louse","floor":15,"turns":4},{"damage":7,"enemies":"downfall:Watcher","floor":16,"turns":12},{"damage":1,"enemies":"Shell Parasite","floor":19,"turns":8},{"damage":0,"enemies":"Snake Plant","floor":20,"turns":4},{"damage":14,"enemies":"Cultist and Chosen","floor":25,"turns":5},{"damage":6,"enemies":"Shelled Parasite and Fungi","floor":26,"turns":6},{"damage":0,"enemies":"Snake Plant","floor":27,"turns":3},{"damage":0,"enemies":"downfall:FleeingMerchant","floor":29,"turns":4},{"damage":1,"enemies":"Book of Stabbing","floor":31,"turns":6},{"damage":0,"enemies":"Centurion and Healer","floor":32,"turns":6},{"damage":0,"enemies":"downfall:Ironclad","floor":33,"turns":7},{"damage":0,"enemies":"Orb Walker","floor":36,"turns":4},{"damage":22,"enemies":"3 Darklings","floor":37,"turns":5},{"damage":0,"enemies":"downfall:FleeingMerchant","floor":38,"turns":4},{"damage":0,"enemies":"Spire Growth","floor":39,"turns":3},{"damage":0,"enemies":"Maw","floor":40,"turns":5},{"damage":7,"enemies":"Writhing Mass","floor":43,"turns":6},{"damage":4,"enemies":"Sphere and 2 Shapes","floor":44,"turns":5},{"damage":15,"enemies":"Nemesis","floor":45,"turns":7},{"damage":0,"enemies":"downfall:LadyInBlue","floor":47,"turns":5},{"damage":1,"enemies":"Giant Head","floor":48,"turns":7},{"damage":0,"enemies":"Transient","floor":49,"turns":5},{"damage":5,"enemies":"downfall:Silent","floor":50,"turns":6}],"seed_played":"5307773190574135293","potions_obtained":[{"floor":5,"key":"Ancient Potion"},{"floor":8,"key":"sneckomod:MuddlingPotion"},{"floor":9,"key":"Fire Potion"},{"floor":10,"key":"BlessingOfTheForge"},{"floor":15,"key":"Energy Potion"},{"floor":27,"key":"SpeedPotion"},{"floor":31,"key":"LifebloodPotion"},{"floor":32,"key":"Fire Potion"},{"floor":39,"key":"LiquidMemories"},{"floor":43,"key":"Elixir"},{"floor":44,"key":"hexamod:EctoCoolerPotion"},{"floor":47,"key":"hexamod:EctoCoolerPotion"},{"floor":47,"key":"PowerPotion"},{"floor":47,"key":"DistilledChaos"},{"floor":48,"key":"Guardian:BlockOnCardUsePotion"}],"is_trial":false,"path_per_floor":["R","M","?","?","M","E","T","M","M","M","$","R","?","?","M","B",null,"R","M","M","?","?","?","T","M","M","M","?","$","R","E","M","B",null,"R","M","M","$","M","M","T","R","M","M","E","?","?","E","M","B",null],"character_chosen":"THE_SPIRIT","items_purchased":["Strange Spoon","Matryoshka","expansioncontent:DecasProtection","Meat on the Bone"],"campfire_rested":3,"item_purchase_floors":[11,29,29,38],"current_hp_per_floor":[49,49,49,49,49,17,17,17,4,4,4,25,25,13,13,6,70,70,69,69,55,55,55,55,41,35,35,35,35,56,55,55,55,70,70,70,48,48,48,48,48,80,73,69,54,54,54,53,53,48],"gold":371,"neow_bonus":"REMOVE_TWO","is_daily":false,"chose_seed":false,"campfire_upgraded":2,"win_rate":0.0,"timestamp":1608854511,"path_taken":["R","M","?","?","M","E","T","M","?","M","?","R","?","?","M","BOSS","R","M","M","?","?","?","T","?","M","M","?","$","R","E","M","BOSS","R","M","M","$","M","M","T","R","M","?","E","?","?","E","M","BOSS"],"items_purchased_type":["Relic","Relic","Card","Relic"],"build_version":"2020-12-22","purchased_purges":1,"victory":true,"max_hp_per_floor":[70,70,70,70,70,70,70,70,70,70,70,70,70,70,70,70,70,70,70,70,70,70,70,70,70,70,70,70,70,70,70,70,70,70,70,70,70,70,70,70,70,80,80,80,80,80,80,80,80,80],"card_choices":[{"not_picked":["hexamod:BacktrackSmack","hexamod:AdvancingGuard"],"picked":"hexamod:InspiringFlames","floor":2},{"not_picked":["hexamod:GhostShield","hexamod:EtherealExpedition"],"picked":"hexamod:PhantomCloak","floor":5},{"not_picked":["hexamod:Incineration","hexamod:ShieldOfDarkness"],"picked":"hexamod:GiftsFromTheDead","floor":6},{"not_picked":["hexamod:ThermalTransfer","hexamod:NightmareGuise","hexamod:SwordOfDarkness"],"picked":"hexamod:BurningTouch","floor":8},{"not_picked":["hexamod:RainOfEmbers","hexamod:AdvancingGuard","hexamod:InspiringFlames"],"picked":"hexamod:TimeWarp","floor":9},{"not_picked":["hexamod:BacktrackSmack","hexamod:ShieldOfDarkness","hexamod:InspiringFlames"],"picked":"hexamod:AdvancingGuard","floor":10},{"not_picked":["hexamod:DynamicBlow","hexamod:BurningTouch","hexamod:Haunt"],"picked":"hexamod:Rewind","floor":11},{"not_picked":["hexamod:BacktrackSmack","hexamod:AdvancingGuard","hexamod:ThermalTransfer"],"picked":"hexamod:EmpoweredFlame","floor":15},{"not_picked":["hexamod:EmpoweringStance","hexamod:TimeWarp","hexamod:VolcanoVisage"],"picked":"hexamod:CrushingStance","floor":16},{"not_picked":["Spreading Infection","Overencumbered","Shame"],"picked":"Sickly","floor":17},{"not_picked":["Voices","Overencumbered","Doubt"],"picked":"Shame","floor":17},{"not_picked":["Spreading Infection","Languid","Replay:Hysterical Blindness"],"picked":"Doubt","floor":17},{"not_picked":["hexamod:SpectersWail","hexamod:GhostShield","hexamod:BacktrackSmack"],"picked":"hexamod:AdvancingGuard","floor":19},{"not_picked":["hexamod:HeatShield","hexamod:SuperheatedStrike","hexamod:HauntingEcho+1"],"picked":"hexamod:SoulSteal","floor":20},{"not_picked":["hexamod:GhostOfSpirePresent","hexamod:ChargedBarrage","hexamod:NightmareStrike"],"picked":"hexamod:RainOfEmbers+1","floor":25},{"not_picked":["hexamod:SecondSeal","hexamod:Rewind","hexamod:CatchUp"],"picked":"hexamod:NecessarySacrifice+1","floor":26},{"not_picked":["hexamod:AdvancingGuard+1","hexamod:Firestarter","hexamod:HauntingEcho"],"picked":"hexamod:VolcanoVisage","floor":27},{"not_picked":["hexamod:SwordOfDarkness","hexamod:ThermalTransfer+1","hexamod:Firestarter"],"picked":"hexamod:CrushingStance","floor":29},{"not_picked":["hexamod:ShieldOfDarkness","hexamod:SpectersWail","hexamod:FastForward","hexamod:SecondSeal"],"picked":"SKIP","floor":31},{"not_picked":["hexamod:NightmareStrike","hexamod:RetreatToShadows","hexamod:FourthSeal","hexamod:FirstSeal"],"picked":"SKIP","floor":32},{"not_picked":["hexamod:Toasty","hexamod:GiftsFromTheDead","hexamod:GhostflameInferno"],"picked":"hexamod:WildfireWeapon","floor":33},{"not_picked":["hexamod:ThermalTransfer","hexamod:NightmareStrike","hexamod:GhostShield+1","hexamod:SwordOfDarkness+1"],"picked":"hexamod:Incineration+1","floor":36},{"not_picked":["hexamod:InspiringFlames+1","hexamod:ThirdSeal","hexamod:SwordOfDarkness","hexamod:RainOfEmbers+1"],"picked":"hexamod:FastForward+1","floor":37},{"not_picked":["hexamod:NightmareStrike+1","hexamod:GhostLash","hexamod:HauntingEcho+1","hexamod:FastForward"],"picked":"hexamod:ExtraCrispy+1","floor":38},{"not_picked":["hexamod:NightmareGuise+1","hexamod:SuperheatedStrike+1","hexamod:GhostLash+1","hexamod:Incineration+1"],"picked":"hexamod:FastForward+1","floor":39},{"not_picked":["hexamod:SpectralSpark+1","hexamod:GhostOfSpirePresent","hexamod:ThermalTransfer","hexamod:GhostflameBarrier+1"],"picked":"hexamod:RecurringNightmare+1","floor":40},{"not_picked":["hexamod:Again","hexamod:RainOfEmbers+1","hexamod:RadiantFlame+1","hexamod:SpectersWail"],"picked":"hexamod:PowerFromBeyond+1","floor":43},{"not_picked":["hexamod:GhostOfSpirePresent+1","hexamod:SkipABeat+1","hexamod:GhostLash","hexamod:CatchUp+1"],"picked":"hexamod:GhostflameInferno","floor":44},{"not_picked":["hexamod:SpectersWail+1","hexamod:RainOfEmbers+1","hexamod:BurningTouch+1","hexamod:RetreatToShadows+1"],"picked":"hexamod:PowerFromBeyond+1","floor":45},{"not_picked":["hexamod:ShieldOfDarkness+1","hexamod:SuperheatedStrike+1","hexamod:PhantomCloak+1","hexamod:EtherealExpedition+1"],"picked":"hexamod:GhostOfSpirePast","floor":47},{"not_picked":["hexamod:SkipABeat","hexamod:PowerFromBeyond","hexamod:StepThrough+1","hexamod:FlamesFromBeyond"],"picked":"hexamod:WildfireWeapon","floor":48},{"not_picked":["hexamod:ThirdSeal","hexamod:GhostShield","hexamod:DynamicBlow+1","hexamod:SecondSeal"],"picked":"hexamod:EmpoweredFlame","floor":49}],"player_experience":733440,"relics_obtained":[{"floor":3,"key":"ReplayTheSpireMod:Ring of Collecting"},{"floor":3,"key":"Ring of Panic"},{"floor":6,"key":"Omamori"},{"floor":7,"key":"Question Card"},{"floor":7,"key":"Ring of Fangs"},{"floor":18,"key":"Guardian:PocketSentry"},{"floor":24,"key":"Anchor"},{"floor":24,"key":"Ring of Greed"},{"floor":24,"key":"Smiling Mask"},{"floor":24,"key":"Replay:Bandana"},{"floor":31,"key":"Replay:PocketPolymizer"},{"floor":41,"key":"Gremlin Horn"},{"floor":41,"key":"ReplayTheSpireMod:Ring of Exchange"},{"floor":45,"key":"Juzu Bracelet"},{"floor":47,"key":"Potion Belt"},{"floor":48,"key":"Molten Egg 2"}],"event_choices":[{"damage_healed":0,"gold_gain":0,"player_choice":"Upgraded","damage_taken":0,"max_hp_gain":0,"max_hp_loss":0,"event_name":"Upgrade Shrine","floor":4,"gold_loss":0,"cards_upgraded":["hexamod:InspiringFlames"]},{"damage_healed":0,"gold_gain":0,"player_choice":"Success","damage_taken":12,"relics_obtained":["Oddly Smooth Stone"],"max_hp_gain":0,"max_hp_loss":0,"event_name":"Scrap Ooze","floor":14,"gold_loss":0},{"damage_healed":0,"gold_gain":0,"cards_transformed":["hexamod:Strike"],"player_choice":"Transformed","damage_taken":0,"max_hp_gain":0,"max_hp_loss":0,"event_name":"Transmorgrifier","floor":23,"gold_loss":0,"cards_obtained":["hexamod:EtherealExpedition"]},{"damage_healed":0,"gold_gain":0,"player_choice":"Copied","damage_taken":0,"max_hp_gain":0,"max_hp_loss":0,"event_name":"Duplicator","floor":28,"gold_loss":0,"cards_obtained":["hexamod:GiftsFromTheDead"]}],"is_beta":false,"boss_relics":[{"not_picked":["Sozu","Black Star"],"picked":"Replay:Ancient Bell"},{"not_picked":["Vajra","Orichalcum"],"picked":"Pet Ghost"},{"not_picked":["Divine Protection","Mirror"],"picked":"The Courier"},{"not_picked":["Ginger","Replay:Towering Pillar of Hats"],"picked":"Pondfish Scales"},{"not_picked":["Astrolabe","Velvet Choker"],"picked":"Honey Jar"}],"items_purged_floors":[29],"is_endless":false,"potions_floor_spawned":[5,8,9,10,15,27,31,32,39,43,44,48],"ascension_level":1}}