{"host":"v4s5k3c6jywmeofl","time":1608875558,"event":{"mods":["Act Like it!","BaseMod","Colored Map","Downfall","Gensokyo","Hallownest","Hermit","Marisa????????","Minty Spire (QoL Compilation)","Quick Restart","Random Character Button","Rare Cards Sparkle","Replay The Spire","StSLib","The Animator","The Bug Knight","The Cursed","The Hierophant","The Servant 0.9.4"],"gold_per_floor":[114,114,166,183,193,193,193],"floor_reached":6,"playtime":196,"items_purged":[],"score":38,"play_id":"a5bbfd99-cdf1-4ac9-85de-5c30a6ba6d56","local_time":"20201225005238","is_ascension_mode":true,"campfire_choices":[],"circlet_count":0,"master_deck":["Strike_R","Strike_R","Strike_R","Strike_R","Strike_R","Defend_R+1","Defend_R","Defend_R","Defend_R","Bash+1","expansioncontent:GoopSpray","ReplayTheSpireMod:Muscle Training","ReplayTheSpireMod:Corrosion Curse","Iron Wave"],"relics":["Burning Blood","Ancient Tea Set"],"acts_visited":["Exordium"],"potions_floor_usage":[],"damage_taken":[{"damage":6,"enemies":"Cultist","floor":1,"turns":3},{"damage":19,"enemies":"Jaw Worm","floor":4,"turns":3},{"damage":1,"enemies":"Small Slimes","floor":5,"turns":3},{"damage":64,"enemies":"Lagavulin","floor":6,"turns":7}],"seed_played":"-4041666013862583","potions_obtained":[{"floor":5,"key":"Fire Potion"}],"is_trial":false,"path_per_floor":["M","?","T","M","M","E"],"character_chosen":"IRONCLAD","items_purchased":[],"campfire_rested":0,"item_purchase_floors":[],"current_hp_per_floor":[80,64,64,51,56,0,0],"gold":193,"neow_bonus":"RANDOM_COLORLESS","is_daily":false,"chose_seed":false,"campfire_upgraded":0,"win_rate":0.0,"timestamp":1608875558,"path_taken":["M","?","?","M","M","E"],"items_purchased_type":[],"build_version":"2020-12-22","purchased_purges":0,"victory":false,"max_hp_per_floor":[80,80,80,80,80,80,80],"card_choices":[{"not_picked":["Purity","Replay:Sssssssssshield"],"picked":"expansioncontent:GoopSpray","floor":0},{"not_picked":["Burning Pact","Shrug It Off"],"picked":"ReplayTheSpireMod:Muscle Training","floor":1},{"not_picked":["Feel No Pain","Searing Blow"],"picked":"ReplayTheSpireMod:Corrosion Curse","floor":4},{"not_picked":["Headbutt","Run Through"],"picked":"Iron Wave","floor":5}],"player_experience":146993,"relics_obtained":[{"floor":3,"key":"Ancient Tea Set"}],"event_choices":[{"damage_healed":0,"gold_gain":0,"player_choice":"Entered Light","damage_taken":16,"max_hp_gain":0,"max_hp_loss":0,"event_name":"Shining Light","floor":2,"gold_loss":0,"cards_upgraded":["Defend_R","Bash"]}],"is_beta":false,"boss_relics":[],"items_purged_floors":[],"is_endless":false,"potions_floor_spawned":[5],"killed_by":"Lagavulin","ascension_level":1}}