{"host":"337p6miwxbqfki03","time":1608855355,"event":{"mods":["BaseMod","Better Third Choice","Colored Map","Conspire","Downfall","Hermit","Hubris","Minty Spire (QoL Compilation)","Replay The Spire","StSLib","The Cursed","The Hierophant","The Marked","The Necromancer","The Poker Player","The Sage","The Valiant","Unceasing Turn Reminder"],"gold_per_floor":[112,78,78,90,107,107,141,185,208,233,243,46,66,81,81,184,184,197,197,197,208,208],"floor_reached":21,"playtime":2871,"items_purged":[],"score":191,"play_id":"a741e62f-9f67-4358-bc80-1f7bdb51d6c8","local_time":"20201224181555","is_ascension_mode":false,"campfire_choices":[{"data":"Summon_Undead","floor":6,"key":"SMITH"},{"floor":15,"key":"REST"}],"circlet_count":0,"master_deck":["Strike_W","Strike_W","Strike_W","Strike_W","Defend_W","Defend_W","Defend_W","Defend_W","Negative_Energy_Arrows","Bone_Wall","Negative_Energy_Burst","Summon_Undead+1","Blood_Curse+1","Pot Of Greed","Pot Of Greed","Exploit+1","Acid_Javelin","Grasp_Heart","Summon_Lich","Consume_Illness","Summon_Undead","Bones_to_Steel","Negative_Energy_Bomb","Negative_Energy_Shield","Pandemic","Plague_Bolt","Pot Of Greed"],"relics":["Vampire_Amulet","NeowsBlessing","Grinning Jar","Mirror","Whetstone","Ancient Tea Set","Toolbox","Coffee Dripper","hubris:Icosahedron"],"acts_visited":["Exordium","TheCity"],"potions_floor_usage":[],"damage_taken":[{"damage":0,"enemies":"Small Slimes","floor":1,"turns":2},{"damage":0,"enemies":"2 Louse","floor":4,"turns":1},{"damage":0,"enemies":"Cultist","floor":5,"turns":1},{"damage":17,"enemies":"3 Sentries","floor":7,"turns":6},{"damage":20,"enemies":"conspire:MimicChest","floor":8,"turns":7},{"damage":24,"enemies":"Lagavulin","floor":10,"turns":5},{"damage":8,"enemies":"Lots of Slimes","floor":11,"turns":2},{"damage":10,"enemies":"Red Slaver","floor":13,"turns":3},{"damage":10,"enemies":"Large Slime","floor":14,"turns":4},{"damage":13,"enemies":"Hexaghost","floor":16,"turns":7},{"damage":0,"enemies":"Chosen","floor":18,"turns":3},{"damage":23,"enemies":"Spheric Guardian","floor":21,"turns":6}],"seed_played":"-297478962350967687","potions_obtained":[{"floor":5,"key":"Swift Potion"},{"floor":7,"key":"DistilledChaos"},{"floor":8,"key":"Strength Potion"}],"is_trial":false,"path_per_floor":["M","?","?","M","M","R","E","?","T","E","M","$","M","M","R","B",null,"M","?","?","M"],"character_chosen":"NECROMANCER","items_purchased":["Consume_Illness","Toolbox"],"campfire_rested":1,"item_purchase_floors":[12,12],"current_hp_per_floor":[75,75,75,75,75,75,64,46,46,24,26,26,26,29,51,40,75,75,75,75,54,54],"gold":208,"neow_bonus":"THREE_ENEMY_KILL","is_daily":false,"chose_seed":false,"campfire_upgraded":1,"win_rate":0.0,"timestamp":1608855355,"path_taken":["M","?","?","M","M","R","E","?","T","E","?","$","?","M","R","BOSS","M","?","?","?"],"items_purchased_type":["Card","Relic"],"build_version":"2020-12-22","purchased_purges":0,"victory":false,"max_hp_per_floor":[75,75,75,75,75,75,75,75,75,75,75,75,75,75,75,75,75,75,75,75,75,75],"card_choices":[{"not_picked":["Negative_Energy_Mist","Exploit"],"picked":"Negative_Energy_Burst","floor":1},{"not_picked":["Negative_Energy_Javelin","Epidemic"],"picked":"Summon_Undead","floor":4},{"not_picked":["Death_Coil","Bone_Shift"],"picked":"Blood_Curse","floor":5},{"not_picked":["Flesh_Made_Foul","Bone_Armory"],"picked":"Exploit","floor":7},{"not_picked":["Blood_Whip","Chill_Blood"],"picked":"Acid_Javelin","floor":8},{"not_picked":["Blood_Shield","Life_Tap"],"picked":"Grasp_Heart","floor":10},{"not_picked":["Death_Coil","Negative_Energy_Javelin"],"picked":"Summon_Lich","floor":11},{"not_picked":["Finger_Of_Death","Shade_Step"],"picked":"Summon_Undead","floor":13},{"not_picked":["Blood_for_Blood","Vampiric_Strike"],"picked":"Bones_to_Steel","floor":14},{"not_picked":["Detonate_Bones","Cloudkill"],"picked":"Negative_Energy_Bomb","floor":16},{"not_picked":["Bone_Bullets","Shade_Step+1"],"picked":"Negative_Energy_Shield","floor":18},{"not_picked":["Bone_Spikes","Blood_Whip+1"],"picked":"Plague_Bolt","floor":21}],"player_experience":187483,"relics_obtained":[{"floor":7,"key":"Grinning Jar"},{"floor":8,"key":"Mirror"},{"floor":9,"key":"Whetstone"},{"floor":10,"key":"Ancient Tea Set"}],"event_choices":[{"damage_healed":0,"gold_gain":0,"player_choice":"Left","damage_taken":0,"max_hp_gain":0,"max_hp_loss":0,"event_name":"betterThird:BetterGoop","floor":2,"gold_loss":34}],"is_beta":false,"boss_relics":[{"not_picked":["Runic Dome","Replay:Bronze Core"],"picked":"Coffee Dripper"}],"items_purged_floors":[],"is_endless":false,"potions_floor_spawned":[5,7,8,11,13,14],"killed_by":"Spheric Guardian","ascension_level":0}}