{"host":"y1gy3vaohdji07z5","time":1608917304,"event":{"mods":["BaseMod","Colored Map","Colored Powertips","Hermit","Minty Spire (QoL Compilation)","Random Character Button","Rare Cards Sparkle","StSLib"],"gold_per_floor":[112,127,139,152,77,77,107,119,158,182,204,216,81,97,97,200,200,219,60,75,75,75,110,125,125,125,125,135,152,171,185,185,185,185],"floor_reached":33,"playtime":1625,"items_purged":["Strike_P","Strike_P","Strike_P"],"score":380,"play_id":"a1c65327-9297-4828-b33c-583c3da425f2","local_time":"20201225182824","is_ascension_mode":true,"campfire_choices":[{"data":"Conclude","floor":6,"key":"SMITH"},{"floor":12,"key":"REST"},{"data":"Eruption","floor":15,"key":"SMITH"},{"data":"Ghostly","floor":25,"key":"SMITH"},{"data":"Ragnarok","floor":27,"key":"SMITH"},{"data":"WheelKick","floor":32,"key":"SMITH"}],"circlet_count":0,"master_deck":["Strike_P","Defend_P","Defend_P","Defend_P","Defend_P","Eruption+1","Vigilance+1","Conclude+1","Crescendo","DeceiveReality","CutThroughFate","ReachHeaven","ClearTheMind","WheelKick+1","Ragnarok+1","Tantrum","DeceiveReality","Ghostly+1","Ghostly+1","Ghostly","Ghostly","Ghostly","CutThroughFate","Tantrum","CutThroughFate","WheelKick+1"],"relics":["PureWater","MawBank","NlothsMask","Cursed Key","Bronze Scales"],"acts_visited":["Exordium","TheCity"],"potions_floor_usage":[7,14,33,33,33],"damage_taken":[{"damage":1,"enemies":"Jaw Worm","floor":1,"turns":5},{"damage":0,"enemies":"Cultist","floor":2,"turns":2},{"damage":0,"enemies":"2 Louse","floor":3,"turns":2},{"damage":0,"enemies":"Lots of Slimes","floor":4,"turns":1},{"damage":25,"enemies":"Lagavulin","floor":7,"turns":4},{"damage":8,"enemies":"Large Slime","floor":10,"turns":6},{"damage":0,"enemies":"2 Fungi Beasts","floor":11,"turns":2},{"damage":24,"enemies":"Exordium Thugs","floor":14,"turns":5},{"damage":0,"enemies":"Slime Boss","floor":16,"turns":3},{"damage":0,"enemies":"Chosen","floor":18,"turns":4},{"damage":0,"enemies":"Spheric Guardian","floor":20,"turns":3},{"damage":1,"enemies":"Slavers","floor":23,"turns":5},{"damage":3,"enemies":"Chosen and Byrds","floor":24,"turns":3},{"damage":0,"enemies":"Centurion and Healer","floor":28,"turns":3},{"damage":4,"enemies":"Shelled Parasite and Fungi","floor":29,"turns":4},{"damage":0,"enemies":"Snake Plant","floor":30,"turns":3},{"damage":1,"enemies":"Sentry and Sphere","floor":31,"turns":3},{"damage":38,"enemies":"Collector","floor":33,"turns":3}],"seed_played":"-6253910355601191358","potions_obtained":[{"floor":1,"key":"Block Potion"},{"floor":3,"key":"ColorlessPotion"},{"floor":14,"key":"Weak Potion"},{"floor":16,"key":"BottledMiracle"},{"floor":18,"key":"EntropicBrew"},{"floor":23,"key":"Regen Potion"}],"is_trial":false,"path_per_floor":["M","M","M","M","$","R","E","?","T","M","M","R","$","M","R","B",null,"M","$","M","?","?","E","M","R","T","R","M","M","M","M","R","B"],"character_chosen":"WATCHER","items_purchased":["ClearTheMind","DeceiveReality"],"campfire_rested":1,"item_purchase_floors":[13,19],"current_hp_per_floor":[71,71,71,71,71,71,46,46,46,38,38,59,59,35,35,35,72,72,72,72,36,36,35,32,32,32,32,32,28,28,27,27,0,0],"gold":185,"neow_bonus":"UPGRADE_CARD","is_daily":false,"chose_seed":false,"campfire_upgraded":5,"win_rate":0.0,"timestamp":1608917304,"path_taken":["M","M","M","M","$","R","E","?","T","M","M","R","$","M","R","BOSS","M","$","M","?","?","E","M","R","T","R","M","M","M","M","R","BOSS"],"items_purchased_type":["Card","Card"],"build_version":"2020-12-22","purchased_purges":3,"victory":false,"max_hp_per_floor":[72,72,72,72,72,72,72,72,72,72,72,72,72,72,72,72,72,72,72,72,36,36,36,36,36,36,36,36,36,36,36,36,36,36],"card_choices":[{"not_picked":["Weave","BowlingBash"],"picked":"Conclude","floor":1},{"not_picked":["EmptyBody","TalkToTheHand"],"picked":"Crescendo","floor":2},{"not_picked":["EmptyFist","Consecrate","EmptyBody"],"picked":"SKIP","floor":3},{"not_picked":["BowlingBash","FollowUp","WaveOfTheHand"],"picked":"SKIP","floor":4},{"not_picked":["EmptyMind","WreathOfFlame"],"picked":"DeceiveReality","floor":7},{"not_picked":["TalkToTheHand","FlurryOfBlows"],"picked":"CutThroughFate","floor":10},{"not_picked":["SashWhip","EmptyBody"],"picked":"ReachHeaven","floor":11},{"not_picked":["LikeWater","ThirdEye"],"picked":"WheelKick","floor":14},{"not_picked":["Blasphemy","Establishment"],"picked":"Ragnarok","floor":16},{"not_picked":["EmptyMind+1","JustLucky"],"picked":"Tantrum","floor":18},{"not_picked":["Indignation","Halt","BowlingBash+1"],"picked":"SKIP","floor":20},{"not_picked":["EmptyFist","Crescendo"],"picked":"CutThroughFate","floor":23},{"not_picked":["Blasphemy","Consecrate","SignatureMove"],"picked":"SKIP","floor":24},{"not_picked":["EmptyFist","FlyingSleeves","EmptyBody"],"picked":"SKIP","floor":28},{"not_picked":["SashWhip","Worship"],"picked":"Tantrum","floor":29},{"not_picked":["Fasting2+1","Evaluate"],"picked":"CutThroughFate","floor":30},{"not_picked":["InnerPeace","Wireheading+1"],"picked":"WheelKick+1","floor":31}],"player_experience":363676,"relics_obtained":[{"floor":7,"key":"MawBank"},{"floor":23,"key":"Bronze Scales"}],"event_choices":[{"damage_healed":0,"gold_gain":0,"player_choice":"Trade","damage_taken":0,"relics_obtained":["NlothsMask"],"max_hp_gain":0,"max_hp_loss":0,"event_name":"FaceTrader","floor":8,"gold_loss":0},{"damage_healed":0,"gold_gain":0,"player_choice":"Became a Ghost","damage_taken":0,"max_hp_gain":0,"max_hp_loss":36,"event_name":"Ghosts","floor":21,"gold_loss":0,"cards_obtained":["Ghostly","Ghostly","Ghostly","Ghostly","Ghostly"]},{"damage_healed":0,"gold_gain":0,"player_choice":"Upgraded","damage_taken":0,"max_hp_gain":0,"max_hp_loss":0,"event_name":"Upgrade Shrine","floor":22,"gold_loss":0,"cards_upgraded":["Ghostly"]}],"is_beta":false,"boss_relics":[{"not_picked":["Runic Dome","Coffee Dripper"],"picked":"Cursed Key"}],"items_purged_floors":[5,13,19],"is_endless":false,"potions_floor_spawned":[1,3,14,16,18,23,24,30,31],"killed_by":"Collector","ascension_level":2}}