{"host":"y0g3igjvi2dlgj2k","time":1608915140,"event":{"mods":["BaseMod","Colored Powertips","Defuse TimeMaze Blight","Minty Spire (QoL Compilation)","StSLib","The Animator"],"gold_per_floor":[128,141,156,178,194,194,207,38,38,38,38,52,72,72,72,200,200,225,240,261,8,44,44,80,80,107,128,148,148,158,158,158,258,258,269,0,31,31,31,31,43,43,43,43,54,6,38,52,52,52],"floor_reached":51,"playtime":3933,"items_purged":["animator:Strike","animator:DwarfShaman"],"score":695,"play_id":"dca1e782-c8fe-44d4-93c7-ba2735311a5d","local_time":"20201225175220","is_ascension_mode":false,"campfire_choices":[{"data":"animator:Shigure","floor":6.0,"key":"SMITH"},{"floor":15.0,"key":"REST"},{"floor":23.0,"key":"REST"},{"data":"animator:KrulTepes","floor":25.0,"key":"SMITH"},{"floor":32,"key":"REST"},{"floor":40,"key":"REST"},{"floor":42,"key":"REST"},{"floor":49,"key":"REST"}],"circlet_count":0,"master_deck":["animator:Chung","animator:Raven","animator:Priestess","animator:Millim+1","animator:Shigure+1","animator:Lu","animator:Yoichi","animator:Chung","animator:NarberalGamma","animator:Chung","animator:Shigure","animator:Rena","animator:Albedo","animator:Sloth","animator:Shinoa","animator:Mikaela","animator:Scar","animator:Scar","animator:Benimaru","animator:KrulTepes+1","animator:Mikaela","animator:Aisha","animator:Mikaela","animator:Shigure","animator:Guren","animator:GazelDwargon+1","animator:SuzuneAmano","animator:CrowleyEusford","animator:NagisaMomoe+1","animator:Mitsuba"],"relics":["animator:LivingPicture","animator:TheMissingPiece","Centennial Puzzle","Bloody Idol","Pandora\u0027s Box","Bag of Preparation","Darkstone Periapt","Regal Pillow","animator:HolyGrailRelic","Red Mask","Oddly Smooth Stone","Meat on the Bone","Blood Vial","Omamori"],"acts_visited":["Exordium","TheCity","TheBeyond"],"potions_floor_usage":[33,37,47,50,50],"damage_taken":[{"damage":0.0,"enemies":"Jaw Worm","floor":1.0,"turns":5.0},{"damage":0.0,"enemies":"2 Louse","floor":2.0,"turns":3.0},{"damage":0.0,"enemies":"Cultist","floor":3.0,"turns":5.0},{"damage":4.0,"enemies":"Exordium Wildlife","floor":4.0,"turns":5.0},{"damage":5.0,"enemies":"2 Fungi Beasts","floor":5.0,"turns":5.0},{"damage":0.0,"enemies":"Looter","floor":7.0,"turns":3.0},{"damage":5.0,"enemies":"Exordium Wildlife","floor":12.0,"turns":4.0},{"damage":2.0,"enemies":"2 Fungi Beasts","floor":13.0,"turns":4.0},{"damage":11.0,"enemies":"Slime Boss","floor":16.0,"turns":9.0},{"damage":0.0,"enemies":"Chosen","floor":18.0,"turns":6.0},{"damage":12.0,"enemies":"2 Thieves","floor":19.0,"turns":4.0},{"damage":13.0,"enemies":"Sentry and Sphere","floor":20.0,"turns":5.0},{"damage":11.0,"enemies":"Snecko","floor":22.0,"turns":4.0},{"damage":0.0,"enemies":"animator:HornedBat","floor":24.0,"turns":9.0},{"damage":34.0,"enemies":"Shelled Parasite and Fungi","floor":27.0,"turns":8.0},{"damage":2.0,"enemies":"Centurion and Healer","floor":28.0,"turns":7.0},{"damage":21.0,"enemies":"Snake Plant","floor":30.0,"turns":4.0},{"damage":52,"enemies":"Champ","floor":33,"turns":13},{"damage":33,"enemies":"3 Darklings","floor":35,"turns":8},{"damage":13,"enemies":"3 Shapes","floor":37,"turns":6},{"damage":41,"enemies":"Jaw Worm Horde","floor":41,"turns":6},{"damage":30,"enemies":"Maw","floor":45,"turns":9},{"damage":22,"enemies":"Nemesis","floor":47,"turns":11},{"damage":35,"enemies":"3 Darklings","floor":48,"turns":7},{"damage":81,"enemies":"Time Eater","floor":50,"turns":14}],"seed_played":"-4446231508864428303","potions_obtained":[{"floor":3.0,"key":"SpeedPotion"},{"floor":4.0,"key":"SkillPotion"},{"floor":16.0,"key":"Strength Potion"},{"floor":18.0,"key":"Explosive Potion"},{"floor":22.0,"key":"EssenceOfSteel"},{"floor":24.0,"key":"Dexterity Potion"},{"floor":30.0,"key":"SpeedPotion"},{"floor":35,"key":"AttackPotion"},{"floor":45,"key":"Dexterity Potion"},{"floor":48,"key":"Weak Potion"}],"is_trial":false,"path_per_floor":["M","M","M","M","M","R","M","$","T","?","?","M","M","?","R","B",null,"M","M","M","$","M","R","E","R","T","M","M","?","M","?","R","B",null,"M","?","M","?","$","R","M","R","T","T","M","$","E","M","R","B",null],"character_chosen":"THE_ANIMATOR","items_purchased":["animator:NarberalGamma","animator:Chung","Bag of Preparation","AttackPotion"],"campfire_rested":6,"item_purchase_floors":[8,8,21,46],"current_hp_per_floor":[72,72,72,68,63,63,63,63,63,63,63,58,57,39,60,49,73,73,61,48,48,37,58,58,58,58,24,22,22,6,30,66,19,81,55,55,54,54,54,85,51,87,87,87,62,62,58,44,86,21],"gold":52,"neow_bonus":"TEN_PERCENT_HP_BONUS","is_daily":false,"chose_seed":false,"campfire_upgraded":2,"win_rate":0.0,"timestamp":1608915140,"path_taken":["M","M","M","M","M","R","M","$","T","?","?","?","M","?","R","BOSS","M","M","M","$","M","R","E","R","T","M","M","?","M","?","R","BOSS","M","?","M","?","?","R","M","R","T","?","M","$","E","M","R","BOSS"],"items_purchased_type":["Card","Card","Relic","Potion"],"build_version":"2020-12-22","purchased_purges":2,"victory":true,"max_hp_per_floor":[72,72,72,72,72,72,72,72,72,72,72,72,73,73,73,73,73,73,73,73,73,73,73,73,73,73,73,73,73,73,73,73,73,81,83,83,85,85,85,85,87,87,87,87,87,87,88,90,90,92],"card_choices":[{"not_picked":["animator:Sebas","animator:Aisha"],"picked":"animator:Priestess","floor":1.0},{"not_picked":["animator:DwarfShaman","animator:SayakaMiki"],"picked":"animator:Millim","floor":2.0},{"not_picked":["animator:YachiyoNanami","animator:OrikoMikuni"],"picked":"animator:Shigure","floor":3.0},{"not_picked":["animator:Ara","animator:Ain"],"picked":"animator:Lu","floor":4.0},{"not_picked":["animator:Sebas","animator:GuildGirl"],"picked":"animator:Yoichi","floor":5.0},{"not_picked":["animator:SuzuneAmano","animator:Shigure"],"picked":"animator:Chung","floor":7.0},{"not_picked":["animator:Vesta","animator:YachiyoNanami"],"picked":"animator:Shigure","floor":12.0},{"not_picked":["animator:Lu","animator:Aisha"],"picked":"animator:Rena","floor":13.0},{"not_picked":["animator:Envy","animator:Elesis"],"picked":"animator:Albedo","floor":16.0},{"not_picked":["animator:MaesHughes","animator:LizardPriest"],"picked":"animator:KrulTepes","floor":18.0},{"not_picked":["animator:Scar","animator:YuiTsuruno+1"],"picked":"animator:Mikaela","floor":19.0},{"not_picked":["animator:Elsword","animator:Sebas+1","animator:Laby"],"picked":"SKIP","floor":20.0},{"not_picked":["animator:Ara","animator:Chung"],"picked":"animator:Aisha","floor":22.0},{"not_picked":["animator:Kyubey","animator:YuiTsuruno","animator:Shalltear"],"picked":"SKIP","floor":24.0},{"not_picked":["animator:NarberalGamma","animator:ElricEdward"],"picked":"animator:Mikaela","floor":27.0},{"not_picked":["animator:WinryRockbell","animator:Gluttony","animator:Add"],"picked":"SKIP","floor":28.0},{"not_picked":["animator:Mikaela","animator:Shinoa"],"picked":"animator:Shigure","floor":30.0},{"not_picked":["animator:Kyubey","animator:Envy"],"picked":"animator:Guren","floor":33},{"not_picked":["animator:Chung","animator:Pride"],"picked":"animator:GazelDwargon+1","floor":35},{"not_picked":["animator:Add+1","animator:Scar"],"picked":"animator:SuzuneAmano","floor":37},{"not_picked":["animator:Shuna","animator:Shion","animator:OrikoMikuni"],"picked":"SKIP","floor":41},{"not_picked":["animator:Shinoa","animator:KrulTepes"],"picked":"animator:CrowleyEusford","floor":45},{"not_picked":["animator:KrulTepes+1","animator:Father"],"picked":"animator:NagisaMomoe+1","floor":47},{"not_picked":["animator:Demiurge","animator:Evileye+1"],"picked":"animator:Mitsuba","floor":48}],"player_experience":128938,"relics_obtained":[{"floor":9.0,"key":"Centennial Puzzle"},{"floor":24.0,"key":"Darkstone Periapt"},{"floor":26.0,"key":"Regal Pillow"},{"floor":43,"key":"Oddly Smooth Stone"},{"floor":44,"key":"Meat on the Bone"},{"floor":47,"key":"Blood Vial"},{"floor":47,"key":"Omamori"}],"event_choices":[{"damage_healed":0.0,"max_hp_gain":0.0,"max_hp_loss":0.0,"gold_gain":0.0,"event_name":"Liars Game","player_choice":"Ignored","floor":10.0,"gold_loss":0.0,"damage_taken":0.0},{"damage_healed":0.0,"max_hp_gain":0.0,"max_hp_loss":0.0,"gold_gain":0.0,"event_name":"Upgrade Shrine","player_choice":"Upgraded","floor":11.0,"gold_loss":0.0,"damage_taken":0.0,"cards_upgraded":["animator:Millim"]},{"damage_healed":0.0,"max_hp_gain":0.0,"max_hp_loss":0.0,"gold_gain":0.0,"event_name":"Golden Idol","player_choice":"Take Damage","floor":14.0,"gold_loss":0.0,"damage_taken":18.0,"relics_obtained":["Golden Idol"]},{"damage_healed":0.0,"max_hp_gain":0.0,"max_hp_loss":0.0,"gold_gain":0.0,"event_name":"Forgotten Altar","player_choice":"Gave Idol","floor":29.0,"relics_lost":["Golden Idol"],"gold_loss":0.0,"damage_taken":0.0,"relics_obtained":["Bloody Idol"]},{"damage_healed":24.0,"max_hp_gain":0.0,"max_hp_loss":0.0,"gold_gain":0.0,"event_name":"The Library","player_choice":"Heal","floor":31.0,"gold_loss":0.0,"damage_taken":0.0},{"damage_healed":0,"gold_gain":0,"player_choice":"Paid","damage_taken":0,"relics_obtained":["Red Mask"],"max_hp_gain":0,"max_hp_loss":0,"event_name":"Tomb of Lord Red Mask","floor":36,"gold_loss":269},{"damage_healed":0,"gold_gain":0,"player_choice":"Ignored","damage_taken":0,"max_hp_gain":0,"max_hp_loss":0,"event_name":"Mysterious Sphere","floor":38,"gold_loss":0}],"is_beta":false,"boss_relics":[{"not_picked":["animator:CursedBlade","Mark of Pain"],"picked":"Pandora\u0027s Box"},{"not_picked":["Mark of Pain","Cursed Key"],"picked":"animator:HolyGrailRelic"}],"items_purged_floors":[8,21],"is_endless":false,"potions_floor_spawned":[1,3,4,13,16,18,22,24,30,35,45,48],"ascension_level":0}}