{"host":"utqe55yv0jihe4d6","time":1608869511,"event":{"mods":["2.2 Compatiblity","AchievementEnabler","BaseMod","Block Reminder","Colored Map","Colored Powertips","Minty Spire (QoL Compilation)","Quick Restart","Rare Cards Sparkle","Relic Stats","SuperFastMode"],"gold_per_floor":[10,29,43,43,43,78,78,119,119,119,119,152,176,195,195,195,195],"floor_reached":16,"playtime":334,"items_purged":[],"score":290,"play_id":"6ae307fb-2ced-4f13-a711-06338d9fc4b2","local_time":"20201224231151","is_ascension_mode":true,"campfire_choices":[{"data":"Perfected Strike","floor":7,"key":"SMITH"},{"data":"Uppercut","floor":10,"key":"SMITH"},{"data":"Disarm","floor":15,"key":"SMITH"}],"circlet_count":0,"master_deck":["AscendersBane","Strike_R","Strike_R","Strike_R","Strike_R","Defend_R","Defend_R","Defend_R","Defend_R","Bash","Perfected Strike","Headbutt","Perfected Strike+1","Uppercut+1","Shrug It Off","Wild Strike","Disarm+1"],"relics":["Burning Blood","Bird Faced Urn","Golden Idol","FossilizedHelix","Paper Frog","Shuriken","Centennial Puzzle","PreservedInsect"],"acts_visited":["Exordium"],"potions_floor_usage":[],"damage_taken":[{"damage":1,"enemies":"Cultist","floor":1,"turns":3},{"damage":4,"enemies":"Jaw Worm","floor":2,"turns":4},{"damage":10,"enemies":"Small Slimes","floor":3,"turns":4},{"damage":40,"enemies":"Lagavulin","floor":6,"turns":7},{"damage":0,"enemies":"Gremlin Nob","floor":8,"turns":3},{"damage":25,"enemies":"3 Sentries","floor":12,"turns":6},{"damage":0,"enemies":"Red Slaver","floor":13,"turns":2},{"damage":0,"enemies":"2 Fungi Beasts","floor":14,"turns":3},{"damage":34,"enemies":"Hexaghost","floor":16,"turns":9}],"seed_played":"-3837408377015630241","potions_obtained":[{"floor":8,"key":"SteroidPotion"},{"floor":14,"key":"Swift Potion"}],"is_trial":false,"path_per_floor":["M","M","M","?","T","E","R","E","T","R","?","E","M","M","R","B"],"character_chosen":"IRONCLAD","items_purchased":[],"campfire_rested":0,"item_purchase_floors":[],"current_hp_per_floor":[73,75,71,68,68,34,34,40,40,40,40,21,27,33,33,0,0],"gold":195,"neow_bonus":"ONE_RARE_RELIC","is_daily":false,"chose_seed":false,"campfire_upgraded":3,"win_rate":0.0,"timestamp":1608869511,"path_taken":["M","M","?","?","?","E","R","E","T","R","?","E","M","M","R","BOSS"],"items_purchased_type":[],"build_version":"2020-12-22","purchased_purges":0,"victory":false,"max_hp_per_floor":[75,75,75,68,68,68,68,68,68,68,68,68,68,68,68,68,68],"relic_stats":{"Centennial Puzzle":[6],"counters":[9,41],"Golden Idol":31,"Shuriken":[0],"Bird Faced Urn":[0],"PreservedInsect":0,"obtain_stats":[{"Centennial Puzzle":9,"Golden Idol":4,"Shuriken":8,"Bird Faced Urn":0,"PreservedInsect":12,"Burning Blood":0,"FossilizedHelix":5,"Paper Frog":6},{"Centennial Puzzle":5,"Golden Idol":3,"Shuriken":5,"Bird Faced Urn":0,"PreservedInsect":6,"Burning Blood":0,"FossilizedHelix":3,"Paper Frog":4},{"Centennial Puzzle":21,"Golden Idol":11,"Shuriken":21,"Bird Faced Urn":0,"PreservedInsect":27,"Burning Blood":0,"FossilizedHelix":11,"Paper Frog":18}],"Burning Blood":48},"card_choices":[{"not_picked":["Shrug It Off","Havoc"],"picked":"Perfected Strike","floor":1},{"not_picked":["Searing Blow","Clothesline"],"picked":"Headbutt","floor":2},{"not_picked":["Warcry","Twin Strike","Pommel Strike"],"picked":"SKIP","floor":3},{"not_picked":["Rage","Double Tap"],"picked":"Perfected Strike","floor":6},{"not_picked":["Havoc","Body Slam"],"picked":"Uppercut","floor":8},{"not_picked":["Clash","Heavy Blade"],"picked":"Wild Strike","floor":12},{"not_picked":["Blood for Blood","Body Slam"],"picked":"Disarm","floor":13},{"not_picked":["Heavy Blade","Armaments","Warcry"],"picked":"SKIP","floor":14}],"player_experience":2856387,"relics_obtained":[{"floor":5,"key":"FossilizedHelix"},{"floor":6,"key":"Paper Frog"},{"floor":8,"key":"Shuriken"},{"floor":9,"key":"Centennial Puzzle"},{"floor":12,"key":"PreservedInsect"}],"event_choices":[{"damage_healed":0,"gold_gain":0,"player_choice":"Lose Max HP","damage_taken":0,"relics_obtained":["Golden Idol"],"max_hp_gain":0,"max_hp_loss":7,"event_name":"Golden Idol","floor":4,"gold_loss":0},{"damage_healed":0,"gold_gain":0,"cards_transformed":["Strike_R"],"player_choice":"Transformed","damage_taken":0,"max_hp_gain":0,"max_hp_loss":0,"event_name":"Transmorgrifier","floor":11,"gold_loss":0,"cards_obtained":["Shrug It Off"]}],"is_beta":false,"boss_relics":[],"items_purged_floors":[],"is_endless":false,"potions_floor_spawned":[8,14],"killed_by":"Hexaghost","ascension_level":20}}