{"host":"of0s4io1nhspfcuu","time":1608928764,"event":{"mods":["ATMod(阿瑾Mod)","Act Like it!","Ascension Reborn","BaseMod","Better Vampires","CapriCore","Gensokyo","Minty Spire (QoL Compilation)","MostiFishMod","Pale of the Ancients","RumiaBox-露米娅的神秘盒子","Ryuuou龙王","StSLib","The Saiyan","Waifu the Spire","noobMod","【遗物卡牌】REMEMod","篝火指南"],"gold_per_floor":[87,102,177,193,193,193,206,238,285,285,32,46,64,74,74,177,177,195,195,470,486,512,545,545,545,570,628,640,663,694,806,818,926,938,966,1977,1610,1832,1832,1732,1607,1607,1632,1772,1772,1438,1438,1534,1534,1584,1652,1700,1700,1545,1320,1414,1028,785,785,910,910],"floor_reached":60,"playtime":2619,"items_purged":["Regret","Normality","Normality"],"score":1182,"play_id":"37fecd20-cbf2-4dae-8939-ebbeefa27162","local_time":"20201226043924","daily_mods":["Heirloom","Time Dilation","Flight"],"is_ascension_mode":true,"campfire_choices":[{"data":"Apotheosis","floor":15,"key":"SMITH"},{"data":"AT_FamilyPortrait","floor":32,"key":"SMITH"},{"floor":49,"key":"DIG"}],"circlet_count":0,"master_deck":["Saiyan:SAIYA_Strike+1","Saiyan:SAIYA_Strike+1","Saiyan:SAIYA_Strike+1","Saiyan:SAIYA_Strike+1","Saiyan:SAIYA_Defend+1","Saiyan:SAIYA_Defend+1","Saiyan:SAIYA_Defend+1","Saiyan:SAIYA_Defend+1","Saiyan:EnergyBlast+1","Saiyan:KaioKen+1","Saiyan:RuthlessBlow+1","Devotion","AT_FamilyPortrait+1","Saiyan:BurningSoul","Saiyan:DrainingStrike","Saiyan:Planning","Saiyan:KameHameHa","Saiyan:SuperSaiyanForm+1","Apotheosis+1","Saiyan:PowerStance","Saiyan:Furor","Saiyan:TurtleShell","Saiyan:KiExplosion","Saiyan:MonkeyTail","Saiyan:PlotArmor","Saiyan:WarmUp","Saiyan:PlotArmor","Saiyan:ExtremeSpeed+1","Saiyan:RemoveWeights","Saiyan:SenzuBean","Saiyan:TurtleShell+1","Saiyan:SuperSaiyanThree","Saiyan:Twize+1","Saiyan:DragonFist","Saiyan:ExpandingShockwave","Mayhem","Saiyan:SoulSpice","Saiyan:Planning+1","REME_ProfessionalPlagiarism","REME_ProfessionalPlagiarism"],"relics":["SaiyanSoul","SaiyanHeart","DaveBox","ice","REME_ComplimentaryCards","AT_ATBox","DaCapo","AT_RabadonDeathcap","SynthV:TestCard","Bottled Lightning","Centennial Puzzle","FeatherPendant","Red Mask","REME_PuzzleBoxRelic","MawBank","AT_SunfireAegis","MutagenicStrength","Thread and Needle","InkBottle","PatriotShield","Shovel","AT_MibuBalloonWealth","Vajra","CeramicFish","REME_LimitBreaker","TungstenRod","SSSystem","paleoftheancients:Timepiece","Ice Cream","Toy Ornithopter","Boot","Membership Card","ArrowTower","Dodecahedron","Strawberry","Civilization","AT_ArchangelStaff","Frozen Eye","CombinedTypeHook"],"acts_visited":["Exordium","TheCity","TheBeyond","paleoftheancients:PaleOfTheAncients"],"potions_floor_usage":[60],"damage_taken":[{"damage":0,"enemies":"2 Louse","floor":1,"turns":1},{"damage":0,"enemies":"Small Slimes","floor":2,"turns":2},{"damage":0,"enemies":"Cultist","floor":4,"turns":2},{"damage":0,"enemies":"2 Fungi Beasts","floor":7,"turns":1},{"damage":17,"enemies":"3 Sentries","floor":8,"turns":3},{"damage":17,"enemies":"Exordium Wildlife","floor":12,"turns":4},{"damage":10,"enemies":"Exordium Thugs","floor":13,"turns":2},{"damage":11,"enemies":"Red Slaver","floor":14,"turns":4},{"damage":15,"enemies":"The Guardian","floor":16,"turns":6},{"damage":0,"enemies":"2 Thieves","floor":18,"turns":1},{"damage":0,"enemies":"Chosen","floor":21,"turns":4},{"damage":4,"enemies":"Masked Bandits","floor":22,"turns":3},{"damage":0,"enemies":"Slavers","floor":23,"turns":3},{"damage":0,"enemies":"Centurion and Healer","floor":29,"turns":1},{"damage":0,"enemies":"Snake Plant","floor":30,"turns":2},{"damage":14,"enemies":"Colosseum Slavers","floor":31,"turns":5},{"damage":0,"enemies":"Colosseum Nobs","floor":31,"turns":1},{"damage":0,"enemies":"Champ","floor":33,"turns":2},{"damage":5,"enemies":"3 Shapes","floor":35,"turns":2},{"damage":0,"enemies":"3 Darklings","floor":44,"turns":2},{"damage":0,"enemies":"2 Orb Walkers","floor":48,"turns":1},{"damage":0,"enemies":"Donu and Deca","floor":50,"turns":3},{"damage":0,"enemies":"Donu and Deca","floor":51,"turns":6},{"damage":0,"enemies":"Donu and Deca","floor":52,"turns":3},{"damage":0,"enemies":"Donu and Deca","floor":56,"turns":8},{"damage":2301,"enemies":"paleoftheancients:N","floor":60,"turns":9}],"seed_played":"2008165994763206077","potions_obtained":[{"floor":2,"key":"GamblersBrew"},{"floor":7,"key":"AttackPotion"},{"floor":8,"key":"Strength Potion"},{"floor":16,"key":"Regen Potion"},{"floor":21,"key":"FairyPotion"}],"is_trial":true,"path_per_floor":["M","M","?","M","?","?","M","E","T","?","$","M","M","M","R","B",null,"M","?","?","M","?","E","?","$","T","T","?","M","M","?","R","B",null,"M","?","$","?","?","R","R","R","T","M","?","$","T","?","R","B","M","M","?","$","R","M","R","$","?","B"],"character_chosen":"SAIYAJIN","items_purchased":["Apotheosis","Saiyan:PowerStance","Shovel","CeramicFish","Mayhem","Membership Card","ArrowTower","Dodecahedron","Civilization","AT_ArchangelStaff","REME_ProfessionalPlagiarism","Frozen Eye","CombinedTypeHook","REME_ProfessionalPlagiarism"],"campfire_rested":0,"item_purchase_floors":[11,11,37,46,46,54,55,55,57,57,57,57,58,58],"current_hp_per_floor":[60,62,51,51,51,51,52,36,36,36,36,21,13,5,5,62,86,87,87,87,89,86,88,88,88,88,88,88,89,90,78,78,80,114,110,110,110,110,110,110,110,110,110,110,110,110,110,110,110,125,129,131,131,131,131,140,140,140,140,0,0],"gold":910,"neow_bonus":"","is_daily":false,"chose_seed":false,"campfire_upgraded":2,"win_rate":0.0,"timestamp":1608928764,"path_taken":["M","M","?","M","?","?","?","E","T","?","?","M","M","?","R","BOSS","M","?","?","?","?","E","?","?","T","?","?","M","M","?","R","BOSS","M","?","$","?","?","R","R","R","T","?","?","$","?","?","R","BOSS","M","M","?","$","R","M","R","$","?","BOSS"],"items_purchased_type":["Card","Card","Relic","Relic","Card","Relic","Relic","Relic","Relic","Relic","Card","Relic","Relic","Card"],"build_version":"2020-12-22","purchased_purges":3,"victory":false,"max_hp_per_floor":[60,62,62,63,63,63,64,65,65,65,65,67,69,72,72,86,86,87,87,87,92,96,104,104,104,104,104,104,105,106,111,111,114,114,116,116,116,116,116,116,116,116,116,116,116,116,116,118,118,125,132,133,133,133,133,141,141,141,141,211,211],"card_choices":[{"not_picked":["Saiyan:PlotArmor","Saiyan:FinalFlash"],"picked":"Saiyan:BurningSoul","floor":1},{"not_picked":["Saiyan:Overexert","Saiyan:ExpandingShockwave","Saiyan:DragonFist","Saiyan:KiExplosion"],"picked":"Saiyan:DrainingStrike","floor":2},{"not_picked":["Saiyan:KiExplosion","Saiyan:SpiritSword","Saiyan:Endure","Saiyan:Flurry"],"picked":"Saiyan:Planning","floor":4},{"not_picked":["Saiyan:Quickening","Saiyan:BigBangAttack","Saiyan:Planning","Saiyan:RemoveWeights"],"picked":"Saiyan:KameHameHa","floor":7},{"not_picked":["Saiyan:Quickening","Saiyan:RemoveWeights","Saiyan:AugmentedBlast","Saiyan:Medicine"],"picked":"Saiyan:SuperSaiyanForm","floor":8},{"not_picked":["Saiyan:Scouter","Saiyan:Endure","Saiyan:Pacing","Saiyan:KiStrike"],"picked":"Saiyan:Furor","floor":12},{"not_picked":["Saiyan:Flurry","Saiyan:BigBangAttack","Saiyan:FingerParry","Saiyan:BurningSoul"],"picked":"Saiyan:TurtleShell","floor":13},{"not_picked":["Saiyan:Overexert","Saiyan:PowerUp","Saiyan:MeteorDash","Saiyan:KameHameHa"],"picked":"Saiyan:KiExplosion","floor":14},{"not_picked":["Saiyan:MajinSeal","Saiyan:TransfigurationBeam","Saiyan:HyperTimeChamber","Saiyan:SolarFlare"],"picked":"Saiyan:MonkeyTail","floor":16},{"not_picked":["Saiyan:Scouter","Saiyan:SuperSaiyanForm","Saiyan:KiExplosion","Saiyan:PressOn"],"picked":"Saiyan:PlotArmor","floor":18},{"not_picked":["Saiyan:FingerParry+1","Saiyan:SaiyanHubris+1","Saiyan:Kienzan","Saiyan:Taunt"],"picked":"Saiyan:WarmUp","floor":21},{"not_picked":["Saiyan:DoubleMasenko","Saiyan:LastResort","Saiyan:KiExplosion","Saiyan:Taunt+1"],"picked":"Saiyan:PlotArmor","floor":22},{"not_picked":["Saiyan:MeteorDash","Saiyan:DragonFist","Saiyan:Quickening+1","Saiyan:SuperSaiyanForm+1"],"picked":"Saiyan:ExtremeSpeed+1","floor":23},{"not_picked":["Saiyan:KiExplosion","Saiyan:KameHameHa","Saiyan:SaiyanHubris","Saiyan:FingerParry+1"],"picked":"Saiyan:RemoveWeights","floor":29},{"not_picked":["Saiyan:Planning","Saiyan:BackAttack","Saiyan:DoubleMasenko","Saiyan:ThirstForFight"],"picked":"Saiyan:SenzuBean","floor":30},{"not_picked":["Saiyan:Scouter+1","Saiyan:Medicine","Saiyan:BigBangAttack","Saiyan:Flurry"],"picked":"Saiyan:TurtleShell+1","floor":31},{"not_picked":["Saiyan:SolarFlare","Saiyan:TheBomb","Saiyan:MindBoom","Saiyan:TransfigurationBeam"],"picked":"Saiyan:SuperSaiyanThree","floor":33},{"not_picked":["Saiyan:KiExplosion+1","Saiyan:BigBangAttack+1","Saiyan:Flurry","Saiyan:PowerUp"],"picked":"Saiyan:Twize+1","floor":35},{"not_picked":["Saiyan:ConcussiveBlow","Saiyan:ThirstForFight+1","Saiyan:PowerUp","Saiyan:SuperSaiyanForm"],"picked":"Saiyan:DragonFist","floor":44},{"not_picked":["Saiyan:Quickening+1","Saiyan:Flurry+1","Saiyan:Scouter+1","Saiyan:Reset","Saiyan:KiExplosion+1"],"picked":"SKIP","floor":51},{"not_picked":["Saiyan:PowerPole+1","Saiyan:SaiyanHubris+1","Saiyan:PowerUp","Saiyan:RemoveWeights+1"],"picked":"Saiyan:SoulSpice","floor":52},{"not_picked":["Saiyan:BurningSoul","Saiyan:FingerParry+1","Saiyan:Scouter+1","Saiyan:SuperSaiyanForm","Saiyan:ThirstForFight","Saiyan:Quickening+1","Saiyan:DragonFist+1","Saiyan:BackAttack+1"],"picked":"Saiyan:Planning+1","floor":56}],"player_experience":49697,"relics_obtained":[{"floor":1,"key":"SynthV:TestCard"},{"floor":8,"key":"Bottled Lightning"},{"floor":9,"key":"Centennial Puzzle"},{"floor":22,"key":"Red Mask"},{"floor":23,"key":"REME_PuzzleBoxRelic"},{"floor":26,"key":"MawBank"},{"floor":27,"key":"AT_SunfireAegis"},{"floor":31,"key":"Thread and Needle"},{"floor":31,"key":"InkBottle"},{"floor":43,"key":"AT_MibuBalloonWealth"},{"floor":44,"key":"Vajra"},{"floor":47,"key":"REME_LimitBreaker"},{"floor":48,"key":"TungstenRod"},{"floor":49,"key":"SSSystem"},{"floor":51,"key":"Toy Ornithopter"},{"floor":52,"key":"Boot"},{"floor":56,"key":"Strawberry"}],"event_choices":[{"damage_healed":0,"gold_gain":75,"player_choice":"Gather Gold","damage_taken":11,"max_hp_gain":0,"max_hp_loss":0,"event_name":"World of Goop","floor":3,"gold_loss":0},{"damage_healed":0,"gold_gain":0,"player_choice":"Leave","damage_taken":0,"max_hp_gain":0,"max_hp_loss":0,"event_name":"The Cleric","floor":5,"gold_loss":0},{"damage_healed":0,"gold_gain":0,"player_choice":"Ignored","damage_taken":0,"max_hp_gain":0,"max_hp_loss":0,"event_name":"Purifier","floor":6,"gold_loss":0},{"damage_healed":0,"gold_gain":0,"player_choice":"Grow","damage_taken":0,"max_hp_gain":0,"max_hp_loss":0,"event_name":"Living Wall","floor":10,"gold_loss":0,"cards_upgraded":["Saiyan:SuperSaiyanForm"]},{"damage_healed":0,"gold_gain":0,"player_choice":"Simplicity","damage_taken":0,"max_hp_gain":0,"max_hp_loss":0,"event_name":"Back to Basics","floor":19,"gold_loss":0,"cards_upgraded":[]},{"damage_healed":0,"gold_gain":275,"player_choice":"Desecrate","damage_taken":0,"max_hp_gain":0,"max_hp_loss":0,"event_name":"Golden Shrine","floor":20,"gold_loss":0,"cards_obtained":["Regret"]},{"damage_healed":0,"gold_gain":0,"player_choice":"Fought Bandits","damage_taken":0,"max_hp_gain":0,"max_hp_loss":0,"event_name":"Masked Bandits","floor":22,"gold_loss":0},{"damage_healed":0,"gold_gain":0,"player_choice":"Ignored","damage_taken":0,"max_hp_gain":0,"max_hp_loss":0,"event_name":"Vampires","floor":24,"gold_loss":0},{"damage_healed":0,"gold_gain":0,"player_choice":"Inject Mutagens","damage_taken":0,"relics_obtained":["MutagenicStrength"],"max_hp_gain":0,"max_hp_loss":0,"event_name":"Drug Dealer","floor":28,"gold_loss":0},{"damage_healed":0,"gold_gain":0,"player_choice":"Fight","damage_taken":0,"max_hp_gain":0,"max_hp_loss":0,"event_name":"Colosseum","floor":31,"gold_loss":0},{"damage_healed":0,"gold_gain":0,"player_choice":"Fought Nobs","damage_taken":0,"max_hp_gain":0,"max_hp_loss":0,"event_name":"Colosseum","floor":31,"gold_loss":0},{"damage_healed":0,"gold_gain":999,"player_choice":"Gold","damage_taken":0,"max_hp_gain":0,"max_hp_loss":0,"event_name":"MindBloom","floor":36,"gold_loss":0,"cards_obtained":["Normality","Normality"]},{"damage_healed":0,"gold_gain":222,"player_choice":"Wore Mask","damage_taken":0,"max_hp_gain":0,"max_hp_loss":0,"event_name":"Tomb of Lord Red Mask","floor":38,"gold_loss":0},{"damage_healed":0,"gold_gain":0,"player_choice":"Ignored","damage_taken":0,"max_hp_gain":0,"max_hp_loss":0,"event_name":"SecretPortal","floor":39,"gold_loss":0},{"damage_healed":0,"gold_gain":0,"player_choice":"1 cards matched","damage_taken":0,"max_hp_gain":0,"max_hp_loss":0,"event_name":"Match and Keep!","floor":45,"gold_loss":0,"cards_obtained":["Saiyan:ExpandingShockwave"]},{"damage_healed":0,"gold_gain":0,"player_choice":"Fight","damage_taken":0,"max_hp_gain":0,"max_hp_loss":0,"event_name":"Mysterious Sphere","floor":48,"gold_loss":0},{"damage_healed":0,"gold_gain":0,"player_choice":"Ignored","damage_taken":0,"max_hp_gain":0,"max_hp_loss":0,"event_name":"Purifier","floor":53,"gold_loss":0}],"is_beta":false,"boss_relics":[{"not_picked":["FrostBlade","AddBug"],"picked":"FeatherPendant"},{"not_picked":["BloodWine","SlaversCollar"],"picked":"PatriotShield"}],"items_purged_floors":[37,40,41],"is_endless":false,"potions_floor_spawned":[2,7,8,16,21,29,33,35],"killed_by":"paleoftheancients:N","ascension_level":0}}