{"host":"4ag909k4xupnj24b","time":1608906910,"event":{"mods":["BaseMod","Minty Spire (QoL Compilation)","StSLib"],"gold_per_floor":[109,119,130,130,143,170,170,170,170,181,18,43,43,60,60,155,155,143,171,20,20,30,30,30,45,69,69,69,89,9,34,34,135,135,146,146,146,156,156,156,176,176,223,223,235,235,235,235,235,235],"floor_reached":51,"playtime":3665,"items_purged":["Strike_G","Strike_G"],"score":890,"play_id":"dd6b76cf-78f5-4151-876d-5a9b0b4deb94","local_time":"20201225063510","is_ascension_mode":true,"campfire_choices":[{"data":"Riddle With Holes","floor":8,"key":"SMITH"},{"data":"Footwork","floor":13,"key":"SMITH"},{"data":"Dodge and Roll","floor":15,"key":"SMITH"},{"floor":23,"key":"REST"},{"floor":27,"key":"REST"},{"data":"Deadly Poison","floor":32,"key":"SMITH"},{"data":"Footwork","floor":40,"key":"SMITH"},{"data":"Terror","floor":42,"key":"SMITH"},{"data":"Dagger Spray","floor":44,"key":"PURGE"},{"floor":46,"key":"REST"},{"data":"Cloak And Dagger","floor":49,"key":"SMITH"}],"circlet_count":0,"master_deck":["AscendersBane","Defend_G","Defend_G","Defend_G","Defend_G","Survivor","Neutralize","Riddle With Holes+1","Prepared","Dodge and Roll+1","Terror+1","Tactician","Cloak And Dagger+1","Footwork+1","Cloak And Dagger+1","Adrenaline","CurseOfTheBell","Blur+1","Dash","Deadly Poison+1","Crippling Poison+1","Acrobatics","Dodge and Roll+1","Footwork+1","Sucker Punch+1","Deadly Poison+1"],"relics":["Black Star","HornCleat","Oddly Smooth Stone","Ornamental Fan","Happy Flower","Calling Bell","Bag of Marbles","Mummified Hand","Peace Pipe","Red Mask","Nilry\u0027s Codex","Smiling Mask","Tiny Chest","HoveringKite","CeramicFish","War Paint"],"acts_visited":["Exordium","TheCity","TheBeyond"],"potions_floor_usage":[6,10,19,22,22,33,33,38,50,50],"damage_taken":[{"damage":6,"enemies":"Jaw Worm","floor":1,"turns":6},{"damage":1,"enemies":"2 Louse","floor":2,"turns":3},{"damage":4,"enemies":"Small Slimes","floor":3,"turns":4},{"damage":5,"enemies":"Red Slaver","floor":5,"turns":4},{"damage":28,"enemies":"3 Sentries","floor":6,"turns":10},{"damage":6,"enemies":"Exordium Wildlife","floor":10,"turns":4},{"damage":0,"enemies":"Blue Slaver","floor":14,"turns":5},{"damage":10,"enemies":"The Guardian","floor":16,"turns":16},{"damage":0,"enemies":"2 Thieves","floor":18,"turns":4},{"damage":10,"enemies":"Masked Bandits","floor":19,"turns":11},{"damage":31,"enemies":"3 Byrds","floor":22,"turns":5},{"damage":2,"enemies":"Shelled Parasite and Fungi","floor":25,"turns":11},{"damage":3,"enemies":"Centurion and Healer","floor":29,"turns":9},{"damage":29,"enemies":"Champ","floor":33,"turns":16},{"damage":2,"enemies":"Orb Walker","floor":35,"turns":5},{"damage":0,"enemies":"3 Shapes","floor":38,"turns":7},{"damage":5,"enemies":"Jaw Worm Horde","floor":41,"turns":9},{"damage":4,"enemies":"4 Shapes","floor":45,"turns":6},{"damage":44,"enemies":"Awakened One","floor":50,"turns":27}],"seed_played":"-6069556988908272907","potions_obtained":[{"floor":3,"key":"DuplicationPotion"},{"floor":6,"key":"Strength Potion"},{"floor":10,"key":"BlessingOfTheForge"},{"floor":14,"key":"FearPotion"},{"floor":16,"key":"DuplicationPotion"},{"floor":19,"key":"Regen Potion"},{"floor":25,"key":"DuplicationPotion"},{"floor":28,"key":"PowerPotion"},{"floor":28,"key":"DuplicationPotion"},{"floor":35,"key":"AttackPotion"},{"floor":41,"key":"AttackPotion"}],"is_trial":false,"path_per_floor":["M","M","M","?","M","E","?","R","T","M","$","T","R","M","R","B",null,"M","?","$","?","M","R","?","M","T","R","?","M","$","T","R","B",null,"M","$","?","M","?","R","M","R","T","R","M","R","?","T","R","B",null],"character_chosen":"THE_SILENT","items_purchased":["Cloak And Dagger","Footwork","Deadly Poison","Footwork"],"campfire_rested":3,"item_purchase_floors":[11,11,20,30],"current_hp_per_floor":[57,56,52,45,40,12,35,35,35,29,29,29,29,29,29,19,57,57,47,47,31,14,35,35,33,33,54,54,51,51,51,51,22,58,56,56,56,56,56,56,51,51,51,51,47,68,70,70,70,26],"gold":235,"neow_bonus":"BOSS_RELIC","is_daily":false,"chose_seed":false,"campfire_upgraded":7,"win_rate":0.0,"timestamp":1608906910,"path_taken":["M","M","M","?","M","E","?","R","T","M","$","?","R","M","R","BOSS","M","?","$","?","M","R","?","M","T","R","?","?","?","?","R","BOSS","M","$","?","M","?","R","M","R","T","R","M","R","?","?","R","BOSS"],"items_purchased_type":["Card","Card","Card","Card"],"build_version":"2020-12-22","purchased_purges":2,"victory":true,"max_hp_per_floor":[70,70,70,70,70,70,70,70,70,70,70,70,70,70,70,70,70,70,70,70,70,70,70,70,70,70,70,70,70,70,70,70,70,70,70,70,70,70,70,70,70,70,70,70,70,70,70,70,70,70],"card_choices":[{"not_picked":["Outmaneuver","Concentrate"],"picked":"Dagger Spray","floor":1},{"not_picked":["Distraction","Blade Dance"],"picked":"Riddle With Holes","floor":2},{"not_picked":["Catalyst","Underhanded Strike"],"picked":"Prepared","floor":3},{"not_picked":["Dagger Throw","Distraction"],"picked":"Dodge and Roll","floor":5},{"not_picked":["Slice","Night Terror"],"picked":"Terror","floor":6},{"not_picked":["Sucker Punch","Riddle With Holes"],"picked":"Tactician","floor":10},{"not_picked":["Flying Knee","Dagger Throw"],"picked":"Cloak And Dagger","floor":14},{"not_picked":["Burst","Malaise"],"picked":"Adrenaline","floor":16},{"not_picked":["Bouncing Flask","Outmaneuver"],"picked":"Blur+1","floor":18},{"not_picked":["Predator","Dagger Spray"],"picked":"Dash","floor":19},{"not_picked":["Reflex","Bouncing Flask"],"picked":"Crippling Poison","floor":22},{"not_picked":["Masterful Stab","Prepared"],"picked":"Dodge and Roll+1","floor":25},{"not_picked":["Malaise","Bane","Deadly Poison+1"],"picked":"SKIP","floor":29},{"not_picked":["Choke+1","Flying Knee+1"],"picked":"Sucker Punch+1","floor":35},{"not_picked":["Cloak And Dagger","Concentrate"],"picked":"Deadly Poison+1","floor":38},{"not_picked":["Slice","Acrobatics","PiercingWail"],"picked":"SKIP","floor":41},{"not_picked":["Underhanded Strike","Finisher","Bane"],"picked":"SKIP","floor":45}],"player_experience":808907,"relics_obtained":[{"floor":6,"key":"HornCleat"},{"floor":6,"key":"Oddly Smooth Stone"},{"floor":9,"key":"Ornamental Fan"},{"floor":12,"key":"Happy Flower"},{"floor":17,"key":"Bag of Marbles"},{"floor":17,"key":"Mummified Hand"},{"floor":17,"key":"Peace Pipe"},{"floor":19,"key":"Red Mask"},{"floor":21,"key":"Nilry\u0027s Codex"},{"floor":26,"key":"Smiling Mask"},{"floor":31,"key":"Tiny Chest"},{"floor":43,"key":"CeramicFish"},{"floor":48,"key":"War Paint"}],"event_choices":[{"cards_removed":["Strike_G"],"damage_healed":0,"gold_gain":0,"player_choice":"Card Removal","damage_taken":7,"max_hp_gain":0,"max_hp_loss":0,"event_name":"Golden Wing","floor":4,"gold_loss":0},{"damage_healed":23,"gold_gain":0,"player_choice":"Banana","damage_taken":0,"max_hp_gain":0,"max_hp_loss":0,"event_name":"Big Fish","floor":7,"gold_loss":0},{"damage_healed":0,"gold_gain":0,"player_choice":"Fought Bandits","damage_taken":0,"max_hp_gain":0,"max_hp_loss":0,"event_name":"Masked Bandits","floor":19,"gold_loss":0},{"damage_healed":0,"gold_gain":0,"player_choice":"Obtained Book","damage_taken":16,"max_hp_gain":0,"max_hp_loss":0,"event_name":"Cursed Tome","floor":21,"gold_loss":0},{"damage_healed":0,"gold_gain":0,"cards_transformed":["Strike_G","Strike_G"],"player_choice":"Became Test Subject","damage_taken":0,"max_hp_gain":0,"max_hp_loss":0,"event_name":"Drug Dealer","floor":24,"gold_loss":0,"cards_obtained":["Acrobatics","Dagger Spray"]},{"damage_healed":0,"gold_gain":0,"player_choice":"Got Potions","damage_taken":0,"max_hp_gain":0,"max_hp_loss":0,"event_name":"Lab","floor":28,"gold_loss":0},{"damage_healed":0,"gold_gain":0,"player_choice":"Memory 1","damage_taken":0,"max_hp_gain":0,"max_hp_loss":0,"event_name":"SensoryStone","floor":37,"gold_loss":0},{"cards_removed":["Defend_G"],"damage_healed":0,"gold_gain":0,"player_choice":"Removed Skill","damage_taken":0,"max_hp_gain":0,"max_hp_loss":0,"event_name":"Falling","floor":39,"gold_loss":0},{"cards_removed":["Dagger Spray"],"damage_healed":5,"gold_gain":0,"player_choice":"Offered Common","damage_taken":0,"max_hp_gain":0,"max_hp_loss":0,"event_name":"Bonfire Elementals","floor":47,"gold_loss":0},{"cards_removed":["Dagger Spray"],"damage_healed":5,"gold_gain":0,"player_choice":"Offered Special","damage_taken":0,"max_hp_gain":0,"max_hp_loss":0,"event_name":"Bonfire Elementals","floor":47,"gold_loss":0}],"is_beta":false,"boss_relics":[{"not_picked":["SacredBark","WristBlade"],"picked":"Calling Bell"},{"not_picked":["Velvet Choker","Cursed Key"],"picked":"HoveringKite"}],"items_purged_floors":[11,20],"is_endless":false,"potions_floor_spawned":[3,6,10,14,16,19,25,29,35,41],"ascension_level":10}}