{"host":"3rixevx6n8b56xaj","time":1608865690,"event":{"mods":["2.2 Compatiblity","AchievementEnabler","Arknights The Spire","BaseMod","Colored Map","DeckTracker","Friendly Minions","Minty Spire (QoL Compilation)","StSLib","SuperFastMode"],"gold_per_floor":[109,125,141,141,155,186,186,186,213,233,48,60,85,104,104,201,201,220,238,37,37,72,99,99,113,113,113,125,125,159,175,175,280,280,297,315,335,346,364,394,256,256,303,337,357,54,54,102,102,102,102,102,2,32,32],"floor_reached":56,"playtime":2073,"items_purged":["Defend_P","Strike_P","Parasite","LessonLearned+1"],"score":1411,"play_id":"2370145b-71ca-4339-b6e3-3887fb4cdd00","local_time":"20201225120810","is_ascension_mode":false,"campfire_choices":[{"data":"InnerPeace","floor":8.0,"key":"SMITH"},{"data":"EmptyMind","floor":15.0,"key":"SMITH"},{"data":"Tantrum","floor":24.0,"key":"SMITH"},{"floor":27.0,"key":"REST"},{"floor":32.0,"key":"RECALL"},{"floor":42.0,"key":"REST"},{"data":"TalkToTheHand","floor":49.0,"key":"SMITH"},{"floor":52.0,"key":"REST"}],"circlet_count":0,"master_deck":["Strike_P+1","Strike_P+1","Defend_P+1","Defend_P+1","Defend_P+1","Eruption+1","Vigilance+1","Evaluate+1","FollowUp+1","InnerPeace+1","BowlingBash+1","EmptyMind+1","FlurryOfBlows+1","Tantrum+1","Adaptation+1","SpiritShield+1","CrushJoints+1","Wallop+1","MentalFortress+1","EmptyBody+1","SashWhip+1","TalkToTheHand+1","DevaForm"],"relics":["PureWater","Strawberry","ats:Originium","Pen Nib","War Paint","Membership Card","ats:Originium","Whetstone","Runic Dome","Incense Burner","Red Mask","ats:Originium","Bag of Preparation","WingedGreaves","ats:Originium","MealTicket","SlaversCollar","PreservedInsect","Nunchaku","Blue Candle","FossilizedHelix","Mummified Hand","Thread and Needle","Bottled Lightning"],"acts_visited":["Exordium","TheCity","TheBeyond","TheEnding"],"potions_floor_usage":[55,55,55,55,55,55],"damage_taken":[{"damage":0.0,"enemies":"2 Louse","floor":1.0,"turns":1.0},{"damage":0.0,"enemies":"Jaw Worm","floor":2.0,"turns":4.0},{"damage":4.0,"enemies":"Cultist","floor":3.0,"turns":6.0},{"damage":2.0,"enemies":"3 Louse","floor":5.0,"turns":3.0},{"damage":5.0,"enemies":"3 Sentries","floor":6.0,"turns":6.0},{"damage":2.0,"enemies":"Looter","floor":10.0,"turns":2.0},{"damage":1.0,"enemies":"Gremlin Gang","floor":12.0,"turns":3.0},{"damage":8.0,"enemies":"Lagavulin","floor":13.0,"turns":3.0},{"damage":0.0,"enemies":"2 Fungi Beasts","floor":14.0,"turns":3.0},{"damage":29.0,"enemies":"The Guardian","floor":16.0,"turns":9.0},{"damage":7.0,"enemies":"Shell Parasite","floor":18.0,"turns":4.0},{"damage":4.0,"enemies":"2 Thieves","floor":19.0,"turns":3.0},{"damage":0.0,"enemies":"Masked Bandits","floor":22.0,"turns":2.0},{"damage":19.0,"enemies":"Gremlin Leader","floor":23.0,"turns":4.0},{"damage":2.0,"enemies":"Snake Plant","floor":25.0,"turns":3.0},{"damage":0.0,"enemies":"3 Cultists","floor":28.0,"turns":2.0},{"damage":1.0,"enemies":"Slavers","floor":30.0,"turns":3.0},{"damage":0.0,"enemies":"Centurion and Healer","floor":31.0,"turns":3.0},{"damage":1.0,"enemies":"Champ","floor":33.0,"turns":5.0},{"damage":0.0,"enemies":"Orb Walker","floor":35.0,"turns":2.0},{"damage":0.0,"enemies":"3 Darklings","floor":36.0,"turns":5.0},{"damage":0.0,"enemies":"Jaw Worm Horde","floor":37.0,"turns":3.0},{"damage":4.0,"enemies":"Sphere and 2 Shapes","floor":38.0,"turns":5.0},{"damage":7.0,"enemies":"Writhing Mass","floor":39.0,"turns":4.0},{"damage":43.0,"enemies":"Giant Head","floor":40.0,"turns":7.0},{"damage":0.0,"enemies":"Reptomancer","floor":44.0,"turns":1.0},{"damage":0.0,"enemies":"Transient","floor":45.0,"turns":5.0},{"damage":38.0,"enemies":"2 Orb Walkers","floor":48.0,"turns":4.0},{"damage":0.0,"enemies":"Awakened One","floor":50.0,"turns":9.0},{"damage":28.0,"enemies":"Shield and Spear","floor":54.0,"turns":8.0},{"damage":10,"enemies":"The Heart","floor":55,"turns":9}],"seed_played":"3655707517297891051","potions_obtained":[{"floor":1.0,"key":"Explosive Potion"},{"floor":2.0,"key":"Strength Potion"},{"floor":5.0,"key":"Swift Potion"},{"floor":13.0,"key":"AttackPotion"},{"floor":18.0,"key":"EntropicBrew"},{"floor":23.0,"key":"Energy Potion"},{"floor":28.0,"key":"PowerPotion"},{"floor":33.0,"key":"PowerPotion"},{"floor":37.0,"key":"Regen Potion"}],"is_trial":false,"path_per_floor":["M","M","M","?","M","E","?","R","T","M","$","M","E","M","R","B",null,"M","M","$","?","?","E","R","M","T","R","M","?","E","M","R","B",null,"M","M","M","M","M","E","$","R","T","E","M","$","?","?","R","B",null,"R","$","E","B",null],"character_chosen":"WATCHER","items_purchased":["Membership Card","Incense Burner","Nunchaku","TalkToTheHand","FossilizedHelix","Mummified Hand","Swift Potion"],"campfire_rested":3,"item_purchase_floors":[11,20,41,46,46,46,53],"current_hp_per_floor":[79,79,75,75,73,68,52,52,52,50,50,49,41,41,41,12,79,72,68,68,68,68,49,49,47,47,70,70,70,69,69,69,68,79,79,79,79,75,68,25,40,62,62,62,62,76,76,38,38,53,76,76,76,48,38],"gold":32,"neow_bonus":"RANDOM_COMMON_RELIC","is_daily":false,"chose_seed":false,"campfire_upgraded":4,"win_rate":0.0,"timestamp":1608865690,"path_taken":["M","M","M","?","M","E","?","R","T","M","?","M","E","M","R","BOSS","M","M","$","?","?","E","R","M","T","R","M","?","E","M","R","BOSS","M","M","M","?","M","E","$","R","T","E","M","$","?","?","R","BOSS","R","$","E","BOSS"],"items_purchased_type":["Relic","Relic","Relic","Card","Relic","Relic","Potion"],"build_version":"2020-12-22","purchased_purges":4,"victory":true,"max_hp_per_floor":[79,79,79,79,79,79,79,79,79,79,79,79,79,79,79,79,79,79,79,79,79,79,79,79,79,79,79,79,79,79,79,79,79,79,79,79,79,79,79,79,76,76,76,76,76,76,76,76,76,76,76,76,76,76,76],"card_choices":[{"not_picked":["ForeignInfluence","WindmillStrike"],"picked":"Evaluate","floor":1.0},{"not_picked":["Worship","Weave"],"picked":"FollowUp","floor":2.0},{"not_picked":["Prostrate","BowlingBash"],"picked":"InnerPeace","floor":3.0},{"not_picked":["JustLucky","PathToVictory"],"picked":"BowlingBash","floor":5.0},{"not_picked":["FlyingSleeves","Protect"],"picked":"EmptyMind","floor":6.0},{"not_picked":["Alpha","Weave","Evaluate"],"picked":"SKIP","floor":10.0},{"not_picked":["Fasting2","PathToVictory"],"picked":"FlurryOfBlows","floor":12.0},{"not_picked":["Blasphemy","Protect","FlurryOfBlows"],"picked":"SKIP","floor":13.0},{"not_picked":["JustLucky","ClearTheMind","SignatureMove"],"picked":"SKIP","floor":14.0},{"not_picked":["FollowUp","Conclude","PathToVictory"],"picked":"SKIP","floor":18.0},{"not_picked":["Evaluate","Halt","FollowUp+1"],"picked":"SKIP","floor":19.0},{"not_picked":["Consecrate","Protect"],"picked":"Study+1","floor":22.0},{"not_picked":["Vengeance","ClearTheMind+1"],"picked":"LessonLearned","floor":23.0},{"not_picked":["SashWhip","Halt","Conclude"],"picked":"SKIP","floor":25.0},{"not_picked":["SignatureMove+1","Worship","Evaluate"],"picked":"SKIP","floor":28.0},{"not_picked":["CrushJoints","FlurryOfBlows"],"picked":"Adaptation","floor":30.0},{"not_picked":["CutThroughFate","Study","Weave+1"],"picked":"SKIP","floor":31.0},{"not_picked":["Brilliance","ConjureBlade"],"picked":"SpiritShield","floor":33.0},{"not_picked":["ReachHeaven","EmptyMind+1","SignatureMove"],"picked":"SKIP","floor":35.0},{"not_picked":["CutThroughFate","WaveOfTheHand+1"],"picked":"CrushJoints","floor":36.0},{"not_picked":["Weave","BowlingBash"],"picked":"Wallop","floor":37.0},{"not_picked":["ClearTheMind","Consecrate"],"picked":"MentalFortress","floor":38.0},{"not_picked":["Indignation","Tantrum+1"],"picked":"EmptyBody+1","floor":39.0},{"not_picked":["Crescendo+1","FollowUp","FlyingSleeves+1"],"picked":"SKIP","floor":40.0},{"not_picked":["Crescendo+1","FollowUp","FlyingSleeves+1"],"picked":"SKIP","floor":40.0},{"not_picked":["JustLucky+1","BowlingBash","MasterReality"],"picked":"SKIP","floor":44.0},{"not_picked":["Pray","PathToVictory"],"picked":"SashWhip","floor":45.0},{"not_picked":["FlyingSleeves+1","PathToVictory"],"picked":"DevaForm","floor":54.0}],"player_experience":558254,"relics_obtained":[{"floor":6.0,"key":"ats:Originium"},{"floor":6.0,"key":"Pen Nib"},{"floor":9.0,"key":"War Paint"},{"floor":13.0,"key":"ats:Originium"},{"floor":13.0,"key":"Whetstone"},{"floor":22.0,"key":"Red Mask"},{"floor":23.0,"key":"ats:Originium"},{"floor":23.0,"key":"Bag of Preparation"},{"floor":26.0,"key":"WingedGreaves"},{"floor":30.0,"key":"ats:Originium"},{"floor":30.0,"key":"MealTicket"},{"floor":40.0,"key":"PreservedInsect"},{"floor":44.0,"key":"Blue Candle"},{"floor":48.0,"key":"Thread and Needle"},{"floor":54.0,"key":"Bottled Lightning"}],"event_choices":[{"damage_healed":0.0,"max_hp_gain":0.0,"max_hp_loss":0.0,"gold_gain":0.0,"event_name":"Living Wall","player_choice":"Grow","floor":4.0,"gold_loss":0.0,"damage_taken":0.0,"cards_upgraded":["Eruption"]},{"damage_healed":0.0,"max_hp_gain":0.0,"max_hp_loss":0.0,"gold_gain":0.0,"event_name":"Shining Light","player_choice":"Entered Light","floor":7.0,"gold_loss":0.0,"damage_taken":16.0,"cards_upgraded":["Strike_P","BowlingBash"]},{"damage_healed":0.0,"max_hp_gain":0.0,"max_hp_loss":0.0,"gold_gain":0.0,"event_name":"The Library","player_choice":"Read","floor":21.0,"gold_loss":0.0,"damage_taken":0.0,"cards_obtained":["Tantrum"]},{"damage_healed":0.0,"max_hp_gain":0.0,"max_hp_loss":0.0,"gold_gain":0.0,"event_name":"Masked Bandits","player_choice":"Fought Bandits","floor":22.0,"gold_loss":0.0,"damage_taken":0.0},{"cards_removed":["Strike_P"],"damage_healed":0.0,"max_hp_gain":0.0,"max_hp_loss":0.0,"gold_gain":0.0,"event_name":"Bonfire Elementals","player_choice":"Offered Basic","floor":29.0,"gold_loss":0.0,"damage_taken":0.0},{"cards_removed":["Study"],"damage_healed":0.0,"max_hp_gain":0.0,"max_hp_loss":0.0,"gold_gain":0.0,"event_name":"Falling","player_choice":"Removed Power","floor":47.0,"gold_loss":0.0,"damage_taken":0.0},{"damage_healed":0.0,"max_hp_gain":0.0,"max_hp_loss":0.0,"gold_gain":0.0,"event_name":"Mysterious Sphere","player_choice":"Fight","floor":48.0,"gold_loss":0.0,"damage_taken":0.0}],"is_beta":false,"boss_relics":[{"not_picked":["Velvet Choker","Ectoplasm"],"picked":"Runic Dome"},{"not_picked":["Tiny House","Calling Bell"],"picked":"SlaversCollar"}],"items_purged_floors":[11,20,41,53],"is_endless":false,"potions_floor_spawned":[1,2,5,12,13,18,23,28,33,37,39,40,44,48,54],"ascension_level":0}}