{"host":"mz8vrqw8p22fuds2","time":1608922788,"event":{"mods":["2.2 Compatiblity","Alarm Clock","BaseMod","Bestiary","Block Reminder","Challenge The Spire","Colored Map","Colored Powertips","Conspire","Curses Come First","DeckTracker","Displayed Cursed Tome","Highlight Path","Hubris","Key Reminder","Keyboard Shortcuts","Minty Spire (QoL Compilation)","MonsterHotkey","Potion Indicator Mod","Quick Restart","Rare Cards Sparkle","Relic Sorter","Relic Stats","Replay The Spire","Spire Birthday Party","StSLib","Synergy Search","Unceasing Turn Reminder","Unknown Chances"],"gold_per_floor":[422,144,261,376,488,488,264,90,209,326,445,445,183,27,146,260,373,490],"floor_reached":19,"playtime":1916,"items_purged":["Zap","Dualcast","Strike_B","Strike_B","Strike_B+1"],"score":2640,"play_id":"f0c66d9c-268b-4f20-93b1-2fe8df0aec57","local_time":"20201226025948","daily_mods":["challengethespire:Boss Rush","challengethespire:Bronze Difficulty","Uncertain Future"],"is_ascension_mode":false,"campfire_choices":[],"circlet_count":0,"master_deck":["Strike_B","Defend_B","Defend_B","Defend_B","Defend_B","Reprogram+1","Fusion+1","Apotheosis+1","BootSequence+1","Echo Form+1","Gash+1","Gash+1","Self Repair+1","Skim+1","Gash+1","Strike_B+1","Reprogram+1","Hologram+1","Buffer+1"],"relics":["Cracked Core","The Courier","Molten Egg 2","Toxic Egg 2","Frozen Egg 2","Mirror","Shuriken","Anchor","Centennial Puzzle","hubris:SlimyHat","SlaversCollar","ReplayFunnel","BargainBundle","Eternal Feather","hubris:Reverence","Runic Pyramid","DollysMirror","ReplayTheSpireMod:Lightbulb","conspire:BottledYoYo","Replay:Arrowhead","Blue Doll","MealTicket"],"acts_visited":["Exordium"],"potions_floor_usage":[18,18],"damage_taken":[{"damage":0.0,"enemies":"The Guardian","floor":3.0,"turns":10.0},{"damage":24.0,"enemies":"Hexaghost","floor":4.0,"turns":10.0},{"damage":15.0,"enemies":"Slime Boss","floor":5.0,"turns":11.0},{"damage":7.0,"enemies":"Automaton","floor":9.0,"turns":10.0},{"damage":10.0,"enemies":"Collector","floor":10.0,"turns":7.0},{"damage":0.0,"enemies":"Champ","floor":11.0,"turns":9.0},{"damage":12.0,"enemies":"Awakened One","floor":15.0,"turns":8.0},{"damage":6.0,"enemies":"Time Eater","floor":16.0,"turns":9.0},{"damage":6.0,"enemies":"Donu and Deca","floor":17.0,"turns":9.0},{"damage":0,"enemies":"The Heart","floor":18,"turns":8}],"seed_played":"4100386555761835887","potions_obtained":[{"floor":5.0,"key":"SteroidPotion"},{"floor":9.0,"key":"Energy Potion"},{"floor":10.0,"key":"DuplicationPotion"},{"floor":17.0,"key":"Flashbang"}],"is_trial":true,"path_per_floor":["$","$","M","M","M","T","$","$","M","M","M","T","$","$","M","M","M","M",null],"character_chosen":"DEFECT","items_purchased":["Reprogram+1","Fusion+1","Mirror","Shuriken","Apotheosis+1","BootSequence+1","ReplayFunnel","BargainBundle","Self Repair+1","LiquidMemories","Death Potion","DollysMirror","ReplayTheSpireMod:Lightbulb"],"campfire_rested":0,"item_purchase_floors":[1,1,1,1,2,2,7,8,8,8,8,13,14],"current_hp_per_floor":[75,75,75,51,36,36,36,36,49,59,75,75,75,75,75,75,75,75],"gold":490,"neow_bonus":"","is_daily":false,"chose_seed":true,"campfire_upgraded":0,"win_rate":0.0,"timestamp":1608922788,"path_taken":["$","$","M","M","M","T","$","$","M","M","M","T","$","$","M","M","M","M"],"items_purchased_type":["Card","Card","Relic","Relic","Card","Card","Relic","Relic","Card","Potion","Potion","Relic","Relic"],"build_version":"2020-11-30","purchased_purges":5,"victory":true,"max_hp_per_floor":[75,75,75,75,75,75,75,75,75,75,75,75,75,75,75,75,75,75],"relic_stats":{"Centennial Puzzle":[18],"counters":[10,91],"Shuriken":[30],"Eternal Feather":0,"MealTicket":0,"obtain_stats":[{"ReplayFunnel":7,"BargainBundle":8,"Eternal Feather":10,"Blue Doll":17,"The Courier":0,"hubris:SlimyHat":5,"Frozen Egg 2":0,"Replay:Arrowhead":16,"SlaversCollar":6,"Anchor":3,"Centennial Puzzle":4,"Shuriken":1,"DollysMirror":13,"Molten Egg 2":0,"MealTicket":18,"conspire:BottledYoYo":15,"Toxic Egg 2":0,"Cracked Core":0,"Mirror":1,"ReplayTheSpireMod:Lightbulb":14,"hubris:Reverence":11,"Runic Pyramid":12},{"ReplayFunnel":3,"BargainBundle":3,"Eternal Feather":5,"Blue Doll":9,"The Courier":0,"hubris:SlimyHat":3,"Frozen Egg 2":0,"Replay:Arrowhead":8,"SlaversCollar":3,"Anchor":1,"Centennial Puzzle":2,"Shuriken":0,"DollysMirror":6,"Molten Egg 2":0,"MealTicket":10,"conspire:BottledYoYo":7,"Toxic Egg 2":0,"Cracked Core":0,"Mirror":0,"ReplayTheSpireMod:Lightbulb":6,"hubris:Reverence":6,"Runic Pyramid":6},{"ReplayFunnel":31,"BargainBundle":31,"Eternal Feather":48,"Blue Doll":83,"The Courier":0,"hubris:SlimyHat":31,"Frozen Egg 2":0,"Replay:Arrowhead":74,"SlaversCollar":31,"Anchor":10,"Centennial Puzzle":20,"Shuriken":0,"DollysMirror":57,"Molten Egg 2":0,"MealTicket":91,"conspire:BottledYoYo":65,"Toxic Egg 2":0,"Cracked Core":0,"Mirror":0,"ReplayTheSpireMod:Lightbulb":57,"hubris:Reverence":57,"Runic Pyramid":57}]},"card_choices":[],"player_experience":9094,"relics_obtained":[{"floor":3.0,"key":"Anchor"},{"floor":4.0,"key":"Centennial Puzzle"},{"floor":5.0,"key":"hubris:SlimyHat"},{"floor":10.0,"key":"Eternal Feather"},{"floor":11.0,"key":"hubris:Reverence"},{"floor":15.0,"key":"conspire:BottledYoYo"},{"floor":16.0,"key":"Replay:Arrowhead"},{"floor":17.0,"key":"Blue Doll"},{"floor":18,"key":"MealTicket"}],"event_choices":[],"is_beta":false,"boss_relics":[{"not_picked":["Runic Dome","hubris:Stopwatch"],"picked":"SlaversCollar"},{"not_picked":["hubris:CrackedHourglass","conspire:RoyalGoblet"],"picked":"Runic Pyramid"}],"items_purged_floors":[1,2,7,8,13],"is_endless":false,"potions_floor_spawned":[5,9,10,11,17],"ascension_level":0}}