{"host":"2461dio7vetlq1z3","time":1608909811,"event":{"mods":["2.2 Compatiblity","AchievementEnabler","Aspiration","BaseMod","Better Third Choice","Hermit","Minty Spire (QoL Compilation)","Relic Stats","Spicy Shops","StSLib","The Runesmith","Waifu the Spire"],"gold_per_floor":[116,132,132,3,20,20,55,55,79,79,105,105,105,144,156,239,251,279,291,315,350,377,421,433,445,445],"floor_reached":25,"playtime":843,"items_purged":["Strike_R"],"score":474,"play_id":"4ed62227-bf18-4926-a04f-8a7842339f4d","local_time":"20201225162331","is_ascension_mode":true,"campfire_choices":[{"data":"Bash","floor":6,"key":"SMITH"},{"floor":8,"key":"REST"},{"data":"Static Discharge","floor":12,"key":"SMITH"},{"data":"Demon Form","floor":15,"key":"SMITH"},{"data":"Blood for Blood","floor":24,"key":"SMITH"}],"circlet_count":0,"master_deck":["AscendersBane","Strike_R","Strike_R","Strike_R","Strike_R","Defend_R","Defend_R+1","Defend_R","Defend_R+1","Bash+1","Wild Strike","Battle Trance","Static Discharge+1","Pommel Strike","Rampage","Demon Form+1","Ghostly Armor","Impervious","Blood for Blood+1","Heavy Blade+1","Feel No Pain"],"relics":["Burning Blood","Bag of Preparation","White Beast Statue","Tiny Chest","FossilizedHelix","MawBank","War Paint","Runic Cube","Potion Belt","aspiration:ChemicalBlood"],"acts_visited":["Exordium","TheCity"],"potions_floor_usage":[7,23,25,25,25],"damage_taken":[{"damage":4,"enemies":"Small Slimes","floor":1,"turns":5},{"damage":9,"enemies":"Jaw Worm","floor":2,"turns":3},{"damage":6,"enemies":"Cultist","floor":5,"turns":3},{"damage":8,"enemies":"Gremlin Nob","floor":7,"turns":3},{"damage":40,"enemies":"3 Sentries","floor":11,"turns":7},{"damage":5,"enemies":"Lagavulin","floor":14,"turns":7},{"damage":14,"enemies":"The Guardian","floor":16,"turns":8},{"damage":31,"enemies":"3 Byrds","floor":18,"turns":5},{"damage":0,"enemies":"Chosen","floor":20,"turns":5},{"damage":2,"enemies":"Snecko","floor":22,"turns":5},{"damage":28,"enemies":"Book of Stabbing","floor":23,"turns":5},{"damage":43,"enemies":"Gremlin Leader","floor":25,"turns":4}],"seed_played":"2310390127374900697","potions_obtained":[{"floor":1,"key":"Fire Potion"},{"floor":5,"key":"DuplicationPotion"},{"floor":11,"key":"EssenceOfSteel"},{"floor":14,"key":"Strength Potion"},{"floor":16,"key":"PowerPotion"},{"floor":22,"key":"Ancient Potion"},{"floor":23,"key":"Energy Potion"}],"is_trial":false,"path_per_floor":["M","M","?","$","M","R","E","R","T","?","E","R","?","E","R","B",null,"M","?","M","T","M","E","R","E"],"character_chosen":"IRONCLAD","items_purchased":["Pommel Strike"],"campfire_rested":1,"item_purchase_floors":[4],"current_hp_per_floor":[77,74,53,53,53,53,51,75,75,80,46,46,46,47,47,39,75,50,50,56,56,60,38,38,0,0],"gold":445,"neow_bonus":"TEN_PERCENT_HP_BONUS","is_daily":false,"chose_seed":false,"campfire_upgraded":4,"win_rate":0.0,"timestamp":1608909811,"path_taken":["M","M","?","$","M","R","E","R","T","?","E","R","?","E","R","BOSS","M","?","M","?","M","E","R","E"],"items_purchased_type":["Card"],"build_version":"2020-12-22","purchased_purges":1,"victory":false,"max_hp_per_floor":[82,82,82,82,82,82,82,82,82,87,87,87,87,87,87,87,87,87,87,87,87,87,87,87,87,87],"relic_stats":{"counters":[12,60],"Tiny Chest":1,"Bag of Preparation":[20],"War Paint":["Defend_R","Defend_R"],"MawBank":144,"obtain_stats":[{"Potion Belt":21,"Tiny Chest":9,"Bag of Preparation":3,"War Paint":14,"MawBank":13,"Burning Blood":0,"White Beast Statue":7,"FossilizedHelix":11,"Runic Cube":17,"aspiration:ChemicalBlood":23},{"Potion Belt":9,"Tiny Chest":4,"Bag of Preparation":2,"War Paint":6,"MawBank":5,"Burning Blood":0,"White Beast Statue":4,"FossilizedHelix":5,"Runic Cube":7,"aspiration:ChemicalBlood":11},{"Potion Belt":46,"Tiny Chest":14,"Bag of Preparation":8,"War Paint":28,"MawBank":21,"Burning Blood":0,"White Beast Statue":14,"FossilizedHelix":21,"Runic Cube":36,"aspiration:ChemicalBlood":56}],"Burning Blood":66,"Runic Cube":[21]},"card_choices":[{"not_picked":["Bloodletting","Flex"],"picked":"Wild Strike","floor":1},{"not_picked":["Wild Strike","Power Through"],"picked":"Battle Trance","floor":2},{"not_picked":["Clothesline","Headbutt"],"picked":"Rampage","floor":5},{"not_picked":["Burning Pact","Anger"],"picked":"Demon Form","floor":7},{"not_picked":["Heavy Blade","Sword Boomerang"],"picked":"Ghostly Armor","floor":11},{"not_picked":["Thunderclap","Inflame","Sever Soul"],"picked":"SKIP","floor":14},{"not_picked":["Juggernaut","Corruption"],"picked":"Impervious","floor":16},{"not_picked":["Flex","Inflame"],"picked":"Blood for Blood","floor":18},{"not_picked":["Armaments","Pummel"],"picked":"Heavy Blade+1","floor":20},{"not_picked":["Sword Boomerang","Cleave"],"picked":"Feel No Pain","floor":22},{"not_picked":["Clothesline","Wild Strike","Heavy Blade"],"picked":"SKIP","floor":23}],"player_experience":939238,"relics_obtained":[{"floor":7,"key":"White Beast Statue"},{"floor":9,"key":"Tiny Chest"},{"floor":11,"key":"FossilizedHelix"},{"floor":13,"key":"MawBank"},{"floor":14,"key":"War Paint"},{"floor":21,"key":"Potion Belt"},{"floor":23,"key":"aspiration:ChemicalBlood"}],"event_choices":[{"damage_healed":0,"gold_gain":0,"player_choice":"Donut","damage_taken":0,"max_hp_gain":5,"max_hp_loss":0,"event_name":"Big Fish","floor":10,"gold_loss":0},{"damage_healed":0,"gold_gain":0,"player_choice":"Relic","damage_taken":0,"max_hp_gain":0,"max_hp_loss":0,"event_name":"Wheel of Change","floor":13,"gold_loss":0},{"damage_healed":0,"gold_gain":0,"player_choice":"Got Potions","damage_taken":0,"max_hp_gain":0,"max_hp_loss":0,"event_name":"Lab","floor":19,"gold_loss":0}],"is_beta":false,"boss_relics":[{"not_picked":["Runic Dome","Empty Cage"],"picked":"Runic Cube"}],"items_purged_floors":[4],"is_endless":false,"potions_floor_spawned":[1,5,11,14,16,18,20,22,23],"killed_by":"Gremlin Leader","ascension_level":20}}