{"host":"l0x1ky9qxkxk6ywx","time":1608880955,"event":{"mods":["Act Like it!","Aspiration","Astrologer","BaseMod","CapriCore","Gensokyo","GifTheSpireLib","Hubris","Luminous","Marisa????????","Minty Spire (QoL Compilation)","Rare Cards Sparkle","Remilia??????","Replay The Spire","StSLib","The Animator","The Bladedancer","The Bug Knight","The Cursed","The Hierophant","The Immortal","The Marked","The Runesmith","The Servant 0.9.4"],"gold_per_floor":[109,39,39,138,138,138,148,148,148,8,24,42,57,71,71,71,71],"floor_reached":16,"playtime":900,"items_purged":[],"score":92,"play_id":"ebc46bdc-5f2b-457b-b04d-0df346850eb0","local_time":"20201225012235","is_ascension_mode":false,"campfire_choices":[{"data":"ReplayReversal","floor":8,"key":"SMITH"},{"data":"Armaments","floor":15,"key":"SMITH"}],"circlet_count":0,"master_deck":["Strike_R","Strike_R","Strike_R+1","Strike_R","Strike_R+1","Defend_R","Defend_R","Defend_R","Defend_R","Pommel Strike","ReplayReversal+1","ReplayTheSpireMod:Stacked","Shrug It Off","Iron Wave","Armaments+1","Body Slam","Double Tap"],"relics":["Burning Blood","Vajra","Pear","Strawberry","Gensokyo:Mercy","Gensokyo:PortableGap","Calipers","Champion Belt"],"acts_visited":["Gensokyo:Gensokyo"],"potions_floor_usage":[],"damage_taken":[{"damage":4,"enemies":"Gensokyo:Python","floor":1,"turns":4},{"damage":0,"enemies":"Gensokyo:2_Kodama","floor":7,"turns":4},{"damage":0,"enemies":"Gensokyo:3_Fairies","floor":11,"turns":3},{"damage":0,"enemies":"Gensokyo:Python_and_Kodama","floor":12,"turns":4},{"damage":6,"enemies":"Gensokyo:2_Rabbits","floor":13,"turns":4},{"damage":0,"enemies":"Gensokyo:LivingMonolith","floor":14,"turns":3},{"damage":1,"enemies":"Gensokyo:Reimu","floor":16,"turns":5}],"seed_played":"8620870023188360722","potions_obtained":[{"floor":11,"key":"CultistPotion"},{"floor":12,"key":"Block Potion"},{"floor":14,"key":"SkillPotion"}],"is_trial":false,"path_per_floor":["M","?","?","?","?","?","M","R","T","?","M","M","M","M","R","B"],"character_chosen":"IRONCLAD","items_purchased":[],"campfire_rested":0,"item_purchase_floors":[],"current_hp_per_floor":[80,80,75,46,46,46,52,52,52,52,58,64,64,70,70,69,69],"gold":71,"neow_bonus":"RANDOM_COMMON_RELIC","is_daily":false,"chose_seed":false,"campfire_upgraded":2,"win_rate":0.0,"timestamp":1608880955,"path_taken":["M","?","?","?","?","?","?","R","T","?","M","M","?","M","R","BOSS"],"items_purchased_type":[],"build_version":"2020-12-22","purchased_purges":0,"victory":false,"max_hp_per_floor":[80,80,90,97,97,88,88,88,88,88,88,88,88,88,88,88,88],"card_choices":[{"not_picked":["Cleave","ReplayTheSpireMod:LeadingStrike"],"picked":"Pommel Strike","floor":1},{"not_picked":["Clothesline","True Grit"],"picked":"ReplayReversal","floor":4},{"not_picked":["hubris:CleavingFinish","Heavy Blade"],"picked":"ReplayTheSpireMod:Stacked","floor":4},{"not_picked":["Twin Strike","Rupture"],"picked":"Shrug It Off","floor":7},{"not_picked":["Replay:Undeath\u0027s Touch","Life Link"],"picked":"Iron Wave","floor":11},{"not_picked":["Headbutt","Power Through"],"picked":"Armaments","floor":12},{"not_picked":["Rage","Headbutt"],"picked":"Body Slam","floor":13},{"not_picked":["Seeing Red","hubris:ReadiedAction"],"picked":"Double Tap","floor":14}],"player_experience":145173,"relics_obtained":[{"floor":4,"key":"Strawberry"},{"floor":9,"key":"Calipers"}],"event_choices":[],"is_beta":false,"boss_relics":[],"items_purged_floors":[],"is_endless":false,"potions_floor_spawned":[11,12,14],"killed_by":"Gensokyo:Reimu","ascension_level":0}}