{"host":"sabve5zmqufxyc5o","time":1608919318,"event":{"mods":["2.2 Compatiblity","AchievementEnabler","Act Like it!","BaseMod","Block Reminder","Colored Map","Colored Powertips","DeckTracker","KOR Keyword Fix","Keyboard Shortcuts","Minty Spire (QoL Compilation)","Quick Restart","Rare Cards Sparkle","Relic Stats","StSLib","SuperFastMode"],"gold_per_floor":[117,128,3,3,20,20,34,34,113,113,123,23,38,49,49,49,49],"floor_reached":16,"playtime":283,"items_purged":["Strike_G","Strike_G"],"score":188,"play_id":"a221f922-a1bb-47ad-ab17-3ae52da9798f","local_time":"20201226030158","is_ascension_mode":true,"campfire_choices":[{"data":"Deadly Poison","floor":6.0,"key":"SMITH"},{"floor":8.0,"key":"REST"},{"data":"Prepared","floor":10.0,"key":"SMITH"},{"data":"Noxious Fumes","floor":15.0,"key":"SMITH"}],"circlet_count":0,"master_deck":["AscendersBane","Strike_G","Strike_G","Defend_G","Defend_G","Defend_G","Defend_G","Defend_G","Survivor","Neutralize","Acrobatics","Poisoned Stab","Deadly Poison+1","Prepared+1","Noxious Fumes+1","Burst"],"relics":["Ring of the Snake","PreservedInsect","HornCleat"],"acts_visited":["Exordium"],"potions_floor_usage":[16],"damage_taken":[{"damage":4.0,"enemies":"Cultist","floor":1.0,"turns":6.0},{"damage":8.0,"enemies":"Jaw Worm","floor":2.0,"turns":5.0},{"damage":4.0,"enemies":"Small Slimes","floor":5.0,"turns":3.0},{"damage":4.0,"enemies":"3 Louse","floor":7.0,"turns":4.0},{"damage":7.0,"enemies":"2 Fungi Beasts","floor":11.0,"turns":4.0},{"damage":0.0,"enemies":"Blue Slaver","floor":13.0,"turns":4.0},{"damage":0.0,"enemies":"3 Louse","floor":14.0,"turns":2.0},{"damage":49,"enemies":"Slime Boss","floor":16,"turns":10}],"seed_played":"-5169361203208370784","potions_obtained":[{"floor":2.0,"key":"Dexterity Potion"},{"floor":7.0,"key":"BlessingOfTheForge"},{"floor":11.0,"key":"Explosive Potion"}],"is_trial":false,"path_per_floor":["M","M","$","?","M","R","M","R","T","R","M","$","M","M","R","B"],"character_chosen":"THE_SILENT","items_purchased":["Deadly Poison"],"campfire_rested":1,"item_purchase_floors":[3],"current_hp_per_floor":[55,47,47,47,43,43,39,58,58,58,51,51,51,51,51,2,2],"gold":49,"neow_bonus":"RANDOM_COMMON_RELIC","is_daily":false,"chose_seed":false,"campfire_upgraded":3,"win_rate":0.0,"timestamp":1608919318,"path_taken":["M","M","$","?","M","R","?","R","T","R","?","?","M","M","R","BOSS"],"items_purchased_type":["Card"],"build_version":"2020-12-22","purchased_purges":2,"victory":false,"max_hp_per_floor":[66,66,66,66,66,66,66,66,66,66,66,66,66,66,66,66,66],"relic_stats":{"counters":[8,38],"PreservedInsect":0,"obtain_stats":[{"HornCleat":9,"PreservedInsect":0,"Ring of the Snake":0},{"HornCleat":4,"PreservedInsect":0,"Ring of the Snake":0},{"HornCleat":18,"PreservedInsect":0,"Ring of the Snake":0}],"Ring of the Snake":[16]},"card_choices":[{"not_picked":["Underhanded Strike","Outmaneuver"],"picked":"Acrobatics","floor":1.0},{"not_picked":["Quick Slash","Bane"],"picked":"Poisoned Stab","floor":2.0},{"not_picked":["Deflect","Slice","Flying Knee"],"picked":"SKIP","floor":5.0},{"not_picked":["Infinite Blades","Flying Knee"],"picked":"Prepared","floor":7.0},{"not_picked":["Backstab","PiercingWail"],"picked":"Noxious Fumes","floor":11.0},{"not_picked":["Outmaneuver","Blade Dance"],"picked":"Burst","floor":13.0},{"not_picked":["Blade Dance","Deadly Poison","Underhanded Strike"],"picked":"SKIP","floor":14.0}],"player_experience":810617,"relics_obtained":[{"floor":9.0,"key":"HornCleat"}],"event_choices":[{"cards_removed":["Strike_G"],"damage_healed":0.0,"max_hp_gain":0.0,"max_hp_loss":0.0,"gold_gain":0.0,"event_name":"Bonfire Elementals","player_choice":"Offered Basic","floor":4.0,"gold_loss":0.0,"damage_taken":0.0}],"is_beta":false,"boss_relics":[],"items_purged_floors":[3,12],"is_endless":false,"potions_floor_spawned":[2,7,11],"killed_by":"Slime Boss","ascension_level":20}}