{"host":"Misted","time":1608938931,"event":{"mods":["BaseMod","Minty Spire (QoL Compilation)","Replay The Spire","StSLib"],"gold_per_floor":[111,123,134,154,55,55,55,55,55,55,55,55,73,91,91,192,192,206,131,131,149,89,89,89,104,104,114,114,149,149,166,166,268,268,283,295,315,114,129,129,155,174,197,197,226,226,226,76,76,76],"floor_reached":51,"playtime":3813,"items_purged":["Strike_G","Defend_G"],"score":767,"play_id":"b1cf9180-cdfd-4eb9-a2a8-64552620b6c9","local_time":"20201225172851","is_ascension_mode":false,"campfire_choices":[{"data":"ReplayTheSpireMod:Scrap Shanks","floor":6,"key":"SMITH"},{"data":"Neutralize","floor":8,"key":"SMITH"},{"data":"Blur","floor":11,"key":"SMITH"},{"data":"Acrobatics","floor":15,"key":"SMITH"},{"data":"Accuracy","floor":23,"key":"SMITH"},{"data":"Envenom","floor":28,"key":"SMITH"},{"data":"Prepared","floor":30,"key":"SMITH"},{"data":"Terror","floor":32,"key":"SMITH"},{"data":"Reflex","floor":40,"key":"SMITH"},{"data":"Reflex","floor":44,"key":"SMITH"},{"data":"ReplayTheSpireMod:Necrosis","floor":47,"key":"SMITH"},{"data":"Footwork","floor":49,"key":"SMITH"}],"circlet_count":0,"master_deck":["Strike_G+1","Defend_G","Defend_G","Defend_G+1","Defend_G","Survivor","Neutralize+1","ReplayTheSpireMod:Scrap Shanks+1","Blade Dance","Blade Dance","Reflex+1","Blur+1","Acrobatics+1","Reflex+1","Blur","Envenom+1","Concentrate","Accuracy+1","Underhanded Strike+1","Masterful Stab+1","Terror+1","Prepared+1","Hidden Blade","Storm of Steel","Footwork","PiercingWail+1","Prepared+1","Footwork+1","Eviscerate","ReplayTheSpireMod:From All Sides","ReplayTheSpireMod:Necrosis+1"],"relics":["Ring of the Snake","Gambling Chip","Honey Jar","Quantum Egg","Question Card","Coffee Dripper","BargainBundle","Whetstone","Nunchaku","Gremlin Food","Anchor","Chemical X"],"acts_visited":["Exordium","TheCity","TheBeyond"],"potions_floor_usage":[4,42,50,50],"damage_taken":[{"damage":2,"enemies":"Small Slimes","floor":1,"turns":6},{"damage":3,"enemies":"Jaw Worm","floor":2,"turns":4},{"damage":0,"enemies":"2 Louse","floor":3,"turns":2},{"damage":9,"enemies":"Exordium Thugs","floor":4,"turns":4},{"damage":0,"enemies":"Exordium Wildlife","floor":13,"turns":2},{"damage":1,"enemies":"Red Slaver","floor":14,"turns":6},{"damage":14,"enemies":"The Guardian","floor":16,"turns":22},{"damage":16,"enemies":"Chosen","floor":18,"turns":7},{"damage":0,"enemies":"Spheric Guardian","floor":21,"turns":3},{"damage":0,"enemies":"Centurion and Healer","floor":25,"turns":3},{"damage":0,"enemies":"Snecko","floor":27,"turns":4},{"damage":11,"enemies":"Slavers","floor":29,"turns":4},{"damage":0,"enemies":"Snake Plant","floor":31,"turns":2},{"damage":0,"enemies":"Automaton","floor":33,"turns":3},{"damage":0,"enemies":"Orb Walker","floor":35,"turns":1},{"damage":0,"enemies":"3 Darklings","floor":36,"turns":3},{"damage":0,"enemies":"Spire Growth","floor":37,"turns":2},{"damage":0,"enemies":"Sphere and 2 Shapes","floor":39,"turns":2},{"damage":0,"enemies":"Giant Head","floor":41,"turns":3},{"damage":6,"enemies":"Jaw Worm Horde","floor":42,"turns":2},{"damage":25,"enemies":"Nemesis","floor":45,"turns":5},{"damage":11,"enemies":"Donu and Deca","floor":50,"turns":8}],"seed_played":"-6103363443638210709","potions_obtained":[{"floor":1,"key":"PowerPotion"},{"floor":13,"key":"EntropicBrew"},{"floor":14,"key":"PowerPotion"},{"floor":18,"key":"Weak Potion"},{"floor":29,"key":"Energy Potion"},{"floor":33,"key":"ColorlessPotion"},{"floor":35,"key":"Adrenaline Potion"},{"floor":45,"key":"PowerPotion"}],"is_trial":false,"path_per_floor":["M","M","M","M","$","R","?","R","T","?","R","?","M","M","R","B",null,"M","?","?","M","?","R","?","M","T","M","R","E","R","M","R","B",null,"M","M","M","$","M","R","E","M","T","R","E","?","R","$","R","B",null],"character_chosen":"THE_SILENT","items_purchased":["Acrobatics","BargainBundle","Footwork","GamblersBrew","Chemical X"],"campfire_rested":0,"item_purchase_floors":[5,38,38,38,48],"current_hp_per_floor":[68,65,65,56,56,56,42,42,42,42,42,42,42,41,41,27,70,54,54,54,54,54,54,54,54,54,54,54,43,43,43,43,43,70,70,70,70,70,70,70,70,64,64,64,39,39,39,39,39,28],"gold":76,"neow_bonus":"THREE_CARDS","is_daily":false,"chose_seed":false,"campfire_upgraded":12,"win_rate":0.0,"timestamp":1608938931,"path_taken":["M","M","M","M","$","R","?","R","T","?","R","?","M","M","R","BOSS","M","?","?","M","?","R","?","M","T","?","R","E","R","M","R","BOSS","M","M","M","$","M","R","E","M","T","R","E","?","R","$","R","BOSS"],"items_purchased_type":["Card","Relic","Card","Potion","Relic"],"build_version":"2020-12-18","purchased_purges":2,"victory":true,"max_hp_per_floor":[70,70,70,70,70,70,70,70,70,70,70,70,70,70,70,70,70,70,70,70,70,70,70,70,70,70,70,70,70,70,70,70,70,70,70,70,70,70,70,70,70,70,70,70,70,70,70,70,70,70],"card_choices":[{"not_picked":["Prepared","Setup"],"picked":"ReplayTheSpireMod:Scrap Shanks","floor":0},{"not_picked":["Choke","Dodge and Roll"],"picked":"Blade Dance","floor":1},{"not_picked":["Setup","Backflip"],"picked":"Blade Dance","floor":2},{"not_picked":["Skewer","Expertise"],"picked":"Reflex","floor":3},{"not_picked":["Flechettes","Dagger Spray"],"picked":"Blur","floor":4},{"not_picked":["ReplayTheSpireMod:Tripwire","Sucker Punch"],"picked":"Reflex","floor":13},{"not_picked":["PiercingWail","Dagger Throw"],"picked":"Blur","floor":14},{"not_picked":["ReplayTheSpireMod:Necrosis","Night Terror"],"picked":"Envenom","floor":16},{"not_picked":["Acrobatics","Blade Dance","Expertise"],"picked":"Concentrate","floor":18},{"not_picked":["Sucker Punch","Acrobatics","Dagger Spray"],"picked":"Underhanded Strike+1","floor":21},{"not_picked":["Poisoned Stab","Well Laid Plans","Outmaneuver"],"picked":"Masterful Stab","floor":25},{"not_picked":["Underhanded Strike","Blade Dance","Dash+1"],"picked":"Terror","floor":27},{"not_picked":["Cloak And Dagger","Deflect","Flechettes"],"picked":"Prepared","floor":29},{"not_picked":["Grand Finale","Predator","Reflex","Setup"],"picked":"Hidden Blade","floor":31},{"not_picked":["Wraith Form v2","Glass Knife","Malaise","Die Die Die"],"picked":"Storm of Steel","floor":33},{"not_picked":["Hidden Blade","Blur","Deflect+1","Leg Sweep+1"],"picked":"Footwork","floor":35},{"not_picked":["Slice+1","Flying Knee+1","Replay:Poison Smokescreen+1","Dodge and Roll"],"picked":"PiercingWail+1","floor":36},{"not_picked":["Blade Dance","Deflect","Choke+1","Blur"],"picked":"Prepared+1","floor":37},{"not_picked":["Slice","Deflect","Catalyst+1","Riddle With Holes"],"picked":"Terror+1","floor":39},{"not_picked":["Dodge and Roll","Fluid Movement","PiercingWail","Escape Plan"],"picked":"Eviscerate","floor":41},{"not_picked":["Backflip","Bouncing Flask+1","Dash+1","PiercingWail+1"],"picked":"ReplayTheSpireMod:From All Sides","floor":42},{"not_picked":["Underhanded Strike+1","Quick Slash+1","Fluid Movement+1","Poisoned Stab+1"],"picked":"ReplayTheSpireMod:Necrosis","floor":45}],"player_experience":720607,"relics_obtained":[{"floor":9,"key":"Gambling Chip"},{"floor":26,"key":"Quantum Egg"},{"floor":29,"key":"Question Card"},{"floor":41,"key":"Whetstone"},{"floor":43,"key":"Nunchaku"},{"floor":45,"key":"Gremlin Food"}],"event_choices":[{"damage_healed":0,"gold_gain":0,"player_choice":"Entered Light","damage_taken":14,"max_hp_gain":0,"max_hp_loss":0,"event_name":"Shining Light","floor":7,"gold_loss":0,"cards_upgraded":["Strike_G","Defend_G"]},{"damage_healed":0,"gold_gain":0,"player_choice":"Fled","damage_taken":0,"max_hp_gain":0,"max_hp_loss":0,"event_name":"Scrap Ooze","floor":10,"gold_loss":0},{"cards_removed":["Strike_G"],"damage_healed":0,"gold_gain":0,"player_choice":"Forget","damage_taken":0,"max_hp_gain":0,"max_hp_loss":0,"event_name":"Living Wall","floor":12,"gold_loss":0},{"cards_removed":["Strike_G"],"damage_healed":0,"gold_gain":0,"player_choice":"Gave Gold","damage_taken":0,"max_hp_gain":0,"max_hp_loss":0,"event_name":"Beggar","floor":19,"gold_loss":75},{"damage_healed":0,"gold_gain":0,"player_choice":"Read","damage_taken":0,"max_hp_gain":0,"max_hp_loss":0,"event_name":"The Library","floor":20,"gold_loss":0,"cards_obtained":["Accuracy"]},{"cards_removed":["Strike_G"],"damage_healed":0,"gold_gain":0,"player_choice":"Elegance","damage_taken":0,"max_hp_gain":0,"max_hp_loss":0,"event_name":"Back to Basics","floor":24,"gold_loss":0},{"cards_removed":["Terror"],"damage_healed":0,"gold_gain":0,"player_choice":"Gave Card","damage_taken":0,"relics_obtained":["Anchor"],"max_hp_gain":0,"max_hp_loss":0,"event_name":"WeMeetAgain","floor":46,"gold_loss":0}],"is_beta":true,"boss_relics":[{"not_picked":["Kintsugi","Runic Dome"],"picked":"Honey Jar"},{"not_picked":["Philosopher\u0027s Stone","Replay:Ancient Bell"],"picked":"Coffee Dripper"}],"items_purged_floors":[5,38],"is_endless":false,"potions_floor_spawned":[1,13,14,18,29,33,35,36,39,45],"ascension_level":0}}