{"host":"qwv9nni2x0umspiu","time":1608861041,"event":{"mods":["BaseMod","Downfall","Minty Spire (QoL Compilation)","Replay The Spire","StSLib","The Hierophant","Wandering Minibosses"],"gold_per_floor":[111,111,25,100,25,51,51,121,121,190,260,260,260,324,324,264,264],"floor_reached":16,"playtime":591,"items_purged":[],"score":250,"play_id":"51cff41b-9bf0-4a9e-9356-c45a29d67066","local_time":"20201224175041","is_ascension_mode":true,"campfire_choices":[{"data":"hierophant:ChurchCoffers","floor":7,"key":"SMITH"},{"data":"hierophant:Community","floor":13,"key":"SMITH"},{"data":"hierophant:Alms","floor":15,"key":"SMITH"}],"circlet_count":0,"master_deck":["AscendersBane","hierophant:Strike_Hierophant","hierophant:Strike_Hierophant","hierophant:Strike_Hierophant","hierophant:Strike_Hierophant","hierophant:Punish+1","hierophant:Defend_Hierophant","hierophant:Defend_Hierophant","hierophant:Defend_Hierophant","hierophant:Defend_Hierophant","hierophant:ChurchCoffers+1","hierophant:Smite","hierophant:HammerAndAnvil","hierophant:Community+1","hierophant:BulkyChest","hierophant:Alms+1","hierophant:HammerAndAnvil"],"relics":["hierophant:PropheticMaskRelic","NeowsBlessing","Ice Cream","Garlic"],"acts_visited":["Exordium"],"potions_floor_usage":[11,16,16],"damage_taken":[{"damage":0,"enemies":"Jaw Worm","floor":1,"turns":1},{"damage":0,"enemies":"Gremlin Nob","floor":6,"turns":1},{"damage":0,"enemies":"2 Louse","floor":8,"turns":1},{"damage":5,"enemies":"Small Slimes","floor":10,"turns":4},{"damage":10,"enemies":"Blue Slaver","floor":11,"turns":2},{"damage":9,"enemies":"2 Fungi Beasts","floor":14,"turns":4},{"damage":34,"enemies":"Hexaghost","floor":16,"turns":9}],"seed_played":"2554493077415961548","potions_obtained":[{"floor":1,"key":"Languid Potion"},{"floor":6,"key":"DistilledChaos"},{"floor":11,"key":"FearPotion"}],"is_trial":false,"path_per_floor":["M","?","$","?","$","E","R","M","T","M","M","?","R","M","R","B"],"character_chosen":"HIEROPHANT","items_purchased":["hierophant:Smite","hierophant:HammerAndAnvil","hierophant:Community"],"campfire_rested":0,"item_purchase_floors":[3,3,5],"current_hp_per_floor":[68,68,68,57,57,57,57,57,57,52,42,42,42,33,33,0,0],"gold":264,"neow_bonus":"THREE_ENEMY_KILL","is_daily":false,"chose_seed":false,"campfire_upgraded":3,"win_rate":0.0,"timestamp":1608861041,"path_taken":["M","?","$","?","$","E","R","M","T","M","M","?","R","M","R","BOSS"],"items_purchased_type":["Card","Card","Card"],"build_version":"2020-12-22","purchased_purges":0,"victory":false,"max_hp_per_floor":[75,75,75,75,75,75,75,75,75,75,75,75,75,75,75,75,75],"card_choices":[{"not_picked":["hierophant:FieryStrike","hierophant:PassingBell","hierophant:AuricBeam"],"picked":"SKIP","floor":1},{"not_picked":["hierophant:CursedGold","hierophant:RepressedViolence"],"picked":"hierophant:BulkyChest","floor":6},{"not_picked":["hierophant:PassingBell","hierophant:Smite"],"picked":"hierophant:Alms","floor":8},{"not_picked":["hierophant:Charity","hierophant:AuricBeam","hierophant:FieryStrike"],"picked":"SKIP","floor":10},{"not_picked":["hierophant:Prophecy","hierophant:Refuge"],"picked":"hierophant:HammerAndAnvil","floor":11},{"not_picked":["hierophant:AuricBeam","hierophant:DisplayOfPower","hierophant:RustyCrate"],"picked":"SKIP","floor":14}],"player_experience":1301239,"relics_obtained":[{"floor":6,"key":"Ice Cream"},{"floor":9,"key":"Garlic"}],"event_choices":[{"damage_healed":0,"gold_gain":0,"player_choice":"Leave","damage_taken":0,"max_hp_gain":0,"max_hp_loss":0,"event_name":"The Cleric","floor":2,"gold_loss":0},{"damage_healed":0,"gold_gain":75,"player_choice":"Gather Gold","damage_taken":11,"max_hp_gain":0,"max_hp_loss":0,"event_name":"World of Goop","floor":4,"gold_loss":0},{"damage_healed":0,"gold_gain":0,"player_choice":"Grow","damage_taken":0,"max_hp_gain":0,"max_hp_loss":0,"event_name":"Living Wall","floor":12,"gold_loss":0,"cards_upgraded":["hierophant:Punish"]}],"is_beta":false,"boss_relics":[],"items_purged_floors":[],"is_endless":false,"potions_floor_spawned":[1,6,11],"killed_by":"Hexaghost","ascension_level":20}}