{"host":"uflv0e3ja7hvnij7","time":1608905535,"event":{"mods":["Aspiration","BaseMod","Better Altar","Better Match","Better Note","Better Sensory Stone","Better Skull","Better Third Choice","Infinite Spire","Minty Spire (QoL Compilation)","Permanent Neow","StSLib"],"gold_per_floor":[115,13,23,38,53,53,66,66,66,76,90,90,102,114,114,214,214,226,226,226,236,136,169,244,244,267,285,285,47,47,64,64,166,216,233,233,253,266,281,281,281],"floor_reached":40,"playtime":2417,"items_purged":["Strike_G","Defend_G","Strike_G"],"score":481,"play_id":"5e6a9c18-c46e-40c8-adf4-1affee559112","local_time":"20201225091215","is_ascension_mode":false,"campfire_choices":[{"data":"Dagger Spray","floor":6,"key":"SMITH"},{"data":"Neutralize","floor":8,"key":"SMITH"},{"data":"Footwork","floor":15,"key":"SMITH"},{"floor":28,"key":"REST"},{"floor":32,"key":"REST"}],"circlet_count":0,"master_deck":["Strike_G","Strike_G","Strike_G","Defend_G","Defend_G","Defend_G","Survivor","Neutralize+1","Dagger Spray+1","Dagger Throw","PiercingWail","Accuracy","Cloak And Dagger","Footwork+1","Blur","Finisher+1","Slice+1","Backstab","Violence","Blade Dance","Burst","Backstab","Dagger Throw+1","Blade Dance","Well Laid Plans","Cloak And Dagger"],"relics":["HoveringKite","aspiration:StickyExplosives_weak","WristBlade","Sling","Pocketwatch","aspiration:Lifesprig","Tiny House"],"acts_visited":["Exordium","TheCity","TheBeyond"],"potions_floor_usage":[16,16,16,16,16,23,25,33,40,40],"damage_taken":[{"damage":0,"enemies":"Cultist","floor":1,"turns":5},{"damage":0,"enemies":"Jaw Worm","floor":3,"turns":3},{"damage":3,"enemies":"2 Louse","floor":4,"turns":3},{"damage":4,"enemies":"Exordium Wildlife","floor":5,"turns":4},{"damage":1,"enemies":"3 Louse","floor":7,"turns":3},{"damage":0,"enemies":"Lots of Slimes","floor":10,"turns":2},{"damage":0,"enemies":"Large Slime","floor":11,"turns":5},{"damage":0,"enemies":"2 Fungi Beasts","floor":13,"turns":2},{"damage":0,"enemies":"3 Louse","floor":14,"turns":1},{"damage":0,"enemies":"The Guardian","floor":16,"turns":10},{"damage":0,"enemies":"3 Byrds","floor":18,"turns":6},{"damage":19,"enemies":"Spheric Guardian","floor":21,"turns":4},{"damage":25,"enemies":"Slavers","floor":23,"turns":5},{"damage":0,"enemies":"Snake Plant","floor":25,"turns":1},{"damage":9,"enemies":"Centurion and Healer","floor":27,"turns":5},{"damage":17,"enemies":"Shelled Parasite and Fungi","floor":31,"turns":5},{"damage":21,"enemies":"Collector","floor":33,"turns":7},{"damage":40,"enemies":"3 Shapes","floor":35,"turns":2},{"damage":5,"enemies":"Orb Walker","floor":37,"turns":2},{"damage":0,"enemies":"Transient","floor":38,"turns":5},{"damage":10,"enemies":"Jaw Worm Horde","floor":39,"turns":3},{"damage":32,"enemies":"Nightmare","floor":40,"turns":5}],"seed_played":"-6319208002193897897","potions_obtained":[{"floor":3,"key":"FearPotion"},{"floor":7,"key":"EntropicBrew"},{"floor":11,"key":"Poison Potion"},{"floor":16,"key":"Regen Potion"},{"floor":27,"key":"Weak Potion"},{"floor":31,"key":"Ancient Potion"},{"floor":33,"key":"DuplicationPotion"},{"floor":34,"key":"Weak Potion"},{"floor":35,"key":"PowerPotion"},{"floor":36,"key":"GhostInAJar"},{"floor":36,"key":"infinitespire:BlackPotion"}],"is_trial":false,"path_per_floor":["M","$","M","M","M","R","M","R","T","M","M","?","M","M","R","B",null,"M","AVR","?","M","$","E","?","M","T","M","R","$","?","M","R","B",null,"M","?","M","M","M","NM"],"character_chosen":"THE_SILENT","items_purchased":["Dagger Throw","Violence","Blade Dance"],"campfire_rested":2,"item_purchase_floors":[2,29,29],"current_hp_per_floor":[70,70,70,67,63,63,62,62,62,62,62,62,62,62,62,62,70,70,70,80,61,61,50,42,42,42,33,57,57,49,32,56,35,85,45,45,40,40,30,0,0],"gold":281,"neow_bonus":"BOSS_RELIC","is_daily":false,"chose_seed":false,"campfire_upgraded":3,"win_rate":0.0,"timestamp":1608905535,"path_taken":["M","$","M","M","M","R","M","R","T","M","M","?","M","M","R","BOSS","M","AVR","?","M","$","E","?","M","T","?","R","$","?","M","R","BOSS","M","?","?","M","M","NM"],"items_purchased_type":["Card","Card","Card"],"build_version":"2020-12-22","purchased_purges":3,"victory":false,"max_hp_per_floor":[70,70,70,70,70,70,70,70,70,70,70,70,70,70,70,70,70,70,70,80,80,80,80,80,80,80,80,80,80,80,80,80,80,85,85,85,85,85,85,85,85],"card_choices":[{"not_picked":["Leg Sweep","Escape Plan"],"picked":"Dagger Spray","floor":1},{"not_picked":["Crippling Poison","Prepared"],"picked":"PiercingWail","floor":3},{"not_picked":["Flechettes","Backflip","Leg Sweep"],"picked":"SKIP","floor":4},{"not_picked":["Well Laid Plans","Dagger Throw"],"picked":"Accuracy","floor":5},{"not_picked":["Dagger Spray","Slice","Quick Slash"],"picked":"SKIP","floor":7},{"not_picked":["Poisoned Stab","Flying Knee"],"picked":"Cloak And Dagger","floor":10},{"not_picked":["Expertise","Heel Hook"],"picked":"Footwork","floor":11},{"not_picked":["Bouncing Flask","Backflip"],"picked":"Blur","floor":13},{"not_picked":["Deadly Poison","Caltrops","All Out Attack"],"picked":"SKIP","floor":14},{"not_picked":["Venomology","Grand Finale"],"picked":"Malaise","floor":16},{"not_picked":["Choke","Flying Knee+1"],"picked":"Finisher","floor":18},{"not_picked":["Flying Knee+1","Skewer"],"picked":"Slice+1","floor":21},{"not_picked":["Distraction+1","Glass Knife"],"picked":"Backstab","floor":23},{"not_picked":["Reflex+1","Sucker Punch","Dodge and Roll"],"picked":"SKIP","floor":27},{"not_picked":["Crippling Poison","Riddle With Holes","Underhanded Strike+1"],"picked":"SKIP","floor":31},{"not_picked":["Phantasmal Killer","Wraith Form v2"],"picked":"Burst","floor":33},{"not_picked":["Quick Slash+1","Acrobatics"],"picked":"Backstab","floor":34},{"not_picked":["Dagger Spray","Deadly Poison"],"picked":"Dagger Throw+1","floor":35},{"not_picked":["Night Terror","Deadly Poison"],"picked":"Blade Dance","floor":37},{"not_picked":["Caltrops","Quick Slash"],"picked":"Well Laid Plans","floor":38},{"not_picked":["Heel Hook+1","Crippling Poison+1"],"picked":"Cloak And Dagger","floor":39}],"player_experience":355181,"relics_obtained":[{"floor":9,"key":"aspiration:StickyExplosives_weak"},{"floor":23,"key":"Pocketwatch"},{"floor":26,"key":"aspiration:Lifesprig"}],"event_choices":[{"cards_removed":["Malaise"],"damage_healed":0,"gold_gain":0,"player_choice":"Offered Rare","damage_taken":0,"max_hp_gain":10,"max_hp_loss":0,"event_name":"Bonfire Elementals","floor":20,"gold_loss":0},{"damage_healed":0,"gold_gain":75,"player_choice":"Touch","damage_taken":8,"max_hp_gain":0,"max_hp_loss":0,"event_name":"FaceTrader","floor":24,"gold_loss":0},{"damage_healed":0,"gold_gain":0,"player_choice":"Damaged","damage_taken":8,"max_hp_gain":0,"max_hp_loss":0,"event_name":"Wheel of Change","floor":30,"gold_loss":0},{"damage_healed":0,"gold_gain":0,"player_choice":"Got Potions","damage_taken":0,"max_hp_gain":0,"max_hp_loss":0,"event_name":"Lab","floor":36,"gold_loss":0}],"is_beta":false,"boss_relics":[{"not_picked":["SlaversCollar","Calling Bell"],"picked":"WristBlade"},{"not_picked":["Busted Crown","Astrolabe"],"picked":"Tiny House"}],"items_purged_floors":[2,19,22],"is_endless":false,"potions_floor_spawned":[3,7,11,16,27,31,33,35,38,39],"killed_by":"Nightmare","ascension_level":0}}