{"host":"6xsbn6ynqlzwllfm","time":1608916040,"event":{"mods":["2.2 Compatiblity","BaseMod","Bestiary","Colored Map","Colored Powertips","Curses Come First","Downfall","Highlight Path","Keyboard Shortcuts","Minty Spire (QoL Compilation)","Quick Restart","Relic Stats","Slay the Relics Exporter","StSLib","SuperFastMode"],"gold_per_floor":[115,115,115,40,51,51,78,89,137,44,44,44,58,94,94,94,94],"floor_reached":16,"playtime":271,"items_purged":["Strike_R"],"score":266,"play_id":"d433e0d1-39d5-4b65-a2cf-5e0bf6515baa","local_time":"20201225120720","is_ascension_mode":true,"campfire_choices":[{"floor":6,"key":"REST"},{"data":"Bash","floor":12,"key":"SMITH"},{"data":"True Grit","floor":15,"key":"SMITH"}],"circlet_count":0,"master_deck":["AscendersBane","Strike_R","Strike_R","Strike_R","Strike_R+1","Defend_R","Defend_R","Defend_R","Defend_R","Bash+1","Hemokinesis+1","Fire Breathing","Evolve","Seeing Red","Thunderclap","Cleave","True Grit+1"],"relics":["Burning Blood","NeowsBlessing","Ancient Tea Set","Charon\u0027s Ashes","Regal Pillow","Golden Idol","HornCleat"],"acts_visited":["Exordium"],"potions_floor_usage":[13,13,16],"damage_taken":[{"damage":0,"enemies":"2 Louse","floor":1,"turns":1},{"damage":0,"enemies":"Small Slimes","floor":5,"turns":1},{"damage":0,"enemies":"Gremlin Nob","floor":7,"turns":1},{"damage":2,"enemies":"Cultist","floor":8,"turns":2},{"damage":3,"enemies":"3 Louse","floor":13,"turns":2},{"damage":39,"enemies":"Lagavulin","floor":14,"turns":5},{"damage":32,"enemies":"The Guardian","floor":16,"turns":8}],"seed_played":"-3925020845679288588","potions_obtained":[{"floor":1,"key":"Swift Potion"},{"floor":7,"key":"hexamod:EctoCoolerPotion"},{"floor":13,"key":"SteroidPotion"}],"is_trial":false,"path_per_floor":["M","?","?","$","M","R","E","M","T","$","?","R","M","E","R","B"],"character_chosen":"IRONCLAD","items_purchased":["Seeing Red","Thunderclap"],"campfire_rested":1,"item_purchase_floors":[10,10],"current_hp_per_floor":[74,48,25,25,31,53,59,63,63,63,63,63,66,33,33,1,1],"gold":94,"neow_bonus":"THREE_ENEMY_KILL","is_daily":false,"chose_seed":false,"campfire_upgraded":2,"win_rate":0.0,"timestamp":1608916040,"path_taken":["M","?","?","$","M","R","E","M","T","$","?","R","M","E","R","BOSS"],"items_purchased_type":["Card","Card"],"build_version":"2020-12-22","purchased_purges":1,"victory":false,"max_hp_per_floor":[75,75,75,75,75,75,75,75,75,75,68,68,68,68,68,68,68],"relic_stats":{"Regal Pillow":0,"counters":[7,20],"Golden Idol":10,"Charon\u0027s Ashes":[25],"obtain_stats":[{"Regal Pillow":9,"HornCleat":14,"NeowsBlessing":0,"Golden Idol":11,"Charon\u0027s Ashes":7,"Ancient Tea Set":2,"Burning Blood":0},{"Regal Pillow":4,"HornCleat":6,"NeowsBlessing":0,"Golden Idol":4,"Charon\u0027s Ashes":3,"Ancient Tea Set":1,"Burning Blood":0},{"Regal Pillow":5,"HornCleat":12,"NeowsBlessing":0,"Golden Idol":5,"Charon\u0027s Ashes":3,"Ancient Tea Set":1,"Burning Blood":0}],"Burning Blood":36},"card_choices":[{"not_picked":["Shrug It Off","Armaments"],"picked":"Hemokinesis","floor":1},{"not_picked":["Entrench","Burning Pact"],"picked":"Fire Breathing","floor":7},{"not_picked":["Power Through","Clash"],"picked":"Evolve","floor":8},{"not_picked":["Anger","Bludgeon"],"picked":"Cleave","floor":13},{"not_picked":["Whirlwind","Heavy Blade"],"picked":"True Grit","floor":14}],"player_experience":1254567,"relics_obtained":[{"floor":7,"key":"Charon\u0027s Ashes"},{"floor":9,"key":"Regal Pillow"},{"floor":14,"key":"HornCleat"}],"event_choices":[{"damage_healed":0,"gold_gain":0,"player_choice":"Success","damage_taken":26,"relics_obtained":["Ancient Tea Set"],"max_hp_gain":0,"max_hp_loss":0,"event_name":"Scrap Ooze","floor":2,"gold_loss":0},{"damage_healed":0,"gold_gain":0,"player_choice":"Entered Light","damage_taken":23,"max_hp_gain":0,"max_hp_loss":0,"event_name":"Shining Light","floor":3,"gold_loss":0,"cards_upgraded":["Strike_R","Hemokinesis"]},{"damage_healed":0,"gold_gain":0,"player_choice":"Lose Max HP","damage_taken":0,"relics_obtained":["Golden Idol"],"max_hp_gain":0,"max_hp_loss":7,"event_name":"Golden Idol","floor":11,"gold_loss":0}],"is_beta":false,"boss_relics":[],"items_purged_floors":[4],"is_endless":false,"potions_floor_spawned":[1,7,13],"killed_by":"The Guardian","ascension_level":20}}