{"host":"rvgqag7mtxu5qaaz","time":1608932060,"event":{"mods":["AchievementEnabler","BaseMod","Downfall","Hermit","Hubris","Minty Spire (QoL Compilation)","Replay The Spire","StSLib","SuperFastMode","The Animator","The Construct","The Cursed","The Disciple","The Necromancer"],"gold_per_floor":[113,123,123,140,140,173,190,190,217,217,242,242,242,261,261,261,261],"floor_reached":16,"playtime":645,"items_purged":[],"score":110,"play_id":"5652c959-cb2d-4eef-bb84-e5c9aae5eca3","local_time":"20201225163420","is_ascension_mode":false,"campfire_choices":[{"floor":8,"key":"REST"},{"floor":10,"key":"REST"},{"data":"hermit:Showdown","floor":13,"key":"SMITH"},{"floor":15,"key":"REST"}],"circlet_count":0,"master_deck":["hermit:Strike_Hermit","hermit:Strike_Hermit","hermit:Strike_Hermit","hermit:Strike_Hermit","hermit:Defend_Hermit","hermit:Defend_Hermit","hermit:Defend_Hermit","hermit:Defend_Hermit","hermit:Snapshot","hermit:Covet","hermit:Snipe+1","hermit:Showdown+1","hermit:TakeAim","hermit:Vantage","hermit:Shortfuse","hermit:LuckOfTheDraw","hubris:Envy","hermit:Enervate"],"relics":["hermit:Momento","hubris:Icosahedron","Toy Ornithopter","Centennial Puzzle","Juzu Bracelet","hubris:DisguiseKit"],"acts_visited":["Exordium"],"potions_floor_usage":[16,16],"damage_taken":[{"damage":2,"enemies":"2 Louse","floor":1,"turns":3},{"damage":0,"enemies":"Small Slimes","floor":2,"turns":3},{"damage":13,"enemies":"Jaw Worm","floor":4,"turns":3},{"damage":40,"enemies":"Lagavulin","floor":6,"turns":6},{"damage":15,"enemies":"3 Louse","floor":7,"turns":4},{"damage":24,"enemies":"Gremlin Nob","floor":11,"turns":5},{"damage":12,"enemies":"2 Fungi Beasts","floor":14,"turns":4},{"damage":58,"enemies":"Hexaghost","floor":16,"turns":9}],"seed_played":"8872871100499253864","potions_obtained":[{"floor":2,"key":"Languid Potion"},{"floor":6,"key":"sneckomod:MuddlingPotion"},{"floor":7,"key":"AttackPotion"}],"is_trial":false,"path_per_floor":["M","M","?","M","?","E","M","R","T","R","E","?","R","M","R","B"],"character_chosen":"HERMIT","items_purchased":[],"campfire_rested":3,"item_purchase_floors":[],"current_hp_per_floor":[80,80,80,67,67,27,12,36,36,60,36,36,36,24,48,0,0],"gold":261,"neow_bonus":"TEN_PERCENT_HP_BONUS","is_daily":false,"chose_seed":false,"campfire_upgraded":1,"win_rate":0.0,"timestamp":1608932060,"path_taken":["M","M","?","M","?","E","M","R","T","R","E","?","R","M","R","BOSS"],"items_purchased_type":[],"build_version":"2020-12-22","purchased_purges":0,"victory":false,"max_hp_per_floor":[82,82,82,82,82,82,82,82,82,82,82,82,82,82,82,82,82],"card_choices":[{"not_picked":["hermit:Ricochet","hermit:Quickdraw"],"picked":"hermit:Snipe","floor":1},{"not_picked":["hermit:Combo","hermit:Midnight"],"picked":"hermit:Showdown","floor":2},{"not_picked":["hermit:Misfire","hermit:Brawl"],"picked":"hermit:TakeAim","floor":4},{"not_picked":["hermit:SprayPray","hermit:Virtue"],"picked":"hermit:Vantage","floor":6},{"not_picked":["hermit:Snipe","hermit:Headshot"],"picked":"hermit:Shortfuse","floor":7},{"not_picked":["hermit:Snipe","hermit:Dive"],"picked":"hermit:LuckOfTheDraw","floor":11},{"not_picked":["hermit:HighCaliber","hermit:Manifest","construct:CripplingShot"],"picked":"hermit:Enervate","floor":14}],"player_experience":303348,"relics_obtained":[{"floor":6,"key":"Toy Ornithopter"},{"floor":9,"key":"Centennial Puzzle"},{"floor":11,"key":"Juzu Bracelet"}],"event_choices":[],"is_beta":false,"boss_relics":[],"items_purged_floors":[],"is_endless":false,"potions_floor_spawned":[2,6,7,11],"killed_by":"Hexaghost","ascension_level":0}}