{"host":"8xt6qtpg1rkermdd","time":1608896077,"event":{"mods":["AchievementEnabler","Astrologer","Bard","BaseMod","Colored Powertips","Downfall","Hermit","Highlight Path","Hubris","Infinite Spire","Jorbs\u0027s Wanderer Trilogy","Minty Spire (QoL Compilation)","Replay The Spire","Shade Mod","StSLib","The Blackbeard","The Bladedancer","The Bug Knight","The Construct","The Cursed","The Disciple","The Dragon Tamer","The Gatherer","The Hayseed","The Marked","The Runesmith","The Servant 0.9.4","TheArtist","TheBandit"],"gold_per_floor":[113,113,123,73,86,86,116,116,116,41,41,70,84,101,101,196,196,216,216,109,122,122,122,152,165,165,193,223,223,251,274,274,290,290],"floor_reached":33,"playtime":1442,"items_purged":[],"score":279,"play_id":"7c9fe9a0-03fd-4433-8b69-7be470cc26ee","local_time":"20201225053437","is_ascension_mode":false,"campfire_choices":[{"data":"Dash","floor":6,"key":"SMITH"},{"data":"Deadly Poison","floor":8,"key":"SMITH"},{"floor":15,"key":"REST"},{"data":"infinitespire:Neurotoxin","floor":23,"key":"SMITH"},{"data":"Draining Mist","floor":29,"key":"SMITH"}],"circlet_count":0,"master_deck":["Strike_G","Strike_G","Strike_G","Strike_G","Strike_G","Defend_G","Defend_G","Defend_G","Defend_G","Defend_G","Survivor","Neutralize","Dash+1","Flying Knee","Deadly Poison+1","Bane","Replay:Poison Smokescreen","Flying Knee","Deadly Poison","Deadly Poison","infinitespire:Neurotoxin+1","Sucker Punch+1","All Out Attack","Dagger Throw","Dagger Throw+1","Flechettes","Draining Mist+1","Deflect+1","Flying Knee","Slice+1","Finisher+1","PiercingWail"],"relics":["Ring of the Snake","Peace Pipe","infinitespire:EmpoweringShard","hubris:SphereOfDissonance","infinitespire:Bottled Soul","Philosopher\u0027s Stone","MutagenicStrength","Anchor","Replay:Bandana"],"acts_visited":["Exordium","TheCity"],"potions_floor_usage":[],"damage_taken":[{"damage":5,"enemies":"2 Louse","floor":1,"turns":4},{"damage":10,"enemies":"Cultist","floor":3,"turns":5},{"damage":0,"enemies":"Small Slimes","floor":5,"turns":2},{"damage":18,"enemies":"Lagavulin","floor":7,"turns":8},{"damage":8,"enemies":"Gremlin Nob","floor":12,"turns":3},{"damage":1,"enemies":"2 Fungi Beasts","floor":13,"turns":3},{"damage":11,"enemies":"Exordium Wildlife","floor":14,"turns":5},{"damage":38,"enemies":"The Guardian","floor":16,"turns":8},{"damage":8,"enemies":"Spheric Guardian","floor":18,"turns":3},{"damage":30,"enemies":"3 Byrds","floor":21,"turns":4},{"damage":20,"enemies":"Book of Stabbing","floor":24,"turns":4},{"damage":0,"enemies":"Snecko","floor":25,"turns":2},{"damage":0,"enemies":"Shelled Parasite and Fungi","floor":27,"turns":3},{"damage":1,"enemies":"Snake Plant","floor":28,"turns":3},{"damage":0,"enemies":"Centurion and Healer","floor":30,"turns":4},{"damage":2,"enemies":"Snecko","floor":31,"turns":3},{"damage":39,"enemies":"Pondfish","floor":33,"turns":10}],"seed_played":"7831239700698884115","potions_obtained":[{"floor":3,"key":"Adrenaline Potion"},{"floor":7,"key":"Ancient Potion"},{"floor":12,"key":"Swift Potion"}],"is_trial":false,"path_per_floor":["M","?","M","$","M","R","E","R","T","$","T","E","M","M","R","B",null,"M","?","$","M","?","R","E","M","T","M","M","R","M","M","R","B"],"character_chosen":"THE_SILENT","items_purchased":["Flying Knee","Replay:Poison Smokescreen","All Out Attack","Dagger Throw"],"campfire_rested":1,"item_purchase_floors":[4,10,20,20],"current_hp_per_floor":[72,77,67,67,67,67,49,49,49,49,49,41,40,29,52,14,77,69,69,69,39,39,39,19,19,19,19,18,18,18,16,39,0,0],"gold":290,"neow_bonus":"TEN_PERCENT_HP_BONUS","is_daily":false,"chose_seed":false,"campfire_upgraded":4,"win_rate":0.0,"timestamp":1608896077,"path_taken":["M","?","?","?","M","R","E","R","T","$","?","E","?","M","R","BOSS","M","?","$","M","?","R","E","M","T","M","M","R","M","M","R","BOSS"],"items_purchased_type":["Card","Card","Card","Card"],"build_version":"2020-12-22","purchased_purges":0,"victory":false,"max_hp_per_floor":[77,77,77,77,77,77,77,77,77,77,77,77,77,77,77,77,77,77,77,77,77,77,77,77,77,77,77,77,77,77,77,77,77,77],"card_choices":[{"not_picked":["Reflex","Acrobatics"],"picked":"Draining Mist","floor":1},{"not_picked":["ReplayTheSpireMod:Exploit Weakness","Underhanded Strike"],"picked":"Dash","floor":3},{"not_picked":["Heel Hook","ReplayTheSpireMod:The Works"],"picked":"Deadly Poison","floor":5},{"not_picked":["Dodge and Roll","Blur"],"picked":"Bane","floor":7},{"not_picked":["Expertise","Bane"],"picked":"Flying Knee","floor":12},{"not_picked":["Backflip","Deflect"],"picked":"Deadly Poison","floor":13},{"not_picked":["Prepared","Acrobatics"],"picked":"Deadly Poison","floor":14},{"not_picked":["Unload","Bullet Time"],"picked":"infinitespire:Neurotoxin","floor":16},{"not_picked":["Quick Slash","Bane"],"picked":"Sucker Punch+1","floor":18},{"not_picked":["Backflip+1","Dodge and Roll"],"picked":"Flechettes","floor":21},{"not_picked":["Well Laid Plans","Backstab"],"picked":"Draining Mist","floor":24},{"not_picked":["Acrobatics+1","Infinite Blades"],"picked":"Deflect+1","floor":25},{"not_picked":["Choke","ReplayTheSpireMod:The Works"],"picked":"Flying Knee","floor":27},{"not_picked":["Sucker Punch","Outmaneuver"],"picked":"Slice+1","floor":28},{"not_picked":["Infinite Blades","hubris:SlightOfHand"],"picked":"Finisher+1","floor":30},{"not_picked":["Sneak Up+1","Infinite Blades"],"picked":"PiercingWail","floor":31}],"player_experience":29976,"relics_obtained":[{"floor":7,"key":"Peace Pipe"},{"floor":9,"key":"infinitespire:EmpoweringShard"},{"floor":11,"key":"hubris:SphereOfDissonance"},{"floor":12,"key":"infinitespire:Bottled Soul"},{"floor":24,"key":"Anchor"},{"floor":26,"key":"Replay:Bandana"}],"event_choices":[{"cards_removed":["Draining Mist"],"damage_healed":5,"gold_gain":0,"player_choice":"Offered Uncommon","damage_taken":0,"max_hp_gain":0,"max_hp_loss":0,"event_name":"Bonfire Elementals","floor":2,"gold_loss":0},{"damage_healed":0,"gold_gain":0,"player_choice":"Inject Mutagens","damage_taken":0,"relics_obtained":["MutagenicStrength"],"max_hp_gain":0,"max_hp_loss":0,"event_name":"Drug Dealer","floor":22,"gold_loss":0}],"is_beta":false,"boss_relics":[{"not_picked":["Replay:Grab Bag","Calling Bell"],"picked":"Philosopher\u0027s Stone"}],"items_purged_floors":[],"is_endless":false,"potions_floor_spawned":[3,7,12,16,18,21,25,30,31],"killed_by":"Pondfish","ascension_level":0}}