{"host":"2n2g1vowfllvjtvi","time":1608911107,"event":{"mods":["AchievementEnabler","BaseMod","Custom Start","GifTheSpireLib","Keyboard Shortcuts","Minty Spire (QoL Compilation)","Quick Restart","Rare Cards Sparkle","StSLib","SuperFastMode"],"gold_per_floor":[109,109,109,124,199,199,230,55,105,25,39,39,60,60,60,155,155,179,193,243,78,78,78],"floor_reached":22,"playtime":294,"items_purged":["Strike_R","Strike_R","Strike_R"],"score":362,"play_id":"365dfb47-9432-402f-8ab5-39682194d6d0","local_time":"20201226004507","is_ascension_mode":true,"campfire_choices":[{"data":"Carnage","floor":12.0,"key":"SMITH"},{"data":"Bash","floor":15.0,"key":"SMITH"}],"circlet_count":0,"master_deck":["AscendersBane","Defend_R","Defend_R","Defend_R","Defend_R","Bash+1","Disarm","Flex","Carnage+1","Clothesline","Battle Trance","Double Tap","Armaments","Dark Embrace"],"relics":["Burning Blood","NeowsBlessing","Golden Idol","The Courier","OrangePellets","Lantern","Snecko Eye"],"acts_visited":["Exordium","TheCity"],"potions_floor_usage":[],"damage_taken":[{"damage":0.0,"enemies":"2 Louse","floor":1.0,"turns":1.0},{"damage":0.0,"enemies":"Jaw Worm","floor":4.0,"turns":1.0},{"damage":0.0,"enemies":"Lagavulin","floor":7.0,"turns":1.0},{"damage":1.0,"enemies":"Small Slimes","floor":11.0,"turns":4.0},{"damage":1.0,"enemies":"3 Louse","floor":13.0,"turns":4.0},{"damage":16.0,"enemies":"Hexaghost","floor":16.0,"turns":8.0},{"damage":9.0,"enemies":"Shell Parasite","floor":18.0,"turns":3.0},{"damage":0.0,"enemies":"Spheric Guardian","floor":19.0,"turns":1.0},{"damage":0,"enemies":"Cultist and Chosen","floor":22,"turns":2}],"seed_played":"-3646681389046475522","potions_obtained":[{"floor":1.0,"key":"DuplicationPotion"},{"floor":11.0,"key":"EssenceOfSteel"},{"floor":16.0,"key":"FairyPotion"}],"is_trial":false,"path_per_floor":["M","?","?","M","?","?","E","$","T","$","M","R","M","?","R","B",null,"M","M","?","$","M"],"character_chosen":"IRONCLAD","items_purchased":["OrangePellets","Dark Embrace"],"campfire_rested":0,"item_purchase_floors":[8,21],"current_hp_per_floor":[74,74,74,75,64,38,44,44,44,44,49,49,54,47,47,37,66,63,69,69,69,69,69],"gold":78,"neow_bonus":"THREE_ENEMY_KILL","is_daily":false,"chose_seed":false,"campfire_upgraded":2,"win_rate":0.0,"timestamp":1608911107,"path_taken":["M","?","?","M","?","?","E","$","T","$","?","R","M","?","R","BOSS","M","M","?","$","M"],"items_purchased_type":["Relic","Card"],"build_version":"2020-12-22","purchased_purges":3,"victory":false,"max_hp_per_floor":[75,75,75,75,75,75,75,75,75,75,75,75,75,75,75,75,75,75,75,75,75,75,75],"card_choices":[{"not_picked":["Rupture","Heavy Blade"],"picked":"Disarm","floor":1.0},{"not_picked":["Ghostly Armor","Metallicize"],"picked":"Flex","floor":4.0},{"not_picked":["Cleave","Sentinel"],"picked":"Carnage","floor":7.0},{"not_picked":["Clash","Wild Strike"],"picked":"Clothesline","floor":11.0},{"not_picked":["Carnage","Dual Wield"],"picked":"Battle Trance","floor":13.0},{"not_picked":["Juggernaut","Demon Form"],"picked":"Double Tap","floor":16.0},{"not_picked":["Sever Soul","Anger+1","Hemokinesis"],"picked":"SKIP","floor":18.0},{"not_picked":["Burning Pact","Clothesline"],"picked":"Armaments","floor":19.0}],"player_experience":447086,"relics_obtained":[{"floor":7.0,"key":"The Courier"},{"floor":9.0,"key":"Lantern"}],"event_choices":[{"damage_healed":0.0,"max_hp_gain":0.0,"max_hp_loss":0.0,"gold_gain":0.0,"event_name":"Liars Game","player_choice":"Ignored","floor":2.0,"gold_loss":0.0,"damage_taken":0.0},{"cards_removed":["Strike_R"],"damage_healed":0.0,"max_hp_gain":0.0,"max_hp_loss":0.0,"gold_gain":0.0,"event_name":"Living Wall","player_choice":"Forget","floor":3.0,"gold_loss":0.0,"damage_taken":0.0},{"damage_healed":0.0,"max_hp_gain":0.0,"max_hp_loss":0.0,"gold_gain":75.0,"event_name":"World of Goop","player_choice":"Gather Gold","floor":5.0,"gold_loss":0.0,"damage_taken":11.0},{"damage_healed":0.0,"max_hp_gain":0.0,"max_hp_loss":0.0,"gold_gain":0.0,"event_name":"Golden Idol","player_choice":"Take Damage","floor":6.0,"gold_loss":0.0,"damage_taken":26.0,"relics_obtained":["Golden Idol"]},{"cards_removed":["Strike_R"],"damage_healed":0.0,"max_hp_gain":0.0,"max_hp_loss":0.0,"gold_gain":0.0,"event_name":"Golden Wing","player_choice":"Card Removal","floor":14.0,"gold_loss":0.0,"damage_taken":7.0},{"damage_healed":0.0,"max_hp_gain":0.0,"max_hp_loss":0.0,"gold_gain":50.0,"event_name":"Nest","player_choice":"Stole From Cult","floor":20.0,"gold_loss":0.0,"damage_taken":0.0}],"is_beta":false,"boss_relics":[{"not_picked":["Mark of Pain","Ectoplasm"],"picked":"Snecko Eye"}],"items_purged_floors":[8,10,21],"is_endless":false,"potions_floor_spawned":[1,11,16],"killed_by":"Cultist and Chosen","ascension_level":15}}