{"host":"98ajcw3do3zsggh8","time":1608908589,"event":{"mods":["BaseMod","Minty Spire (QoL Compilation)","Replay The Spire","StSLib"],"gold_per_floor":[111,111,129,141,91,121,141,141,215,232,249,283,77,77,77,182,182,199,199,5,25,25,53,71,71,71,71,71],"floor_reached":27,"playtime":974,"items_purged":["Strike_G"],"score":320,"play_id":"5122e289-0a5a-46f9-bfa5-6a8ef1ad2b9b","local_time":"20201225160309","is_ascension_mode":true,"campfire_choices":[{"data":"Corpse Explosion","floor":8,"key":"SMITH"},{"floor":15,"key":"REST"},{"data":"Chrysalis","floor":25,"key":"SMITH"}],"circlet_count":0,"master_deck":["Defend_G","Defend_G","Defend_G","Defend_G","Survivor","Neutralize","Blade Dance+1","Corpse Explosion+1","Masterful Stab","Burst","All Out Attack","After Image+1","Accuracy","Cloak And Dagger","Night Terror","Accuracy","Shame","Chrysalis+1","Bite","Bite","Bite","Bite","Bite","Deadly Poison+1"],"relics":["Ring of the Snake","NeowsBlessing","Turnip","Ninja Scroll","Oddly Smooth Stone","Painkiller Herb","Vajra","Nunchaku","Eternal Feather"],"acts_visited":["Exordium","TheCity"],"potions_floor_usage":[6,6,12],"damage_taken":[{"damage":0,"enemies":"Small Slimes","floor":1,"turns":1},{"damage":0,"enemies":"Cultist","floor":3,"turns":1},{"damage":0,"enemies":"2 Louse","floor":4,"turns":1},{"damage":21,"enemies":"Lagavulin","floor":6,"turns":5},{"damage":4,"enemies":"2 Fungi Beasts","floor":7,"turns":3},{"damage":7,"enemies":"Exordium Wildlife","floor":10,"turns":2},{"damage":3,"enemies":"Looter","floor":11,"turns":2},{"damage":13,"enemies":"3 Sentries","floor":12,"turns":3},{"damage":19,"enemies":"Fading Forest","floor":16,"turns":11},{"damage":31,"enemies":"Chosen","floor":18,"turns":7},{"damage":0,"enemies":"Spheric Guardian","floor":21,"turns":3},{"damage":17,"enemies":"Gremlin Leader","floor":23,"turns":6},{"damage":12,"enemies":"Shelled Parasite and Fungi","floor":24,"turns":5},{"damage":42,"enemies":"Cultist and Chosen","floor":27,"turns":5}],"seed_played":"183896400446313007","potions_obtained":[{"floor":3,"key":"Energy Potion"},{"floor":4,"key":"AttackPotion"},{"floor":10,"key":"Flashbang"},{"floor":16,"key":"DuplicationPotion"},{"floor":23,"key":"Explosive Potion"},{"floor":24,"key":"Explosive Potion"}],"is_trial":false,"path_per_floor":["M","?","M","M","?","E","M","R","T","M","M","E","$","?","R","B",null,"?","?","T","?","?","E","?","T","T","?"],"character_chosen":"THE_SILENT","items_purchased":["Accuracy","Cloak And Dagger","Chrysalis"],"campfire_rested":1,"item_purchase_floors":[13,13,20],"current_hp_per_floor":[70,70,70,70,70,49,45,45,45,38,35,22,22,8,29,10,70,39,39,39,39,39,34,34,34,34,0,0],"gold":71,"neow_bonus":"THREE_ENEMY_KILL","is_daily":false,"chose_seed":false,"campfire_upgraded":2,"win_rate":0.0,"timestamp":1608908589,"path_taken":["M","?","?","M","?","E","M","R","T","M","M","E","$","?","R","BOSS","?","?","T","?","?","E","?","T","T","?"],"items_purchased_type":["Card","Card","Card"],"build_version":"2020-12-22","purchased_purges":1,"victory":false,"max_hp_per_floor":[70,70,70,70,70,70,70,70,70,70,70,70,70,70,70,70,70,70,70,70,70,49,49,49,49,49,49,49],"card_choices":[{"not_picked":["Slice","Acrobatics"],"picked":"Blade Dance","floor":1},{"not_picked":["Backflip","Infinite Blades"],"picked":"Masterful Stab","floor":3},{"not_picked":["Prepared","Blade Dance","Deflect"],"picked":"SKIP","floor":4},{"not_picked":["Cloak And Dagger","Backflip","Endless Agony"],"picked":"SKIP","floor":6},{"not_picked":["Underhanded Strike","Flechettes"],"picked":"Burst","floor":7},{"not_picked":["Flying Knee","Sucker Punch","Heel Hook"],"picked":"SKIP","floor":10},{"not_picked":["Flying Knee","Terror"],"picked":"All Out Attack","floor":11},{"not_picked":["Slice","Predator"],"picked":"After Image","floor":12},{"not_picked":["Wraith Form v2","Doppelganger"],"picked":"Night Terror","floor":16},{"not_picked":["All Out Attack","Blade Dance+1"],"picked":"Accuracy","floor":18},{"not_picked":["Masterful Stab","Prepared+1","Dagger Spray"],"picked":"SKIP","floor":21},{"not_picked":["Dagger Spray","Wraith Form v2"],"picked":"Deadly Poison+1","floor":23},{"not_picked":["Dagger Spray","Skewer","PiercingWail"],"picked":"SKIP","floor":24}],"player_experience":169388,"relics_obtained":[{"floor":6,"key":"Turnip"},{"floor":9,"key":"Ninja Scroll"},{"floor":12,"key":"Oddly Smooth Stone"},{"floor":23,"key":"Nunchaku"},{"floor":26,"key":"Eternal Feather"}],"event_choices":[{"damage_healed":0,"gold_gain":0,"cards_transformed":["Strike_G"],"player_choice":"Transformed","damage_taken":0,"max_hp_gain":0,"max_hp_loss":0,"event_name":"Transmorgrifier","floor":2,"gold_loss":0,"cards_obtained":["Corpse Explosion"]},{"cards_removed":["Defend_G"],"damage_healed":0,"gold_gain":0,"player_choice":"Card Removal","damage_taken":0,"max_hp_gain":0,"max_hp_loss":0,"event_name":"The Cleric","floor":5,"gold_loss":50},{"damage_healed":0,"gold_gain":0,"player_choice":"Entered Light","damage_taken":14,"max_hp_gain":0,"max_hp_loss":0,"event_name":"Shining Light","floor":14,"gold_loss":0,"cards_upgraded":["Blade Dance","After Image"]},{"damage_healed":0,"gold_gain":0,"player_choice":"Stole Relic","damage_taken":0,"relics_obtained":["Vajra"],"max_hp_gain":0,"max_hp_loss":0,"event_name":"Addict","floor":19,"gold_loss":0,"cards_obtained":["Shame"]},{"damage_healed":0,"gold_gain":0,"player_choice":"Became a vampire","damage_taken":0,"max_hp_gain":0,"max_hp_loss":21,"event_name":"Vampires","floor":22,"gold_loss":0,"cards_obtained":["Bite","Bite","Bite","Bite","Bite"]}],"is_beta":false,"boss_relics":[{"not_picked":["Runic Pyramid","ReplayTheSpireMod:DimensionalGlitch"],"picked":"Painkiller Herb"}],"items_purged_floors":[13],"is_endless":false,"potions_floor_spawned":[3,4,10,16,23,24],"killed_by":"Cultist and Chosen","ascension_level":2}}