{"host":"x039aayur7qovk2d","time":1608881707,"event":{"mods":["AchievementEnabler","BaseMod","Block Reminder","Colored Map","Colored Powertips","DeckTracker","Googly Eyes","Highlight Path","Minty Spire (QoL Compilation)","Permanent Neow","Quick Restart","Rare Cards Sparkle","Relic Sorter","Relic Stats"],"gold_per_floor":[116,131,147,322,272,307,324,355,355,355,369,389,389,418,418,513,513,532,542,552,565,49,49,75,75,75,110,110,24,58,75,75,176,176,190,240,252,252,272,272,306,306,306,306,326,548,565,19,19,19,19],"floor_reached":50,"playtime":4874,"items_purged":["Defend_G"],"score":607,"play_id":"684d4afa-5bd2-48fd-a1d0-557b88ee7369","local_time":"20201224233507","is_ascension_mode":false,"campfire_choices":[{"floor":10,"key":"REST"},{"floor":15,"key":"REST"},{"floor":23,"key":"REST"},{"floor":25,"key":"REST"},{"floor":28,"key":"REST"},{"floor":32,"key":"RECALL"},{"data":"Infinite Blades","floor":40,"key":"SMITH"},{"data":"Blade Dance","floor":42,"key":"SMITH"},{"data":"After Image","floor":49,"key":"SMITH"}],"circlet_count":0,"master_deck":["Strike_G","Strike_G","Strike_G","Strike_G","Strike_G","Defend_G","Defend_G","Defend_G","Defend_G","Survivor","Neutralize","Heel Hook","Backflip","Dagger Spray","Poisoned Stab","Underhanded Strike","Envenom","Blade Dance+1","Backstab+1","Infinite Blades+1","A Thousand Cuts","CurseOfTheBell","Flying Knee","Acrobatics","Expertise+1","Endless Agony","Accuracy","Sucker Punch","Bouncing Flask","Riddle With Holes","Cloak And Dagger+1","Backstab","After Image+1","Outmaneuver+1","Bouncing Flask+1","Deflect+1","Parasite","Acrobatics+1","Secret Technique+1","Predator+1","Dodge and Roll+1"],"relics":["Ring of the Snake","Matryoshka","Bottled Flame","Strawberry","Pen Nib","Calling Bell","Boot","Paper Crane","WingedGreaves","TwistedFunnel","HornCleat","Red Mask","Ancient Tea Set","Pantograph","Pear","Vajra","Coffee Dripper","The Specimen","Bottled Lightning","Toxic Egg 2","Frozen Eye","Blue Candle"],"acts_visited":["Exordium","TheCity","TheBeyond"],"potions_floor_usage":[6,14,14,14,20,22,24,24,24,33,33,33,36,37,37,39,41,50],"damage_taken":[{"damage":0,"enemies":"Small Slimes","floor":1,"turns":3},{"damage":0,"enemies":"2 Louse","floor":2,"turns":2},{"damage":1,"enemies":"Cultist","floor":3,"turns":4},{"damage":17,"enemies":"3 Sentries","floor":6,"turns":11},{"damage":0,"enemies":"Looter","floor":7,"turns":3},{"damage":29,"enemies":"Gremlin Nob","floor":8,"turns":5},{"damage":3,"enemies":"3 Louse","floor":11,"turns":3},{"damage":5,"enemies":"Large Slime","floor":12,"turns":7},{"damage":17,"enemies":"Lagavulin","floor":14,"turns":6},{"damage":50,"enemies":"The Guardian","floor":16,"turns":11},{"damage":0,"enemies":"3 Byrds","floor":18,"turns":4},{"damage":6,"enemies":"2 Thieves","floor":19,"turns":3},{"damage":26,"enemies":"Shelled Parasite and Fungi","floor":20,"turns":9},{"damage":42,"enemies":"Centurion and Healer","floor":21,"turns":9},{"damage":0,"enemies":"Masked Bandits","floor":24,"turns":2},{"damage":32,"enemies":"Gremlin Leader","floor":27,"turns":6},{"damage":11,"enemies":"Slavers","floor":30,"turns":4},{"damage":7,"enemies":"Snake Plant","floor":31,"turns":3},{"damage":56,"enemies":"Champ","floor":33,"turns":7},{"damage":12,"enemies":"3 Shapes","floor":35,"turns":5},{"damage":30,"enemies":"Mind Bloom Boss Battle","floor":36,"turns":7},{"damage":0,"enemies":"3 Darklings","floor":37,"turns":3},{"damage":25,"enemies":"Writhing Mass","floor":39,"turns":5},{"damage":14,"enemies":"Giant Head","floor":41,"turns":7},{"damage":7,"enemies":"4 Shapes","floor":45,"turns":3},{"damage":14,"enemies":"Maw","floor":47,"turns":6},{"damage":34,"enemies":"Awakened One","floor":50,"turns":6}],"seed_played":"-4936064189805406432","potions_obtained":[{"floor":3,"key":"SpeedPotion"},{"floor":7,"key":"Dexterity Potion"},{"floor":8,"key":"FearPotion"},{"floor":12,"key":"LiquidBronze"},{"floor":16,"key":"Weak Potion"},{"floor":21,"key":"EntropicBrew"},{"floor":27,"key":"ColorlessPotion"},{"floor":30,"key":"FearPotion"},{"floor":31,"key":"LiquidMemories"},{"floor":36,"key":"EntropicBrew"},{"floor":39,"key":"Weak Potion"}],"is_trial":false,"path_per_floor":["M","M","M","?","?","E","M","E","T","R","M","M","?","E","R","B",null,"M","M","M","M","$","R","?","R","T","E","R","$","E","M","R","B",null,"M","?","M","?","M","R","E","R","T","?","M","?","M","$","R","B"],"character_chosen":"THE_SILENT","items_purchased":["TwistedFunnel","Regen Potion","HornCleat","Accuracy","Outmaneuver","Riddle With Holes","Frozen Eye","Blue Candle","EssenceOfSteel"],"campfire_rested":5,"item_purchase_floors":[22,22,22,22,29,29,48,48,48],"current_hp_per_floor":[77,77,76,76,76,59,59,30,37,62,59,54,54,37,62,12,84,84,78,52,10,10,35,40,65,65,43,71,71,60,53,53,22,94,82,64,64,64,39,39,25,25,25,25,18,18,4,4,4,0,0],"gold":19,"neow_bonus":"TEN_PERCENT_HP_BONUS","is_daily":false,"chose_seed":false,"campfire_upgraded":3,"win_rate":0.0,"timestamp":1608881707,"path_taken":["M","M","M","?","?","E","M","E","T","R","M","M","?","E","R","BOSS","M","M","M","M","$","R","?","R","T","E","R","$","E","M","R","BOSS","M","?","M","?","?","R","E","R","T","?","M","?","M","$","R","BOSS"],"items_purchased_type":["Relic","Potion","Relic","Card","Card","Card","Relic","Relic","Potion"],"build_version":"2020-12-22","purchased_purges":1,"victory":false,"max_hp_per_floor":[77,77,77,77,77,77,77,77,84,84,84,84,84,84,84,84,84,84,84,84,84,84,84,84,84,84,94,94,94,94,94,94,94,94,94,94,94,94,94,94,94,94,94,94,94,94,94,94,94,94,94],"relic_stats":{"counters":[27,144],"Pantograph":62,"Blue Candle":[0],"Pen Nib":[29],"Boot":[157],"obtain_stats":[{"TwistedFunnel":22,"Pear":27,"The Specimen":36,"Blue Candle":48,"Vajra":30,"Pen Nib":14,"Paper Crane":17,"Boot":17,"Ancient Tea Set":26,"Calling Bell":17,"Frozen Eye":48,"Bottled Flame":8,"Matryoshka":6,"HornCleat":22,"Strawberry":9,"Pantograph":26,"WingedGreaves":17,"Red Mask":24,"Coffee Dripper":34,"Bottled Lightning":41,"Toxic Egg 2":43,"Ring of the Snake":0},{"TwistedFunnel":14,"Pear":16,"The Specimen":21,"Blue Candle":26,"Vajra":17,"Pen Nib":9,"Paper Crane":10,"Boot":10,"Ancient Tea Set":15,"Calling Bell":10,"Frozen Eye":26,"Bottled Flame":6,"Matryoshka":4,"HornCleat":14,"Strawberry":6,"Pantograph":15,"WingedGreaves":10,"Red Mask":15,"Coffee Dripper":19,"Bottled Lightning":24,"Toxic Egg 2":24,"Ring of the Snake":0},{"TwistedFunnel":80,"Pear":88,"The Specimen":114,"Blue Candle":138,"Vajra":92,"Pen Nib":44,"Paper Crane":55,"Boot":55,"Ancient Tea Set":82,"Calling Bell":55,"Frozen Eye":138,"Bottled Flame":28,"Matryoshka":20,"HornCleat":80,"Strawberry":28,"Pantograph":82,"WingedGreaves":55,"Red Mask":82,"Coffee Dripper":102,"Bottled Lightning":129,"Toxic Egg 2":129,"Ring of the Snake":0}],"Ring of the Snake":[54]},"card_choices":[{"not_picked":["Backflip","Slice"],"picked":"Heel Hook","floor":1},{"not_picked":["Expertise","Tactician"],"picked":"Backflip","floor":2},{"not_picked":["Backflip","All Out Attack"],"picked":"Dagger Spray","floor":3},{"not_picked":["Deadly Poison","Distraction"],"picked":"Poisoned Stab","floor":6},{"not_picked":["Reflex","Prepared"],"picked":"Underhanded Strike","floor":7},{"not_picked":["Cloak And Dagger","Slice"],"picked":"Envenom","floor":8},{"not_picked":["Underhanded Strike","PiercingWail"],"picked":"Blade Dance","floor":11},{"not_picked":["Flechettes","Deadly Poison"],"picked":"Backstab","floor":12},{"not_picked":["Deflect","Well Laid Plans"],"picked":"Infinite Blades","floor":14},{"not_picked":["Envenom","Night Terror"],"picked":"A Thousand Cuts","floor":16},{"not_picked":["Poisoned Stab","PiercingWail"],"picked":"Flying Knee","floor":18},{"not_picked":["Dagger Throw","Prepared"],"picked":"Acrobatics","floor":19},{"not_picked":["Masterful Stab","A Thousand Cuts"],"picked":"Expertise+1","floor":20},{"not_picked":["Skewer","Underhanded Strike"],"picked":"Endless Agony","floor":21},{"not_picked":["Poisoned Stab","Bane"],"picked":"Sucker Punch","floor":24},{"not_picked":["Flying Knee+1","Deflect+1"],"picked":"Bouncing Flask","floor":27},{"not_picked":["Flechettes","Bane+1"],"picked":"Cloak And Dagger+1","floor":30},{"not_picked":["Bane","Acrobatics"],"picked":"Backstab","floor":31},{"not_picked":["Malaise","Grand Finale"],"picked":"After Image","floor":33},{"not_picked":["Footwork+1","Heel Hook"],"picked":"Outmaneuver+1","floor":35},{"not_picked":["Outmaneuver+1","Poisoned Stab"],"picked":"Bouncing Flask+1","floor":36},{"not_picked":["Calculated Gamble","Sucker Punch"],"picked":"Deflect+1","floor":37},{"not_picked":["Heel Hook","Well Laid Plans+1"],"picked":"Acrobatics+1","floor":39},{"not_picked":["Setup","Expertise+1","Footwork+1"],"picked":"SKIP","floor":41},{"not_picked":["Setup","Expertise+1","Footwork+1"],"picked":"SKIP","floor":41},{"not_picked":["Violence+1","Purity+1"],"picked":"Secret Technique+1","floor":44},{"not_picked":["Infinite Blades","Outmaneuver+1"],"picked":"Predator+1","floor":45},{"not_picked":["Underhanded Strike","Blade Dance+1"],"picked":"Dodge and Roll+1","floor":47}],"player_experience":76116,"relics_obtained":[{"floor":6,"key":"Matryoshka"},{"floor":8,"key":"Bottled Flame"},{"floor":9,"key":"Strawberry"},{"floor":14,"key":"Pen Nib"},{"floor":17,"key":"Boot"},{"floor":17,"key":"Paper Crane"},{"floor":17,"key":"WingedGreaves"},{"floor":24,"key":"Red Mask"},{"floor":26,"key":"Ancient Tea Set"},{"floor":26,"key":"Pantograph"},{"floor":27,"key":"Pear"},{"floor":30,"key":"Vajra"},{"floor":36,"key":"The Specimen"},{"floor":41,"key":"Bottled Lightning"},{"floor":43,"key":"Toxic Egg 2"}],"event_choices":[{"damage_healed":0,"gold_gain":175,"player_choice":"AGREE","damage_taken":0,"max_hp_gain":0,"max_hp_loss":0,"event_name":"Liars Game","floor":4,"gold_loss":0,"cards_obtained":["Doubt"]},{"cards_removed":["Doubt"],"damage_healed":0,"gold_gain":0,"player_choice":"Card Removal","damage_taken":0,"max_hp_gain":0,"max_hp_loss":0,"event_name":"The Cleric","floor":5,"gold_loss":50},{"damage_healed":0,"gold_gain":0,"player_choice":"Grow","damage_taken":0,"max_hp_gain":0,"max_hp_loss":0,"event_name":"Living Wall","floor":13,"gold_loss":0,"cards_upgraded":["Backstab"]},{"damage_healed":0,"gold_gain":0,"player_choice":"Fought Bandits","damage_taken":0,"max_hp_gain":0,"max_hp_loss":0,"event_name":"Masked Bandits","floor":24,"gold_loss":0},{"damage_healed":0,"gold_gain":0,"player_choice":"Fight","damage_taken":0,"max_hp_gain":0,"max_hp_loss":0,"event_name":"MindBloom","floor":36,"gold_loss":0},{"cards_removed":["Outmaneuver"],"damage_healed":0,"gold_gain":0,"player_choice":"Purged","damage_taken":0,"max_hp_gain":0,"max_hp_loss":0,"event_name":"Purifier","floor":38,"gold_loss":0},{"damage_healed":0,"gold_gain":0,"player_choice":"Memory 1","damage_taken":0,"max_hp_gain":0,"max_hp_loss":0,"event_name":"SensoryStone","floor":44,"gold_loss":0},{"damage_healed":0,"gold_gain":222,"player_choice":"Wore Mask","damage_taken":0,"max_hp_gain":0,"max_hp_loss":0,"event_name":"Tomb of Lord Red Mask","floor":46,"gold_loss":0}],"is_beta":false,"boss_relics":[{"not_picked":["Pandora\u0027s Box","Philosopher\u0027s Stone"],"picked":"Calling Bell"},{"not_picked":["Velvet Choker","Empty Cage"],"picked":"Coffee Dripper"}],"items_purged_floors":[48],"is_endless":false,"potions_floor_spawned":[3,7,8,12,16,21,27,30,31,36,39],"killed_by":"Awakened One","ascension_level":0}}