{"host":"5fasz840ryq7obdf","time":1608920510,"event":{"mods":["AchievementEnabler","BaseMod","Bestiary","Better Altar","Better Skull","Better Third Choice","BetterRewards","Block Reminder","Colored Powertips","Curses Come First","Minty Spire (QoL Compilation)","Quick Restart","Relic Stats","Shop Mod","Spicy Shops","StSLib"],"gold_per_floor":[113,128,48,68,78,78,78,112,112,122,150,169,189,219,219,296,296,306,40,50,50,50,75,91,125,125,125,125,125,145,160,160,231,231,249,249,261,273,116,143,160,187,234,250,275,288,301,301,301,301,301,301],"floor_reached":51,"playtime":2993,"items_purged":["Strike_G"],"score":1881,"play_id":"709f7dd2-86c8-4705-919b-a6dae1546326","local_time":"20201225182150","is_ascension_mode":true,"campfire_choices":[{"data":"Apotheosis","floor":6.0,"key":"SMITH"},{"floor":15.0,"key":"REST"},{"data":"Infinite Blades","floor":27.0,"key":"SMITH"},{"data":"Accuracy","floor":29.0,"key":"SMITH"},{"data":"Tools of the Trade","floor":32.0,"key":"SMITH"},{"floor":49.0,"key":"RECALL"}],"circlet_count":0,"master_deck":["AscendersBane","Strike_G","Strike_G","Strike_G","Defend_G","Defend_G","Defend_G","Defend_G","Defend_G","Survivor","Neutralize+1","Backflip","Doppelganger","Accuracy+1","Blade Dance","Apotheosis+1","Blade Dance","Infinite Blades+1","Deflect","Cloak And Dagger","Backflip","Tools of the Trade+1","Finisher","Tactician","Blade Dance","Crippling Poison","Backflip","Venomology","Unload","Storm of Steel","Footwork","Accuracy+1","Trip","Shame","Noxious Fumes","Prepared","Die Die Die","Acrobatics","PiercingWail","Corpse Explosion","Cloak And Dagger","Blade Dance","Reflex","Neutralize","Prepared","Outmaneuver+1","Acrobatics","Escape Plan","Escape Plan","Backflip+1","Burst","Blur+1"],"relics":["Ring of the Snake","Gremlin Horn","Orrery","Happy Flower","Lantern","Bag of Preparation","Blue Candle","StoneCalendar","Bag of Marbles","WristBlade","OrangePellets","Mercury Hourglass","Bottled Flame","Pen Nib","Kunai","MutagenicStrength","HoveringKite","Ancient Tea Set","Strawberry","Tingsha","Mango"],"acts_visited":["Exordium","TheCity","TheBeyond"],"potions_floor_usage":[50,51],"damage_taken":[{"damage":0.0,"enemies":"2 Louse","floor":1.0,"turns":3.0},{"damage":0.0,"enemies":"Jaw Worm","floor":2.0,"turns":4.0},{"damage":0.0,"enemies":"Cultist","floor":4.0,"turns":3.0},{"damage":0.0,"enemies":"Lots of Slimes","floor":5.0,"turns":2.0},{"damage":1.0,"enemies":"3 Sentries","floor":8.0,"turns":3.0},{"damage":2.0,"enemies":"Blue Slaver","floor":10.0,"turns":2.0},{"damage":0.0,"enemies":"Lagavulin","floor":11.0,"turns":3.0},{"damage":0.0,"enemies":"Large Slime","floor":12.0,"turns":2.0},{"damage":0.0,"enemies":"Red Slaver","floor":13.0,"turns":3.0},{"damage":1.0,"enemies":"Gremlin Nob","floor":14.0,"turns":3.0},{"damage":4.0,"enemies":"The Guardian","floor":16.0,"turns":7.0},{"damage":0.0,"enemies":"Spheric Guardian","floor":18.0,"turns":1.0},{"damage":4.0,"enemies":"3 Byrds","floor":20.0,"turns":5.0},{"damage":5.0,"enemies":"Book of Stabbing","floor":23.0,"turns":3.0},{"damage":1.0,"enemies":"3 Cultists","floor":24.0,"turns":3.0},{"damage":0.0,"enemies":"Slavers","floor":25.0,"turns":1.0},{"damage":1.0,"enemies":"Snecko","floor":30.0,"turns":2.0},{"damage":3.0,"enemies":"Snake Plant","floor":31.0,"turns":2.0},{"damage":13.0,"enemies":"Champ","floor":33.0,"turns":6.0},{"damage":3.0,"enemies":"Orb Walker","floor":35.0,"turns":2.0},{"damage":3.0,"enemies":"3 Shapes","floor":37.0,"turns":3.0},{"damage":2.0,"enemies":"Transient","floor":38.0,"turns":6.0},{"damage":1.0,"enemies":"Giant Head","floor":40.0,"turns":4.0},{"damage":0.0,"enemies":"Jaw Worm Horde","floor":41.0,"turns":1.0},{"damage":0.0,"enemies":"Nemesis","floor":42.0,"turns":1.0},{"damage":0.0,"enemies":"3 Darklings","floor":44.0,"turns":1.0},{"damage":0.0,"enemies":"Giant Head","floor":45.0,"turns":4.0},{"damage":7.0,"enemies":"4 Shapes","floor":46.0,"turns":1.0},{"damage":15.0,"enemies":"Sphere and 2 Shapes","floor":47.0,"turns":2.0},{"damage":35,"enemies":"Donu and Deca","floor":50,"turns":6},{"damage":19,"enemies":"Awakened One","floor":51,"turns":2}],"seed_played":"-4068178694574578390","potions_obtained":[{"floor":1.0,"key":"EssenceOfSteel"},{"floor":8.0,"key":"SteroidPotion"},{"floor":10.0,"key":"ColorlessPotion"},{"floor":14.0,"key":"LiquidMemories"},{"floor":16.0,"key":"EntropicBrew"},{"floor":23.0,"key":"Poison Potion"},{"floor":25.0,"key":"Fire Potion"},{"floor":35.0,"key":"SteroidPotion"},{"floor":41.0,"key":"Strength Potion"},{"floor":45.0,"key":"Fire Potion"}],"is_trial":false,"path_per_floor":["M","M","$","M","M","R","?","E","T","M","E","M","M","E","R","B",null,"M","$","M","?","?","E","M","E","T","R","?","R","M","M","R","B",null,"M","?","M","M","$","E","M","E","T","M","E","M","M","?","R","B","B"],"character_chosen":"THE_SILENT","items_purchased":["Gremlin Horn","Orrery","Happy Flower","Lantern","Apotheosis","Blade Dance","Infinite Blades","Deflect","Tools of the Trade","Accuracy","Trip","OrangePellets","Ancient Tea Set"],"campfire_rested":1,"item_purchase_floors":[0,0,0,0,0,0,0,0,3,19,19,19,39],"current_hp_per_floor":[28,28,28,28,28,28,8,7,7,5,5,5,5,4,23,19,54,54,54,62,62,62,57,56,56,56,56,56,56,55,52,52,39,59,56,56,53,51,51,57,57,57,57,57,71,64,49,49,49,14,0,0],"gold":301,"neow_bonus":"","is_daily":false,"chose_seed":false,"campfire_upgraded":4,"win_rate":0.0,"timestamp":1608920510,"path_taken":["M","M","$","M","M","R","?","E","T","M","E","M","M","E","R","BOSS","M","$","M","?","?","E","M","E","T","R","?","R","?","M","R","BOSS","M","?","M","M","$","E","M","E","T","?","E","M","M","?","R","BOSS","BOSS"],"items_purchased_type":["Relic","Relic","Relic","Relic","Card","Card","Card","Card","Card","Card","Card","Relic","Relic"],"build_version":"2020-12-22","purchased_purges":1,"victory":false,"max_hp_per_floor":[66,66,66,66,66,66,66,66,66,66,66,66,66,66,66,66,66,66,66,66,66,66,66,66,66,66,66,66,66,66,66,66,66,66,66,66,66,66,66,73,73,73,73,73,87,87,87,87,87,87,87,87],"relic_stats":{"Gremlin Horn":[26,26],"Happy Flower":[30],"counters":[31,91],"Blue Candle":[8],"HoveringKite":[19],"StoneCalendar":[0],"Tingsha":[64],"Pen Nib":[15],"Bag of Preparation":[52],"Mercury Hourglass":[193],"OrangePellets":[24],"Kunai":[37],"obtain_stats":[{"Lantern":0,"Gremlin Horn":0,"Happy Flower":0,"Blue Candle":9,"HoveringKite":34,"StoneCalendar":11,"Tingsha":42,"Mango":45,"Pen Nib":25,"Bag of Preparation":8,"Ancient Tea Set":39,"Mercury Hourglass":21,"OrangePellets":19,"Bottled Flame":23,"WristBlade":17,"MutagenicStrength":28,"Strawberry":40,"Orrery":0,"Bag of Marbles":14,"Kunai":26,"Ring of the Snake":0},{"Lantern":0,"Gremlin Horn":0,"Happy Flower":0,"Blue Candle":5,"HoveringKite":19,"StoneCalendar":7,"Tingsha":25,"Mango":27,"Pen Nib":16,"Bag of Preparation":5,"Ancient Tea Set":22,"Mercury Hourglass":13,"OrangePellets":12,"Bottled Flame":14,"WristBlade":11,"MutagenicStrength":16,"Strawberry":23,"Orrery":0,"Bag of Marbles":10,"Kunai":16,"Ring of the Snake":0},{"Lantern":0,"Gremlin Horn":0,"Happy Flower":0,"Blue Candle":15,"HoveringKite":58,"StoneCalendar":20,"Tingsha":75,"Mango":80,"Pen Nib":48,"Bag of Preparation":15,"Ancient Tea Set":69,"Mercury Hourglass":41,"OrangePellets":36,"Bottled Flame":44,"WristBlade":35,"MutagenicStrength":48,"Strawberry":73,"Orrery":0,"Bag of Marbles":28,"Kunai":48,"Ring of the Snake":0}],"Ring of the Snake":[62]},"card_choices":[{"not_picked":["Sucker Punch","Deadly Poison"],"picked":"Backflip","floor":0.0},{"not_picked":["Bouncing Flask","Escape Plan"],"picked":"Doppelganger","floor":0.0},{"not_picked":["Finisher","Deflect"],"picked":"Accuracy","floor":0.0},{"not_picked":["Backflip","Deadly Poison"],"picked":"Blade Dance","floor":0.0},{"not_picked":["Flying Knee","Dagger Throw"],"picked":"Cloak And Dagger","floor":1.0},{"not_picked":["Quick Slash","Dash"],"picked":"Backflip","floor":2.0},{"not_picked":["Malaise","Bouncing Flask"],"picked":"Finisher","floor":4.0},{"not_picked":["Dash","Dagger Spray","Quick Slash"],"picked":"SKIP","floor":5.0},{"not_picked":["Poisoned Stab","Endless Agony"],"picked":"Tactician","floor":8.0},{"not_picked":["Deadly Poison","Predator"],"picked":"Blade Dance","floor":10.0},{"not_picked":["Cloak And Dagger","Prepared"],"picked":"Crippling Poison","floor":11.0},{"not_picked":["Outmaneuver","Predator"],"picked":"Backflip","floor":12.0},{"not_picked":["Quick Slash","Distraction"],"picked":"Venomology","floor":13.0},{"not_picked":["Setup","Poisoned Stab"],"picked":"Unload","floor":14.0},{"not_picked":["Glass Knife","Malaise"],"picked":"Storm of Steel","floor":16.0},{"not_picked":["Flechettes","Backflip"],"picked":"Footwork","floor":18.0},{"not_picked":["Dagger Spray","Dagger Throw","Dodge and Roll"],"picked":"SKIP","floor":20.0},{"not_picked":["Caltrops","Acrobatics+1"],"picked":"Noxious Fumes","floor":23.0},{"not_picked":["Expertise","Backflip"],"picked":"Prepared","floor":24.0},{"not_picked":["Dash","Prepared+1"],"picked":"Die Die Die","floor":25.0},{"not_picked":["Poisoned Stab","Backflip"],"picked":"Acrobatics","floor":30.0},{"not_picked":["Skewer","Bane"],"picked":"PiercingWail","floor":31.0},{"not_picked":["Tools of the Trade","Grand Finale"],"picked":"Corpse Explosion","floor":33.0},{"not_picked":["Distraction","Prepared+1"],"picked":"Cloak And Dagger","floor":35.0},{"not_picked":["Slice","Backstab"],"picked":"Prepared","floor":37.0},{"not_picked":["Eviscerate","Flying Knee"],"picked":"Outmaneuver+1","floor":38.0},{"not_picked":["Outmaneuver","Endless Agony"],"picked":"Acrobatics","floor":40.0},{"not_picked":["Grand Finale","Dagger Spray"],"picked":"Escape Plan","floor":41.0},{"not_picked":["Setup","Underhanded Strike"],"picked":"Escape Plan","floor":42.0},{"not_picked":["Underhanded Strike","Deadly Poison"],"picked":"Backflip+1","floor":44.0},{"not_picked":["Concentrate","Dash"],"picked":"Burst","floor":45.0},{"not_picked":["Deflect","Outmaneuver"],"picked":"Blur+1","floor":46.0},{"not_picked":["Deflect","Deadly Poison","Predator+1"],"picked":"SKIP","floor":47.0}],"player_experience":1095639,"relics_obtained":[{"floor":8.0,"key":"Bag of Preparation"},{"floor":9.0,"key":"Blue Candle"},{"floor":11.0,"key":"StoneCalendar"},{"floor":14.0,"key":"Bag of Marbles"},{"floor":23.0,"key":"Bottled Flame"},{"floor":25.0,"key":"Pen Nib"},{"floor":26.0,"key":"Kunai"},{"floor":40.0,"key":"Strawberry"},{"floor":42.0,"key":"Tingsha"},{"floor":45.0,"key":"Mango"}],"event_choices":[{"damage_healed":28.0,"max_hp_gain":0.0,"max_hp_loss":66.0,"gold_gain":0.0,"event_name":"betterThird:BetterShining","player_choice":"Upgrade","floor":7.0,"gold_loss":0.0,"damage_taken":20.0,"cards_upgraded":["Neutralize","Accuracy"]},{"damage_healed":0.0,"max_hp_gain":0.0,"max_hp_loss":0.0,"gold_gain":0.0,"event_name":"Addict","player_choice":"Stole Relic","floor":21.0,"gold_loss":0.0,"damage_taken":0.0,"relics_obtained":["Mercury Hourglass"],"cards_obtained":["Shame"]},{"damage_healed":0.0,"max_hp_gain":0.0,"max_hp_loss":0.0,"gold_gain":0.0,"event_name":"Cursed Tome","player_choice":"Ignored","floor":22.0,"gold_loss":0.0,"damage_taken":0.0},{"damage_healed":0.0,"max_hp_gain":0.0,"max_hp_loss":0.0,"gold_gain":0.0,"event_name":"Drug Dealer","player_choice":"Inject Mutagens","floor":28.0,"gold_loss":0.0,"damage_taken":0.0,"relics_obtained":["MutagenicStrength"]},{"damage_healed":0.0,"max_hp_gain":0.0,"max_hp_loss":0.0,"gold_gain":0.0,"event_name":"Match and Keep!","player_choice":"3 cards matched","floor":36.0,"gold_loss":0.0,"damage_taken":0.0,"cards_obtained":["Blade Dance","Reflex","Neutralize"]},{"cards_removed":["Strike_G"],"damage_healed":0.0,"max_hp_gain":0.0,"max_hp_loss":0.0,"gold_gain":0.0,"event_name":"Purifier","player_choice":"Purged","floor":48.0,"gold_loss":0.0,"damage_taken":0.0}],"is_beta":false,"boss_relics":[{"not_picked":["Ring of the Serpent","SacredBark"],"picked":"WristBlade"},{"not_picked":["Philosopher\u0027s Stone","Calling Bell"],"picked":"HoveringKite"}],"items_purged_floors":[39],"is_endless":false,"potions_floor_spawned":[1,8,10,14,16,23,25,30,33,35,41,44,45,47],"killed_by":"Awakened One","ascension_level":20}}