{"host":"6ncdf681trjj7gs6","time":1608933465,"event":{"mods":["BaseMod","Colored Map","Downfall","Highlight Path","Minty Spire (QoL Compilation)","StSLib"],"gold_per_floor":[99,119,132,132,132,57,80,92,112,128,128,3,3,3,17,120,120,120,135,235,235,0,30,30,30,46,46,78,97,97,31,45,143,143,143,159,159,171,221,247,300,225,225,225,241,254,286,299,314,314],"floor_reached":51,"playtime":4768,"items_purged":["champ:Execute","champ:Defend"],"score":862,"play_id":"9aec4c14-f679-4b8d-a175-51a9d6dca5d3","local_time":"20201225165745","is_ascension_mode":false,"campfire_choices":[{"floor":1.0,"key":"RECALL"},{"data":"champ:Taunt","floor":6.0,"key":"SMITH"},{"data":"champ:Lariat","floor":11.0,"key":"SMITH"},{"data":"champ:Backstep","floor":13.0,"key":"SMITH"},{"data":"champ:IgnorePain","floor":18.0,"key":"SMITH"},{"data":"champ:Backstep","floor":25.0,"key":"SMITH"},{"data":"champ:RisingSlash","floor":30.0,"key":"SMITH"},{"data":"champ:Backstep","floor":35.0,"key":"SMITH"},{"data":"champ:PerfectedStrike","floor":42.0,"key":"SMITH"},{"data":"champ:PerfectedStrike","floor":44.0,"key":"SMITH"}],"circlet_count":0,"master_deck":["champ:Strike","champ:Strike+1","champ:Strike","champ:Defend","champ:Taunt+1","champ:BerserkersShout","champ:RisingSlash+1","champ:RisingSlash","champ:Lariat+1","champ:RisingSlash","champ:PerfectedStrike+1","champ:Backstep+1","champ:Encircle+1","champ:GutPunch","champ:IgnorePain+1","champ:Backstep+1","champ:PerfectedStrike+1","champ:AdrenalArmor","champ:AdrenalArmor","champ:BerserkersShout+1","champ:PerfectedStrike+1","champ:Backstep+1","champ:TornadoPunch","champ:StanceDance+1","champ:TornadoPunch","champ:CalledShot+1","champ:Lariat","champ:ArenaPreparation","champ:IronFortress+1"],"relics":["champ:ChampionCrown","Juzu Bracelet","downfall:HeartBlessingRed","Nunchaku","SlaversCollar","Chemical X","Empty Cage","Frozen Egg 2","Akabeko","Strawberry","Membership Card","Bottled Lightning","Bag of Preparation","expansioncontent:StudyCardRelic","FossilizedHelix","Guardian:GemstoneGun","downfall:HeartBlessingBlue","Mercury Hourglass"],"acts_visited":["Exordium","TheCity","TheBeyond"],"potions_floor_usage":[],"damage_taken":[{"damage":9.0,"enemies":"2 Louse","floor":2.0,"turns":3.0},{"damage":12.0,"enemies":"Jaw Worm","floor":3.0,"turns":5.0},{"damage":31.0,"enemies":"Small Slimes","floor":8.0,"turns":3.0},{"damage":7.0,"enemies":"Gremlin Gang","floor":9.0,"turns":5.0},{"damage":34.0,"enemies":"Large Slime","floor":10.0,"turns":6.0},{"damage":26.0,"enemies":"downfall:FleeingMerchant","floor":12.0,"turns":4.0},{"damage":16.0,"enemies":"3 Louse","floor":15.0,"turns":4.0},{"damage":44.0,"enemies":"downfall:Defect","floor":16.0,"turns":6.0},{"damage":10.0,"enemies":"Spheric Guardian","floor":19.0,"turns":2.0},{"damage":0.0,"enemies":"Chosen","floor":21.0,"turns":1.0},{"damage":31.0,"enemies":"downfall:FleeingMerchant","floor":22.0,"turns":4.0},{"damage":24.0,"enemies":"Book of Stabbing","floor":23.0,"turns":4.0},{"damage":22.0,"enemies":"Centurion and Healer","floor":26.0,"turns":3.0},{"damage":21.0,"enemies":"Gremlin Leader","floor":28.0,"turns":4.0},{"damage":26.0,"enemies":"Snake Plant","floor":29.0,"turns":3.0},{"damage":4.0,"enemies":"downfall:FleeingMerchant","floor":31.0,"turns":2.0},{"damage":7.0,"enemies":"Cultist and Chosen","floor":32.0,"turns":6.0},{"damage":47.0,"enemies":"downfall:Ironclad","floor":33.0,"turns":5.0},{"damage":8.0,"enemies":"3 Shapes","floor":36.0,"turns":3.0},{"damage":6.0,"enemies":"3 Darklings","floor":38.0,"turns":3.0},{"damage":65.0,"enemies":"Mind Bloom Boss Battle","floor":39.0,"turns":8.0},{"damage":30.0,"enemies":"Reptomancer","floor":40.0,"turns":4.0},{"damage":0.0,"enemies":"Sphere and 2 Shapes","floor":45.0,"turns":4.0},{"damage":31.0,"enemies":"Maw","floor":46.0,"turns":8.0},{"damage":55.0,"enemies":"Giant Head","floor":47.0,"turns":5.0},{"damage":46.0,"enemies":"Writhing Mass","floor":48.0,"turns":4.0},{"damage":16.0,"enemies":"Sphere and 2 Shapes","floor":49.0,"turns":3.0},{"damage":50,"enemies":"downfall:Watcher","floor":50,"turns":4}],"seed_played":"-4991697858656648475","potions_obtained":[{"floor":2.0,"key":"Swift Potion"},{"floor":3.0,"key":"hexamod:EctoCoolerPotion"},{"floor":16.0,"key":"sneckomod:MuddlingPotion"},{"floor":23.0,"key":"SkillPotion"},{"floor":26.0,"key":"LiquidMemories"},{"floor":29.0,"key":"Dexterity Potion"},{"floor":38.0,"key":"ColorlessPotion"},{"floor":39.0,"key":"ColorlessPotion"},{"floor":40.0,"key":"sneckomod:MuddlingPotion"},{"floor":48.0,"key":"champ:CounterPotion"}],"is_trial":false,"path_per_floor":["R","M","M","?","?","R","T","M","M","M","R","$","R","?","M","B",null,"R","M","?","M","$","E","T","R","M","?","E","M","R","$","M","B",null,"R","M","?","M","?","E","T","R","?","R","M","M","E","M","M","B",null],"character_chosen":"THE_CHAMP","items_purchased":["champ:Backstep","champ:Encircle","Chemical X","Membership Card","Bottled Lightning","Bag of Preparation","champ:PerfectedStrike","champ:Backstep"],"campfire_rested":0,"item_purchase_floors":[12,12,22,31,31,31,31,31],"current_hp_per_floor":[90,87,84,84,81,81,81,76,74,63,63,63,63,63,62,28,90,90,90,90,90,90,90,90,90,90,90,96,83,83,83,83,83,97,97,97,97,97,95,97,97,107,107,107,107,104,94,99,100,98],"gold":314,"neow_bonus":"TRANSFORM_CARD","is_daily":false,"chose_seed":false,"campfire_upgraded":9,"win_rate":0.0,"timestamp":1608933465,"path_taken":["R","M","M","?","?","R","T","M","M","M","R","$","R","?","M","BOSS","R","M","?","M","$","E","T","R","M","?","E","M","R","$","M","BOSS","R","M","?","M","?","E","T","R","?","R","M","M","E","M","M","BOSS"],"items_purchased_type":["Card","Card","Relic","Relic","Relic","Relic","Card","Card"],"build_version":"2020-12-22","purchased_purges":2,"victory":true,"max_hp_per_floor":[90,90,90,90,90,90,90,90,90,90,90,90,90,90,90,90,90,90,90,90,90,90,90,90,90,90,90,97,97,97,97,97,97,97,97,97,97,97,97,97,97,107,107,107,107,107,107,107,107,107],"card_choices":[{"not_picked":["champ:Haymaker","champ:EnragedBash"],"picked":"champ:RisingSlash","floor":2.0},{"not_picked":["champ:FalseCounter","champ:FocusedGladiator"],"picked":"champ:RisingSlash","floor":3.0},{"not_picked":["champ:FightOn","champ:Haymaker"],"picked":"champ:CrookedStrike","floor":8.0},{"not_picked":["champ:ShieldWall","champ:EnragedBash"],"picked":"champ:Lariat","floor":9.0},{"not_picked":["champ:Haymaker","champ:CrookedStrike"],"picked":"champ:RisingSlash","floor":10.0},{"not_picked":["champ:Balance","champ:BladeFlurry"],"picked":"champ:PerfectedStrike","floor":12.0},{"not_picked":["champ:Circumvent","champ:Encircle"],"picked":"champ:GutPunch","floor":15.0},{"not_picked":["champ:LastStand","champ:PerfectForm"],"picked":"champ:IgnorePain","floor":16.0},{"not_picked":["champ:TornadoPunch","champ:BladeFlurry"],"picked":"champ:Backstep","floor":19.0},{"not_picked":["champ:Duel","champ:BladeFlurry"],"picked":"champ:PerfectedStrike","floor":21.0},{"not_picked":["champ:FocusedBerserking","champ:IgnorePain"],"picked":"champ:AdrenalArmor","floor":22.0},{"not_picked":["champ:FocusedDefense","champ:Encircle","champ:GladiatorsShout+1"],"picked":"SKIP","floor":23.0},{"not_picked":["champ:CrookedStrike","champ:Haymaker","champ:FanOfKnives"],"picked":"SKIP","floor":26.0},{"not_picked":["champ:DefensiveStyle+1","champ:DefensiveShout"],"picked":"champ:AdrenalArmor","floor":28.0},{"not_picked":["champ:FlashCut","champ:ShieldWall+1"],"picked":"champ:BerserkersShout+1","floor":29.0},{"not_picked":["champ:BringItOn","champ:IronFortress+1","champ:LastStand+1"],"picked":"SKIP","floor":31.0},{"not_picked":["champ:DefensiveShout","champ:BringItOn","champ:FocusedBerserking"],"picked":"SKIP","floor":32.0},{"not_picked":["champ:FocusedGladiator","champ:BerserkersShout"],"picked":"champ:TornadoPunch","floor":36.0},{"not_picked":["champ:DefensiveStyle+1","champ:BladeFlurry"],"picked":"champ:StanceDance+1","floor":38.0},{"not_picked":["champ:GladiatorsShout+1","champ:HeavySlash"],"picked":"champ:TornadoPunch","floor":40.0},{"not_picked":["champ:FlashCut","champ:FocusedDefense"],"picked":"champ:CalledShot+1","floor":45.0},{"not_picked":["champ:Haymaker","champ:ViciousMockery","champ:BringItOn+1"],"picked":"SKIP","floor":46.0},{"not_picked":["champ:SkillfulDodge","champ:TornadoPunch"],"picked":"champ:Lariat","floor":47.0},{"not_picked":["champ:FocusedDefense+1","champ:Haymaker"],"picked":"champ:ArenaPreparation","floor":48.0},{"not_picked":["champ:VampiricStrike","champ:FocusedBerserking"],"picked":"champ:IronFortress+1","floor":49.0}],"player_experience":965814,"relics_obtained":[{"floor":7.0,"key":"Nunchaku"},{"floor":23.0,"key":"Frozen Egg 2"},{"floor":24.0,"key":"Akabeko"},{"floor":28.0,"key":"Strawberry"},{"floor":39.0,"key":"FossilizedHelix"},{"floor":40.0,"key":"Guardian:GemstoneGun"},{"floor":47.0,"key":"Mercury Hourglass"}],"event_choices":[{"damage_healed":0.0,"max_hp_gain":0.0,"max_hp_loss":0.0,"gold_gain":0.0,"event_name":"Scrap Ooze","player_choice":"Success","floor":5.0,"gold_loss":0.0,"damage_taken":3.0,"relics_obtained":["Juzu Bracelet"]},{"cards_removed":["champ:CrookedStrike"],"damage_healed":0.0,"max_hp_gain":0.0,"max_hp_loss":0.0,"gold_gain":0.0,"event_name":"Falling","player_choice":"Removed Attack","floor":43.0,"gold_loss":0.0,"damage_taken":0.0}],"is_beta":false,"boss_relics":[{"not_picked":["downfall:Hecktoplasm","Black Star"],"picked":"SlaversCollar"},{"not_picked":["Fusion Hammer","Velvet Choker"],"picked":"expansioncontent:StudyCardRelic"}],"items_purged_floors":[12,22],"is_endless":false,"potions_floor_spawned":[2,3,16,23,26,29,38,39,40,48],"ascension_level":0}}