{"host":"no0bdlpxzp7bzzks","time":1608857719,"event":{"mods":["BaseMod","Better Match","Block Reminder","Colored Map","Curses Come First","DeckTracker","Filter the Spire","Highlight Path","Key Reminder","Minty Spire (QoL Compilation)","Permanent Neow","Relic Sorter","Relic Stats","StSLib","The Construct"],"gold_per_floor":[110,110,123,135,155,182,182,182,182],"floor_reached":8,"playtime":1036,"items_purged":[],"score":61,"play_id":"82713655-c6f4-43de-bba3-5d3bf323a7dd","local_time":"20201224185519","is_ascension_mode":true,"campfire_choices":[],"circlet_count":0,"master_deck":["construct:Strike_Gold","construct:Strike_Gold","construct:Strike_Gold","construct:Strike_Gold","construct:Strike_Gold","construct:Defend_Gold","construct:Defend_Gold","construct:Defend_Gold","construct:Defend_Gold","construct:AttackMode","construct:DefenseMode","Magnetism","construct:Construct_Overclock","construct:ElectricArmor","construct:MetalShell","construct:ModeShift","construct:Autoturret"],"relics":["construct:Cogwheel","construct:Challenge1","Anchor"],"acts_visited":["Exordium"],"potions_floor_usage":[8,8,8],"damage_taken":[{"damage":10,"enemies":"Jaw Worm","floor":1,"turns":6},{"damage":15,"enemies":"Cultist","floor":3,"turns":5},{"damage":7,"enemies":"2 Louse","floor":4,"turns":4},{"damage":3,"enemies":"Red Slaver","floor":5,"turns":11},{"damage":21,"enemies":"3 Sentries","floor":6,"turns":7},{"damage":8,"enemies":"Lagavulin","floor":8,"turns":5}],"seed_played":"-410381668062346823","potions_obtained":[{"floor":4,"key":"construct:ShiftPotion"},{"floor":5,"key":"construct:ShiftPotion"},{"floor":6,"key":"DuplicationPotion"}],"is_trial":false,"path_per_floor":["M","?","M","M","M","E","?","E"],"character_chosen":"THE_CONSTRUCT_MOD","items_purchased":[],"campfire_rested":0,"item_purchase_floors":[],"current_hp_per_floor":[51,51,36,29,26,5,5,0,0],"gold":182,"neow_bonus":"RANDOM_COLORLESS_2","is_daily":false,"chose_seed":false,"campfire_upgraded":0,"win_rate":0.0,"timestamp":1608857719,"path_taken":["M","?","?","M","M","E","?","E"],"items_purchased_type":[],"build_version":"2020-12-22","purchased_purges":0,"victory":false,"max_hp_per_floor":[85,85,85,85,85,85,85,85,85],"relic_stats":{"counters":[6,38],"obtain_stats":[{"construct:Challenge1":0,"Anchor":6,"construct:Cogwheel":0},{"construct:Challenge1":0,"Anchor":5,"construct:Cogwheel":0},{"construct:Challenge1":0,"Anchor":33,"construct:Cogwheel":0}]},"card_choices":[{"not_picked":["Master of Strategy","Sadistic Nature"],"picked":"Magnetism","floor":0},{"not_picked":["construct:Forcefield","construct:Versatility"],"picked":"construct:Construct_Overclock","floor":1},{"not_picked":["construct:Autoturret","construct:PointDefense"],"picked":"construct:ElectricArmor","floor":3},{"not_picked":["construct:Versatility","construct:Overcharge"],"picked":"construct:MetalShell","floor":4},{"not_picked":["construct:ChargeShot","construct:HeavyBolt"],"picked":"construct:ModeShift","floor":5},{"not_picked":["construct:FlameCore","construct:HyperBeam"],"picked":"construct:Autoturret","floor":6}],"player_experience":77601,"relics_obtained":[{"floor":6,"key":"Anchor"}],"event_choices":[{"damage_healed":0,"gold_gain":0,"player_choice":"Bought 0 Potions","damage_taken":0,"max_hp_gain":0,"max_hp_loss":0,"event_name":"The Woman in Blue","floor":2,"gold_loss":0},{"cards_removed":["construct:Defend_Gold"],"damage_healed":0,"gold_gain":0,"player_choice":"Purged","damage_taken":0,"max_hp_gain":0,"max_hp_loss":0,"event_name":"Purifier","floor":7,"gold_loss":0}],"is_beta":false,"boss_relics":[],"items_purged_floors":[],"is_endless":false,"potions_floor_spawned":[4,5,6],"killed_by":"Lagavulin","ascension_level":1}}