{"host":"rmsq46plbpwfbxcc","time":1608874780,"event":{"mods":["AchievementEnabler","BaseMod","Colored Map","DeckTracker","Minty Spire (QoL Compilation)","Permanent Neow","SuperFastMode"],"gold_per_floor":[109,184,202,212,212,212,245,245,245,260,270,270,302,227,227,306,306,323,60,60,74,74,74,105,105,105,105,133,133,152,180,180,256,256,274,274,292,47,61,96,96,129,129,145,95,95,128,142,142,142,142,142,37,63,63,63],"floor_reached":55,"playtime":1662,"items_purged":["Defend_G","Defend_G","Defend_G","Strike_G+1","Strike_G"],"score":1703,"play_id":"2f2ec5d7-a646-44c2-8e1a-50406d5dd827","local_time":"20201225143940","is_ascension_mode":true,"campfire_choices":[{"data":"Neutralize","floor":6.0,"key":"SMITH"},{"data":"Blade Dance","floor":8.0,"key":"SMITH"},{"data":"Footwork","floor":12.0,"key":"SMITH"},{"data":"Well Laid Plans","floor":15.0,"key":"SMITH"},{"data":"Blur","floor":23.0,"key":"SMITH"},{"data":"Survivor","floor":25.0,"key":"SMITH"},{"data":"Backflip","floor":27.0,"key":"SMITH"},{"data":"Blade Dance","floor":32.0,"key":"SMITH"},{"data":"Envenom","floor":41.0,"key":"SMITH"},{"data":"Accuracy","floor":46.0,"key":"SMITH"},{"floor":49,"key":"RECALL"},{"data":"Finisher","floor":52,"key":"SMITH"}],"circlet_count":0,"master_deck":["AscendersBane","Strike_G+1","Defend_G","Survivor+1","Neutralize+1","Deflect+1","Glass Knife+1","Dagger Spray+1","Well Laid Plans+1","Blade Dance+1","Backflip+1","Footwork+1","Blur+1","Phantasmal Killer+1","Escape Plan","Cloak And Dagger+1","Calculated Gamble+1","Blade Dance+1","Envenom+1","CurseOfTheBell","Blur+1","Terror","Finisher+1","Accuracy+1","PiercingWail","Caltrops+1"],"relics":["Astrolabe","PreservedInsect","Whetstone","Tiny Chest","Philosopher\u0027s Stone","Happy Flower","Smiling Mask","Shuriken","Bag of Preparation","CaptainsWheel","Pen Nib","Calling Bell","Ancient Tea Set","StrikeDummy","Thread and Needle","Gremlin Horn","White Beast Statue","Centennial Puzzle","Singing Bowl","Anchor"],"acts_visited":["Exordium","TheCity","TheBeyond","TheEnding"],"potions_floor_usage":[48,50,54],"damage_taken":[{"damage":0.0,"enemies":"Jaw Worm","floor":1.0,"turns":2.0},{"damage":0.0,"enemies":"2 Louse","floor":3.0,"turns":2.0},{"damage":2.0,"enemies":"Small Slimes","floor":4.0,"turns":3.0},{"damage":0.0,"enemies":"3 Sentries","floor":7.0,"turns":4.0},{"damage":0.0,"enemies":"Blue Slaver","floor":10.0,"turns":3.0},{"damage":0.0,"enemies":"Looter","floor":11.0,"turns":3.0},{"damage":3.0,"enemies":"Gremlin Nob","floor":13.0,"turns":3.0},{"damage":16.0,"enemies":"Hexaghost","floor":16.0,"turns":13.0},{"damage":0.0,"enemies":"Spheric Guardian","floor":18.0,"turns":4.0},{"damage":0.0,"enemies":"Chosen","floor":21.0,"turns":3.0},{"damage":0.0,"enemies":"Gremlin Leader","floor":24.0,"turns":5.0},{"damage":0.0,"enemies":"Book of Stabbing","floor":28.0,"turns":3.0},{"damage":9.0,"enemies":"Shelled Parasite and Fungi","floor":30.0,"turns":3.0},{"damage":2.0,"enemies":"Slavers","floor":31.0,"turns":4.0},{"damage":11.0,"enemies":"Collector","floor":33.0,"turns":7.0},{"damage":9.0,"enemies":"3 Shapes","floor":35.0,"turns":3.0},{"damage":2.0,"enemies":"3 Darklings","floor":37.0,"turns":3.0},{"damage":0.0,"enemies":"Transient","floor":39.0,"turns":5.0},{"damage":0.0,"enemies":"Giant Head","floor":40.0,"turns":3.0},{"damage":2.0,"enemies":"Nemesis","floor":42.0,"turns":3.0},{"damage":3.0,"enemies":"Writhing Mass","floor":44.0,"turns":4.0},{"damage":0.0,"enemies":"Reptomancer","floor":47.0,"turns":2.0},{"damage":0,"enemies":"Maw","floor":48,"turns":5},{"damage":14,"enemies":"Time Eater","floor":50,"turns":6},{"damage":0,"enemies":"Shield and Spear","floor":54,"turns":4},{"damage":77,"enemies":"The Heart","floor":55,"turns":3}],"seed_played":"-8271618230954890597","potions_obtained":[{"floor":3.0,"key":"SteroidPotion"},{"floor":4.0,"key":"ColorlessPotion"},{"floor":13.0,"key":"Regen Potion"},{"floor":16.0,"key":"Energy Potion"},{"floor":18.0,"key":"DuplicationPotion"},{"floor":24.0,"key":"Strength Potion"},{"floor":28.0,"key":"BlessingOfTheForge"},{"floor":37.0,"key":"DuplicationPotion"},{"floor":39.0,"key":"SpeedPotion"},{"floor":44.0,"key":"Poison Potion"},{"floor":48,"key":"LiquidMemories"},{"floor":54,"key":"BlessingOfTheForge"}],"is_trial":false,"path_per_floor":["M","?","M","M","?","R","E","R","T","M","M","R","E","$","R","B",null,"M","$","?","M","?","R","E","R","T","R","E","T","M","E","R","B",null,"M","?","M","$","M","E","R","E","T","M","$","R","E","M","R","B",null,"R","$","E","B"],"character_chosen":"THE_SILENT","items_purchased":["Happy Flower","Terror","Finisher","Accuracy","SteroidPotion"],"campfire_rested":0,"item_purchase_floors":[19,38,38,38,53],"current_hp_per_floor":[59,48,48,46,28,28,28,28,28,28,28,28,25,25,25,9,52,52,52,52,52,52,52,66,66,66,66,66,66,57,55,55,44,61,52,52,50,50,50,50,50,48,48,45,45,45,47,49,49,35,61,61,61,61,0,0],"gold":63,"neow_bonus":"BOSS_RELIC","is_daily":false,"chose_seed":false,"campfire_upgraded":11,"win_rate":0.0,"timestamp":1608874780,"path_taken":["M","?","M","M","?","R","E","R","T","M","M","R","E","$","R","BOSS","M","$","?","?","?","R","E","R","T","R","E","?","M","E","R","BOSS","M","?","M","$","M","E","R","E","T","M","$","R","E","M","R","BOSS","R","$","E","BOSS"],"items_purchased_type":["Relic","Card","Card","Card","Potion"],"build_version":"2020-12-22","purchased_purges":5,"victory":false,"max_hp_per_floor":[66,66,66,66,66,66,66,66,66,66,66,66,66,66,66,66,66,66,66,66,66,66,66,66,66,66,66,66,66,66,66,66,66,66,66,66,66,66,66,66,66,66,66,66,66,66,68,70,70,70,70,70,70,70,70,70],"card_choices":[{"not_picked":["Dodge and Roll","Infinite Blades","Underhanded Strike"],"picked":"SKIP","floor":1.0},{"not_picked":["Quick Slash","Poisoned Stab"],"picked":"Well Laid Plans","floor":3.0},{"not_picked":["Eviscerate","Deadly Poison"],"picked":"Blade Dance","floor":4.0},{"not_picked":["Quick Slash","Doppelganger"],"picked":"Backflip","floor":7.0},{"not_picked":["Heel Hook","Prepared","Sucker Punch"],"picked":"SKIP","floor":10.0},{"not_picked":["Quick Slash","Prepared"],"picked":"Footwork","floor":11.0},{"not_picked":["Dagger Throw","All Out Attack"],"picked":"Blur","floor":13.0},{"not_picked":["Unload","Tools of the Trade"],"picked":"Phantasmal Killer","floor":16.0},{"not_picked":["Flying Knee","Dodge and Roll"],"picked":"Escape Plan","floor":18.0},{"not_picked":["All Out Attack+1","Finisher"],"picked":"Cloak And Dagger+1","floor":21.0},{"not_picked":["Calculated Gamble","Blade Dance","Distraction"],"picked":"SKIP","floor":24.0},{"not_picked":["Backflip","Prepared"],"picked":"Calculated Gamble+1","floor":28.0},{"not_picked":["Distraction","Infinite Blades","Dagger Spray"],"picked":"SKIP","floor":30.0},{"not_picked":["Phantasmal Killer","Riddle With Holes"],"picked":"Blade Dance","floor":31.0},{"not_picked":["Grand Finale","Tools of the Trade"],"picked":"Envenom","floor":33.0},{"not_picked":["Footwork","Flying Knee+1"],"picked":"Blur+1","floor":35.0},{"not_picked":["Setup+1","Poisoned Stab+1","Cloak And Dagger"],"picked":"SKIP","floor":37.0},{"not_picked":["Dagger Throw+1","Predator","Bane+1"],"picked":"SKIP","floor":39.0},{"not_picked":["Dagger Throw+1","Slice+1","Underhanded Strike"],"picked":"SKIP","floor":40.0},{"not_picked":["Bane","Flying Knee","Quick Slash"],"picked":"SKIP","floor":42.0},{"not_picked":["Predator","Expertise"],"picked":"PiercingWail","floor":44.0},{"not_picked":["Bouncing Flask+1","Reflex","Quick Slash"],"picked":"Singing Bowl","floor":47.0},{"not_picked":["Endless Agony","Outmaneuver+1","Finisher"],"picked":"Singing Bowl","floor":48},{"not_picked":["Backflip","Backstab"],"picked":"Caltrops+1","floor":54}],"player_experience":1373317,"relics_obtained":[{"floor":7.0,"key":"Whetstone"},{"floor":13.0,"key":"Tiny Chest"},{"floor":24.0,"key":"Smiling Mask"},{"floor":26.0,"key":"Shuriken"},{"floor":28.0,"key":"Bag of Preparation"},{"floor":29.0,"key":"CaptainsWheel"},{"floor":31.0,"key":"Pen Nib"},{"floor":34.0,"key":"Ancient Tea Set"},{"floor":34.0,"key":"StrikeDummy"},{"floor":34.0,"key":"Thread and Needle"},{"floor":40.0,"key":"Gremlin Horn"},{"floor":42.0,"key":"White Beast Statue"},{"floor":43.0,"key":"Centennial Puzzle"},{"floor":47.0,"key":"Singing Bowl"},{"floor":54,"key":"Anchor"}],"event_choices":[{"damage_healed":0.0,"max_hp_gain":0.0,"max_hp_loss":0.0,"gold_gain":75.0,"event_name":"World of Goop","player_choice":"Gather Gold","floor":2.0,"gold_loss":0.0,"damage_taken":11.0},{"damage_healed":0.0,"max_hp_gain":0.0,"max_hp_loss":0.0,"gold_gain":0.0,"event_name":"Scrap Ooze","player_choice":"Success","floor":5.0,"gold_loss":0.0,"damage_taken":18.0,"relics_obtained":["PreservedInsect"]},{"damage_healed":0.0,"max_hp_gain":0.0,"max_hp_loss":0.0,"gold_gain":0.0,"event_name":"Upgrade Shrine","player_choice":"Upgraded","floor":20.0,"gold_loss":0.0,"damage_taken":0.0,"cards_upgraded":["Phantasmal Killer"]},{"damage_healed":0.0,"max_hp_gain":0.0,"max_hp_loss":0.0,"gold_gain":0.0,"event_name":"Ghosts","player_choice":"Ignored","floor":22.0,"gold_loss":0.0,"damage_taken":0.0},{"damage_healed":0.0,"max_hp_gain":0.0,"max_hp_loss":0.0,"gold_gain":0.0,"event_name":"Tomb of Lord Red Mask","player_choice":"Ignored","floor":36.0,"gold_loss":0.0,"damage_taken":0.0}],"is_beta":false,"boss_relics":[{"not_picked":["Pandora\u0027s Box","SlaversCollar"],"picked":"Philosopher\u0027s Stone"},{"not_picked":["Cursed Key","Coffee Dripper"],"picked":"Calling Bell"}],"items_purged_floors":[14,19,38,45,53],"is_endless":false,"potions_floor_spawned":[3,4,13,16,18,24,28,37,39,44,47,48,54],"killed_by":"The Heart","ascension_level":16}}