{"host":"2461dio7vetlq1z3","time":1608904170,"event":{"mods":["2.2 Compatiblity","AchievementEnabler","Aspiration","BaseMod","Better Third Choice","Hermit","Minty Spire (QoL Compilation)","Relic Stats","Spicy Shops","StSLib","The Runesmith","Waifu the Spire"],"gold_per_floor":[109,79,89,89,89,89,115,134,134,147,161,161,181,181,181],"floor_reached":14,"playtime":363,"items_purged":[],"score":234,"play_id":"1d5da28e-e944-475b-a69a-c003b8a62712","local_time":"20201225144930","is_ascension_mode":true,"campfire_choices":[{"data":"Reprogram","floor":6,"key":"SMITH"},{"data":"1","floor":12,"key":"LIFT"}],"circlet_count":0,"master_deck":["AscendersBane","Strike_B","Strike_B","Strike_B","Strike_B","Defend_B","Defend_B","Defend_B","Defend_B","Zap","Dualcast","Rebound","Reprogram+1","Streamline","Hologram","Hologram","Streamline"],"relics":["Cracked Core","NeowsBlessing","Girya","Shuriken","Singing Bowl"],"acts_visited":["Exordium"],"potions_floor_usage":[13,14],"damage_taken":[{"damage":0,"enemies":"Small Slimes","floor":1,"turns":1},{"damage":0,"enemies":"Cultist","floor":3,"turns":1},{"damage":0,"enemies":"Gremlin Nob","floor":7,"turns":1},{"damage":0,"enemies":"2 Louse","floor":8,"turns":1},{"damage":12,"enemies":"2 Fungi Beasts","floor":10,"turns":5},{"damage":18,"enemies":"3 Louse","floor":11,"turns":4},{"damage":21,"enemies":"Exordium Wildlife","floor":13,"turns":6},{"damage":20,"enemies":"Lagavulin","floor":14,"turns":8}],"seed_played":"-5054419382131647460","potions_obtained":[{"floor":2,"key":"GamblersBrew"},{"floor":2,"key":"EssenceOfSteel"},{"floor":10,"key":"Strength Potion"},{"floor":11,"key":"Explosive Potion"},{"floor":13,"key":"BlessingOfTheForge"}],"is_trial":false,"path_per_floor":["M","?","M","?","?","R","E","M","T","M","M","R","M","E"],"character_chosen":"DEFECT","items_purchased":[],"campfire_rested":0,"item_purchase_floors":[],"current_hp_per_floor":[64,64,64,69,69,69,69,69,69,57,39,39,20,0,0],"gold":181,"neow_bonus":"THREE_ENEMY_KILL","is_daily":false,"chose_seed":false,"campfire_upgraded":1,"win_rate":0.0,"timestamp":1608904170,"path_taken":["M","?","?","?","?","R","E","M","T","M","M","R","?","E"],"items_purchased_type":[],"build_version":"2020-12-22","purchased_purges":0,"victory":false,"max_hp_per_floor":[71,71,71,76,76,76,76,76,76,76,76,76,78,78,78],"relic_stats":{"Singing Bowl":2,"counters":[8,27],"Shuriken":[0],"obtain_stats":[{"Girya":5,"NeowsBlessing":0,"Singing Bowl":9,"Shuriken":7,"Cracked Core":0},{"Girya":2,"NeowsBlessing":0,"Singing Bowl":4,"Shuriken":3,"Cracked Core":0},{"Girya":2,"NeowsBlessing":0,"Singing Bowl":4,"Shuriken":3,"Cracked Core":0}]},"card_choices":[{"not_picked":["Beam Cell","Leap"],"picked":"Rebound","floor":1},{"not_picked":["Gash","Stack"],"picked":"Reprogram","floor":3},{"not_picked":["Ball Lightning","Steam"],"picked":"Streamline","floor":7},{"not_picked":["Redo","Stack"],"picked":"Hologram","floor":8},{"not_picked":["Turbo","Electrodynamics"],"picked":"Hologram","floor":10},{"not_picked":["Turbo","Compile Driver"],"picked":"Streamline","floor":11},{"not_picked":["Compile Driver","Streamline","Cold Snap"],"picked":"Singing Bowl","floor":13}],"player_experience":934224,"relics_obtained":[{"floor":7,"key":"Shuriken"},{"floor":9,"key":"Singing Bowl"}],"event_choices":[{"damage_healed":0,"gold_gain":0,"player_choice":"Bought 2 Potions","damage_taken":0,"max_hp_gain":0,"max_hp_loss":0,"event_name":"The Woman in Blue","floor":2,"gold_loss":0},{"damage_healed":0,"gold_gain":0,"player_choice":"Donut","damage_taken":0,"max_hp_gain":5,"max_hp_loss":0,"event_name":"Big Fish","floor":4,"gold_loss":0},{"damage_healed":0,"gold_gain":0,"player_choice":"Gave Potion","damage_taken":0,"relics_obtained":["Girya"],"max_hp_gain":0,"max_hp_loss":0,"event_name":"WeMeetAgain","floor":5,"gold_loss":0}],"is_beta":false,"boss_relics":[],"items_purged_floors":[],"is_endless":false,"potions_floor_spawned":[10,11,13],"killed_by":"Lagavulin","ascension_level":20}}