{"host":"o47f52ks9l6zljgg","time":1608916019,"event":{"mods":["Abigail Mod","BaseMod","Colored Map","Dota2Spire","Friendly Minions","Grow up Mod","Kiyohime£®«Âºß£©","Marisa£®ÏF”Í°°ƒß¿Ì…≥£©","Minty Spire (QoL Compilation)","Relic Stats","StSLib","SuperFastMode","Yakumo Yukari mod","Youmu£®ªÍ∆«—˝√Œ£©","Yuyuko"],"gold_per_floor":[110,185,185,201,218,218,235,261,333,353,135,135,154,166,166,271,271,290,302,354,200,200,226,226,266,290,290,337,386,434,41,41,144,144,184,59,59,59,59,59,90,90,113,190,190,240,299,313,313,343],"floor_reached":51,"playtime":2147,"items_purged":["Regret","KiyohimeMod:Defend","KiyohimeMod:FlameKiss"],"score":1157,"play_id":"44ae2f46-105a-4f15-a1d8-6f8fc222925e","local_time":"20201226020659","is_ascension_mode":true,"campfire_choices":[{"data":"KiyohimeMod:Grimoire","floor":6.0,"key":"SMITH"},{"data":"KiyohimeMod:BeastOfBillows","floor":15.0,"key":"SMITH"},{"data":"KiyohimeMod:WaterTurn","floor":24.0,"key":"SMITH"},{"data":"KiyohimeMod:Shapeshift","floor":32.0,"key":"SMITH"},{"data":"KiyohimeMod:PrismaCosmos","floor":40,"key":"SMITH"},{"data":"KiyohimeMod:Fragarach","floor":42,"key":"SMITH"},{"data":"KiyohimeMod:Berserker","floor":45,"key":"SMITH"},{"data":"KiyohimeMod:DivineConstruct","floor":49,"key":"SMITH"}],"circlet_count":0,"master_deck":["KiyohimeMod:Strike+1","KiyohimeMod:Strike","KiyohimeMod:Strike+1","KiyohimeMod:Track+1","KiyohimeMod:Shapeshift+1","KiyohimeMod:BeastOfBillows+1","KiyohimeMod:Grimoire+1","KiyohimeMod:EatSoul","KiyohimeMod:FragmentsOf2030","KiyohimeMod:Fragarach+1","KiyohimeMod:Berserker+1","KiyohimeMod:WaterTurn+1","KiyohimeMod:PrismaCosmos+1","KiyohimeMod:RedBlackKey+1","KiyohimeMod:RedBlackKey+1","KiyohimeMod:BlueBlackKey","KiyohimeMod:BeElegant","KiyohimeMod:DivineConstruct+1"],"relics":["KiyohimeMod:FireDragon","Unceasing Top","Tiny Chest","KiyohimeMod:ElixirOfRejuvenation","Odd Mushroom","Strange Spoon","Centennial Puzzle","Dota2Spire:Bloodstone","Bronze Scales","Dota2Spire:HandOfMidas","Juzu Bracelet","Meat on the Bone","Oddly Smooth Stone","Dota2Spire:BattleFury","Medical Kit","Empty Cage","FossilizedHelix","Dota2Spire:PhaseBoots","Whetstone","Vajra","Dota2Spire:HeartOfTarrasque","Lizard Tail","Turnip"],"acts_visited":["Exordium","TheCity","TheBeyond"],"potions_floor_usage":[],"damage_taken":[{"damage":13.0,"enemies":"Jaw Worm","floor":1.0,"turns":2.0},{"damage":7.0,"enemies":"2 Louse","floor":4.0,"turns":2.0},{"damage":0.0,"enemies":"Small Slimes","floor":5.0,"turns":1.0},{"damage":20.0,"enemies":"Exordium Wildlife","floor":7.0,"turns":3.0},{"damage":26.0,"enemies":"Lagavulin","floor":8.0,"turns":4.0},{"damage":37.0,"enemies":"The Mushroom Lair","floor":10.0,"turns":3.0},{"damage":7.0,"enemies":"Lots of Slimes","floor":13.0,"turns":3.0},{"damage":14.0,"enemies":"3 Louse","floor":14.0,"turns":2.0},{"damage":15.0,"enemies":"The Guardian","floor":16.0,"turns":3.0},{"damage":3.0,"enemies":"Chosen","floor":18.0,"turns":3.0},{"damage":13.0,"enemies":"3 Byrds","floor":19.0,"turns":3.0},{"damage":33.0,"enemies":"Book of Stabbing","floor":23.0,"turns":4.0},{"damage":13.0,"enemies":"Snake Plant","floor":25.0,"turns":2.0},{"damage":44.0,"enemies":"Sentry and Sphere","floor":28.0,"turns":5.0},{"damage":30.0,"enemies":"Chosen and Byrds","floor":29.0,"turns":5.0},{"damage":44.0,"enemies":"Collector","floor":33.0,"turns":4.0},{"damage":26.0,"enemies":"3 Darklings","floor":35.0,"turns":3.0},{"damage":9,"enemies":"Reptomancer","floor":41,"turns":3},{"damage":26,"enemies":"2 Orb Walkers","floor":44,"turns":3},{"damage":175,"enemies":"Mind Bloom Boss Battle","floor":46,"turns":3},{"damage":0,"enemies":"Giant Head","floor":47,"turns":3},{"damage":18,"enemies":"3 Shapes","floor":48,"turns":2},{"damage":0,"enemies":"Awakened One","floor":50,"turns":3}],"seed_played":"-259546197898330083","potions_obtained":[{"floor":5.0,"key":"EssenceOfSteel"},{"floor":10.0,"key":"SkillPotion"},{"floor":13.0,"key":"SkillPotion"},{"floor":14.0,"key":"Dexterity Potion"},{"floor":19.0,"key":"Explosive Potion"},{"floor":22.0,"key":"DuplicationPotion"},{"floor":33.0,"key":"DistilledChaos"},{"floor":48,"key":"Dota2Spire:HealingSalve"}],"is_trial":false,"path_per_floor":["M","?","?","M","M","R","M","E","T","?","$","?","M","M","R","B",null,"M","M","T","$","?","E","R","M","T","?","M","M","T","$","R","B",null,"M","$","?","T","T","R","E","R","T","?","R","?","E","M","R","B",null],"character_chosen":"Kiyohime","items_purchased":["Strange Spoon","KiyohimeMod:Berserker","Dota2Spire:BattleFury","Medical Kit"],"campfire_rested":0,"item_purchase_floors":[11,21,31,31],"current_hp_per_floor":[46,45,55,58,68,78,68,52,62,45,55,65,78,84,94,99,207,214,211,221,231,241,218,228,225,235,245,211,191,201,211,221,199,360,344,354,364,374,384,394,395,405,415,407,417,264,284,288,298,308],"gold":343,"neow_bonus":"REMOVE_TWO","is_daily":false,"chose_seed":false,"campfire_upgraded":8,"win_rate":0.0,"timestamp":1608916019,"path_taken":["M","?","?","?","M","R","M","E","T","?","$","?","M","M","R","BOSS","M","?","?","$","?","E","R","?","T","?","M","M","?","?","R","BOSS","M","$","?","?","?","R","E","R","T","?","R","?","E","M","R","BOSS"],"items_purchased_type":["Relic","Card","Relic","Relic"],"build_version":"2020-12-22","purchased_purges":3,"victory":true,"max_hp_per_floor":[80,90,100,110,120,130,140,150,160,170,180,190,200,210,220,230,240,250,260,270,280,290,300,310,320,330,340,350,360,370,380,390,400,410,420,430,440,450,460,470,480,490,500,518,528,538,548,558,568,578],"relic_stats":{"counters":[23,69],"Juzu Bracelet":2,"Whetstone":["KiyohimeMod:Strike","KiyohimeMod:Strike"],"Medical Kit":[0],"Strange Spoon":[15],"Centennial Puzzle":[45],"Lizard Tail":0,"Bronze Scales":[107],"Tiny Chest":3,"Turnip":[0],"obtain_stats":[{"Dota2Spire:HandOfMidas":23,"Oddly Smooth Stone":30,"Vajra":43,"Dota2Spire:Bloodstone":17,"Dota2Spire:BattleFury":31,"Juzu Bracelet":26,"Dota2Spire:HeartOfTarrasque":44,"Whetstone":41,"Odd Mushroom":10,"Medical Kit":31,"Empty Cage":34,"KiyohimeMod:FireDragon":0,"Strange Spoon":11,"Centennial Puzzle":12,"Lizard Tail":46,"Bronze Scales":20,"Tiny Chest":8,"KiyohimeMod:ElixirOfRejuvenation":9,"Turnip":47,"Unceasing Top":3,"FossilizedHelix":38,"Meat on the Bone":27,"Dota2Spire:PhaseBoots":39},{"Dota2Spire:HandOfMidas":12,"Oddly Smooth Stone":15,"Vajra":18,"Dota2Spire:Bloodstone":9,"Dota2Spire:BattleFury":15,"Juzu Bracelet":13,"Dota2Spire:HeartOfTarrasque":19,"Whetstone":18,"Odd Mushroom":6,"Medical Kit":15,"Empty Cage":16,"KiyohimeMod:FireDragon":0,"Strange Spoon":6,"Centennial Puzzle":6,"Lizard Tail":20,"Bronze Scales":11,"Tiny Chest":5,"KiyohimeMod:ElixirOfRejuvenation":5,"Turnip":21,"Unceasing Top":1,"FossilizedHelix":17,"Meat on the Bone":13,"Dota2Spire:PhaseBoots":17},{"Dota2Spire:HandOfMidas":33,"Oddly Smooth Stone":45,"Vajra":55,"Dota2Spire:Bloodstone":23,"Dota2Spire:BattleFury":45,"Juzu Bracelet":35,"Dota2Spire:HeartOfTarrasque":58,"Whetstone":55,"Odd Mushroom":15,"Medical Kit":45,"Empty Cage":49,"KiyohimeMod:FireDragon":0,"Strange Spoon":15,"Centennial Puzzle":15,"Lizard Tail":61,"Bronze Scales":29,"Tiny Chest":12,"KiyohimeMod:ElixirOfRejuvenation":12,"Turnip":64,"Unceasing Top":2,"FossilizedHelix":52,"Meat on the Bone":35,"Dota2Spire:PhaseBoots":52}],"Unceasing Top":[40],"Meat on the Bone":36},"card_choices":[{"not_picked":["KiyohimeMod:AndSoTheShipConquers","KiyohimeMod:GreenBlackKey"],"picked":"KiyohimeMod:BeastOfBillows","floor":1.0},{"not_picked":["KiyohimeMod:SteelTraining","KiyohimeMod:WaterTurn"],"picked":"KiyohimeMod:Grimoire","floor":4.0},{"not_picked":["KiyohimeMod:Tenacious","KiyohimeMod:BlueBlackKey","KiyohimeMod:Preemptive"],"picked":"SKIP","floor":5.0},{"not_picked":["KiyohimeMod:GreenBlackKey","KiyohimeMod:DivineConstruct"],"picked":"KiyohimeMod:EatSoul","floor":7.0},{"not_picked":["KiyohimeMod:WaterTurn","KiyohimeMod:CommandCard_Buster","KiyohimeMod:GreenBlackKey"],"picked":"SKIP","floor":8.0},{"not_picked":["KiyohimeMod:HydraDagger","KiyohimeMod:EatSoul","KiyohimeMod:BeastOfBillows"],"picked":"SKIP","floor":13.0},{"not_picked":["KiyohimeMod:BlueBlackKey","KiyohimeMod:AndSoTheShipConquers","KiyohimeMod:Preemptive"],"picked":"SKIP","floor":14.0},{"not_picked":["KiyohimeMod:PrismaCosmos","KiyohimeMod:FacelessMoon"],"picked":"KiyohimeMod:FragmentsOf2030","floor":16.0},{"not_picked":["KiyohimeMod:GreenBlackKey","KiyohimeMod:EatSoul","KiyohimeMod:RedBlackKey"],"picked":"SKIP","floor":18.0},{"not_picked":["KiyohimeMod:RedBlackKey","KiyohimeMod:AndSoTheShipConquers"],"picked":"KiyohimeMod:Fragarach","floor":19.0},{"not_picked":["KiyohimeMod:ImaginaryAround+1","KiyohimeMod:GoldenCarpFigure"],"picked":"KiyohimeMod:WaterTurn","floor":23.0},{"not_picked":["KiyohimeMod:RedBlackKey","KiyohimeMod:Preemptive","KiyohimeMod:WaterTurn"],"picked":"SKIP","floor":25.0},{"not_picked":["KiyohimeMod:WaterTurn","KiyohimeMod:RedBlackKey","KiyohimeMod:HotSpringOfTheMoon"],"picked":"SKIP","floor":28.0},{"not_picked":["KiyohimeMod:Fragarach","KiyohimeMod:EatSoul","KiyohimeMod:GreenBlackKey+1"],"picked":"SKIP","floor":29.0},{"not_picked":["KiyohimeMod:Barrier","KiyohimeMod:FiringTheFirstArrow"],"picked":"KiyohimeMod:PrismaCosmos","floor":33.0},{"not_picked":["KiyohimeMod:ExSpicyMapoTofu","KiyohimeMod:Tenacious+1"],"picked":"KiyohimeMod:RedBlackKey+1","floor":35.0},{"not_picked":["KiyohimeMod:CommandCard_Arts+1","KiyohimeMod:GreenBlackKey+1"],"picked":"KiyohimeMod:RedBlackKey+1","floor":41},{"not_picked":["KiyohimeMod:CommandCard_Buster+1","KiyohimeMod:SteelTraining+1"],"picked":"KiyohimeMod:BlueBlackKey","floor":46},{"not_picked":["KiyohimeMod:FragmentsOf2030","KiyohimeMod:BeElegant","KiyohimeMod:AndSoTheShipConquers"],"picked":"SKIP","floor":47},{"not_picked":["KiyohimeMod:FragmentsOf2030","KiyohimeMod:AndSoTheShipConquers"],"picked":"KiyohimeMod:BeElegant","floor":47},{"not_picked":["KiyohimeMod:EatSoul+1","KiyohimeMod:SteelTraining"],"picked":"KiyohimeMod:DivineConstruct","floor":48}],"player_experience":507634,"relics_obtained":[{"floor":8.0,"key":"Tiny Chest"},{"floor":9.0,"key":"KiyohimeMod:ElixirOfRejuvenation"},{"floor":10.0,"key":"Odd Mushroom"},{"floor":20.0,"key":"Bronze Scales"},{"floor":23.0,"key":"Dota2Spire:HandOfMidas"},{"floor":26.0,"key":"Juzu Bracelet"},{"floor":30.0,"key":"Oddly Smooth Stone"},{"floor":38,"key":"FossilizedHelix"},{"floor":39,"key":"Dota2Spire:PhaseBoots"},{"floor":41,"key":"Whetstone"},{"floor":43,"key":"Vajra"},{"floor":44,"key":"Dota2Spire:HeartOfTarrasque"},{"floor":46,"key":"Lizard Tail"},{"floor":47,"key":"Turnip"}],"event_choices":[{"damage_healed":0.0,"max_hp_gain":0.0,"max_hp_loss":0.0,"gold_gain":75.0,"event_name":"World of Goop","player_choice":"Gather Gold","floor":2.0,"gold_loss":0.0,"damage_taken":11.0},{"damage_healed":0.0,"max_hp_gain":0.0,"max_hp_loss":0.0,"gold_gain":0.0,"event_name":"Big Fish","player_choice":"Box","floor":3.0,"gold_loss":0.0,"damage_taken":0.0,"relics_obtained":["Unceasing Top"],"cards_obtained":["Regret"]},{"damage_healed":0.0,"max_hp_gain":0.0,"max_hp_loss":0.0,"gold_gain":0.0,"event_name":"Mushrooms","player_choice":"Fought Mushrooms","floor":10.0,"gold_loss":0.0,"damage_taken":0.0},{"damage_healed":0.0,"max_hp_gain":0.0,"max_hp_loss":0.0,"gold_gain":0.0,"event_name":"WeMeetAgain","player_choice":"Gave Potion","floor":12.0,"gold_loss":0.0,"damage_taken":0.0,"relics_obtained":["Centennial Puzzle"]},{"damage_healed":0.0,"max_hp_gain":0.0,"max_hp_loss":0.0,"gold_gain":0.0,"event_name":"Lab","player_choice":"Got Potions","floor":22.0,"gold_loss":0.0,"damage_taken":0.0},{"damage_healed":0.0,"max_hp_gain":0.0,"max_hp_loss":0.0,"gold_gain":0.0,"event_name":"The Mausoleum","player_choice":"Opened","floor":27.0,"gold_loss":0.0,"damage_taken":0.0,"relics_obtained":["Meat on the Bone"]},{"damage_healed":0,"gold_gain":0,"player_choice":"Forge","damage_taken":0,"max_hp_gain":0,"max_hp_loss":0,"event_name":"Accursed Blacksmith","floor":37,"gold_loss":0,"cards_upgraded":["KiyohimeMod:Track"]},{"damage_healed":0,"gold_gain":0,"player_choice":"Fight","damage_taken":0,"max_hp_gain":0,"max_hp_loss":0,"event_name":"Mysterious Sphere","floor":44,"gold_loss":0},{"damage_healed":0,"gold_gain":0,"player_choice":"Fight","damage_taken":0,"max_hp_gain":0,"max_hp_loss":0,"event_name":"MindBloom","floor":46,"gold_loss":0}],"is_beta":false,"boss_relics":[{"not_picked":["Busted Crown","Pandora\u0027s Box"],"picked":"Dota2Spire:Bloodstone"},{"not_picked":["Black Star","Snecko Eye"],"picked":"Empty Cage"}],"items_purged_floors":[11,21,36],"is_endless":false,"potions_floor_spawned":[5,10,13,14,19,25,29,33,44,46,48],"ascension_level":7}}