{"host":"szp1d6dso4pv7ddl","time":1608866031,"event":{"mods":["AchievementEnabler","Alarm Clock","BaseMod","Bestiary","Block Reminder","Colored Map","Colored Powertips","Curses Come First","Displayed Cursed Tome","Highlight Path","Minty Spire (QoL Compilation)","Permanent Neow","Quick Restart","Relic Sorter","Relic Stats","StSLib","Synergy Search"],"gold_per_floor":[118,135,148,148,167,167,199,212,261,318,283,309,309,323,323,421,421,435,130,140,155,155,155,155,166,166,166,183,183,196,211,211,306,306,323,323,373,387,458,484,484,501,501,80,80,98,114,124,124,124,124,124,18,43,43,43],"floor_reached":55,"playtime":4459,"items_purged":["Strike_G"],"score":1107,"play_id":"e4682506-8d90-4c0f-bbaa-44aa79c868d5","local_time":"20201224191351","is_ascension_mode":true,"campfire_choices":[{"floor":6,"key":"REST"},{"floor":13,"key":"REST"},{"data":"Prepared","floor":15,"key":"SMITH"},{"floor":23,"key":"REST"},{"floor":27,"key":"RECALL"},{"floor":29,"key":"REST"},{"floor":32,"key":"REST"},{"floor":41,"key":"REST"},{"floor":49,"key":"REST"},{"data":"1","floor":52,"key":"LIFT"}],"circlet_count":0,"master_deck":["AscendersBane","Strike_G","Strike_G","Strike_G","Defend_G","Defend_G","Defend_G","Survivor","Neutralize","Dagger Throw+1","Tools of the Trade+1","Bane+1","All Out Attack","Underhanded Strike","Masterful Stab","Prepared+1","Tactician","Adrenaline","Underhanded Strike","Panacea","Underhanded Strike","Burst","Dagger Throw","Acrobatics","Underhanded Strike","Adrenaline","Underhanded Strike+1","Deflect+1","Backflip+1","Backflip+1","Dash+1","Backflip","Acrobatics+1","Underhanded Strike+1","Underhanded Strike+1","Backflip"],"relics":["Astrolabe","InkBottle","Ornamental Fan","Regal Pillow","Bag of Marbles","Fusion Hammer","DollysMirror","Gremlin Horn","Runic Dome","Girya","Pear","Molten Egg 2","Tingsha","Incense Burner"],"acts_visited":["Exordium","TheCity","TheBeyond","TheEnding"],"potions_floor_usage":[12,12,16,33,33,48,50,50],"damage_taken":[{"damage":2,"enemies":"Cultist","floor":1,"turns":4},{"damage":4,"enemies":"Jaw Worm","floor":2,"turns":3},{"damage":0,"enemies":"Small Slimes","floor":3,"turns":3},{"damage":0,"enemies":"2 Fungi Beasts","floor":5,"turns":1},{"damage":34,"enemies":"Lagavulin","floor":7,"turns":6},{"damage":4,"enemies":"Looter","floor":8,"turns":2},{"damage":12,"enemies":"3 Sentries","floor":12,"turns":4},{"damage":2,"enemies":"Exordium Wildlife","floor":14,"turns":2},{"damage":14,"enemies":"Slime Boss","floor":16,"turns":8},{"damage":17,"enemies":"2 Thieves","floor":18,"turns":3},{"damage":2,"enemies":"Spheric Guardian","floor":20,"turns":3},{"damage":25,"enemies":"Snake Plant","floor":21,"turns":4},{"damage":14,"enemies":"Snecko","floor":25,"turns":4},{"damage":0,"enemies":"Centurion and Healer","floor":28,"turns":3},{"damage":1,"enemies":"Snake Plant","floor":30,"turns":3},{"damage":0,"enemies":"Sentry and Sphere","floor":31,"turns":3},{"damage":2,"enemies":"Automaton","floor":33,"turns":8},{"damage":10,"enemies":"3 Darklings","floor":35,"turns":3},{"damage":8,"enemies":"Mind Bloom Boss Battle","floor":37,"turns":4},{"damage":3,"enemies":"Orb Walker","floor":38,"turns":2},{"damage":56,"enemies":"Reptomancer","floor":40,"turns":6},{"damage":0,"enemies":"Sphere and 2 Shapes","floor":42,"turns":3},{"damage":0,"enemies":"Jaw Worm Horde","floor":46,"turns":2},{"damage":0,"enemies":"Writhing Mass","floor":47,"turns":5},{"damage":0,"enemies":"Transient","floor":48,"turns":5},{"damage":56,"enemies":"Awakened One","floor":50,"turns":13},{"damage":0,"enemies":"Shield and Spear","floor":54,"turns":4},{"damage":95,"enemies":"The Heart","floor":55,"turns":5}],"seed_played":"4882658315683812096","potions_obtained":[{"floor":2,"key":"PowerPotion"},{"floor":3,"key":"ColorlessPotion"},{"floor":12,"key":"Fire Potion"},{"floor":14,"key":"CultistPotion"},{"floor":16,"key":"SneckoOil"},{"floor":18,"key":"Poison Potion"},{"floor":21,"key":"GhostInAJar"},{"floor":33,"key":"SkillPotion"},{"floor":35,"key":"CunningPotion"}],"is_trial":false,"path_per_floor":["M","M","M","?","M","R","E","M","T","?","?","E","R","M","R","B",null,"M","$","M","M","?","R","?","M","T","R","M","R","M","M","R","B",null,"M","?","?","M","T","E","R","M","T","$","?","M","M","M","R","B",null,"R","$","E","B"],"character_chosen":"THE_SILENT","items_purchased":["DollysMirror","Panacea","Tingsha","Dash+1","GhostInAJar","Underhanded Strike+1","Backflip"],"campfire_rested":7,"item_purchase_floors":[19,19,44,44,44,53,53],"current_hp_per_floor":[61,57,57,45,45,66,32,28,28,28,45,33,69,67,67,53,66,49,49,47,22,9,46,71,57,57,57,57,75,74,74,75,73,75,65,65,57,54,64,8,48,48,48,48,48,48,48,48,81,25,67,67,67,67,0,0],"gold":43,"neow_bonus":"BOSS_RELIC","is_daily":false,"chose_seed":false,"campfire_upgraded":1,"win_rate":0.0,"timestamp":1608866031,"path_taken":["M","?","M","?","M","R","E","M","T","?","?","E","R","M","R","BOSS","M","$","M","M","?","R","?","M","T","R","M","R","M","M","R","BOSS","M","?","?","M","?","E","R","M","T","$","?","M","M","M","R","BOSS","R","$","E","BOSS"],"items_purchased_type":["Relic","Card","Relic","Card","Potion","Card","Card"],"build_version":"2020-12-22","purchased_purges":1,"victory":false,"max_hp_per_floor":[70,70,70,70,70,70,70,70,70,70,70,70,70,70,70,70,70,70,70,70,70,75,75,75,75,75,75,75,75,75,75,75,75,75,75,75,75,75,85,85,85,85,85,85,81,81,81,81,81,81,81,81,81,81,81,81],"relic_stats":{"Regal Pillow":54,"Gremlin Horn":[20,20],"counters":[28,116],"Ornamental Fan":[412],"Astrolabe":["Dagger Throw","Tools of the Trade","Bane"],"Tingsha":[241],"obtain_stats":[{"Girya":37,"Regal Pillow":9,"Pear":39,"Gremlin Horn":26,"Astrolabe":0,"Tingsha":44,"Incense Burner":54,"Runic Dome":34,"Ornamental Fan":7,"DollysMirror":19,"Molten Egg 2":40,"Fusion Hammer":17,"Bag of Marbles":12,"InkBottle":4,"Ring of the Snake":0},{"Girya":19,"Regal Pillow":6,"Pear":20,"Gremlin Horn":13,"Astrolabe":0,"Tingsha":22,"Incense Burner":27,"Runic Dome":17,"Ornamental Fan":5,"DollysMirror":10,"Molten Egg 2":21,"Fusion Hammer":9,"Bag of Marbles":7,"InkBottle":3,"Ring of the Snake":0},{"Girya":71,"Regal Pillow":19,"Pear":73,"Gremlin Horn":47,"Astrolabe":0,"Tingsha":82,"Incense Burner":111,"Runic Dome":64,"Ornamental Fan":17,"DollysMirror":36,"Molten Egg 2":79,"Fusion Hammer":33,"Bag of Marbles":23,"InkBottle":10,"Ring of the Snake":0}],"InkBottle":[66]},"card_choices":[{"not_picked":["Acrobatics","Dodge and Roll"],"picked":"All Out Attack","floor":1},{"not_picked":["Cloak And Dagger","Dodge and Roll"],"picked":"Underhanded Strike","floor":2},{"not_picked":["Deadly Poison","Poisoned Stab"],"picked":"Masterful Stab","floor":3},{"not_picked":["Bouncing Flask","Accuracy","Dash"],"picked":"SKIP","floor":5},{"not_picked":["Bane","Endless Agony"],"picked":"Prepared","floor":7},{"not_picked":["Deadly Poison","Dagger Throw"],"picked":"Tactician","floor":8},{"not_picked":["Flying Knee","Poisoned Stab","Sucker Punch"],"picked":"SKIP","floor":12},{"not_picked":["Sucker Punch","Bane"],"picked":"Adrenaline","floor":14},{"not_picked":["PiercingWail+1","Riddle With Holes","Poisoned Stab"],"picked":"SKIP","floor":18},{"not_picked":["Masterful Stab","PiercingWail+1","Dash+1"],"picked":"SKIP","floor":20},{"not_picked":["Riddle With Holes","Bane+1"],"picked":"Underhanded Strike","floor":21},{"not_picked":["Sucker Punch","Flechettes+1"],"picked":"Burst","floor":25},{"not_picked":["PiercingWail","All Out Attack"],"picked":"Dagger Throw","floor":28},{"not_picked":["Backflip","Sucker Punch"],"picked":"Acrobatics","floor":30},{"not_picked":["Flying Knee","Escape Plan+1"],"picked":"Underhanded Strike","floor":31},{"not_picked":["Venomology","Storm of Steel"],"picked":"Adrenaline","floor":33},{"not_picked":["Choke+1","Cloak And Dagger+1","PiercingWail"],"picked":"SKIP","floor":35},{"not_picked":["PiercingWail","Quick Slash"],"picked":"Underhanded Strike+1","floor":37},{"not_picked":["Predator+1","Cloak And Dagger"],"picked":"Deflect+1","floor":38},{"not_picked":["Bouncing Flask","Predator+1"],"picked":"Backflip+1","floor":40},{"not_picked":["Leg Sweep+1","Accuracy"],"picked":"Backflip+1","floor":42},{"not_picked":["Backstab+1","Finisher+1"],"picked":"Backflip","floor":46},{"not_picked":["Flying Knee+1","Venomology"],"picked":"Acrobatics+1","floor":47},{"not_picked":["Prepared","PiercingWail+1"],"picked":"Underhanded Strike+1","floor":48},{"not_picked":["Bouncing Flask+1","Dagger Spray+1","Poisoned Stab+1"],"picked":"SKIP","floor":54}],"player_experience":1002544,"relics_obtained":[{"floor":7,"key":"Ornamental Fan"},{"floor":9,"key":"Regal Pillow"},{"floor":12,"key":"Bag of Marbles"},{"floor":26,"key":"Gremlin Horn"},{"floor":37,"key":"Girya"},{"floor":39,"key":"Pear"},{"floor":40,"key":"Molten Egg 2"},{"floor":54,"key":"Incense Burner"}],"event_choices":[{"damage_healed":0,"gold_gain":0,"player_choice":"Success","damage_taken":12,"relics_obtained":["InkBottle"],"max_hp_gain":0,"max_hp_loss":0,"event_name":"Scrap Ooze","floor":4,"gold_loss":0},{"damage_healed":0,"gold_gain":57,"player_choice":"Gained Gold","damage_taken":0,"max_hp_gain":0,"max_hp_loss":0,"event_name":"Golden Wing","floor":10,"gold_loss":0},{"damage_healed":17,"gold_gain":0,"player_choice":"Healed","damage_taken":0,"max_hp_gain":0,"max_hp_loss":0,"event_name":"The Cleric","floor":11,"gold_loss":35},{"damage_healed":0,"gold_gain":0,"player_choice":"Shed Blood","damage_taken":18,"max_hp_gain":5,"max_hp_loss":0,"event_name":"Forgotten Altar","floor":22,"gold_loss":0},{"damage_healed":25,"gold_gain":0,"player_choice":"Heal","damage_taken":0,"max_hp_gain":0,"max_hp_loss":0,"event_name":"The Library","floor":24,"gold_loss":0},{"damage_healed":0,"gold_gain":0,"player_choice":"Ignored","damage_taken":0,"max_hp_gain":0,"max_hp_loss":0,"event_name":"Tomb of Lord Red Mask","floor":36,"gold_loss":0},{"damage_healed":0,"gold_gain":0,"player_choice":"Fight","damage_taken":0,"max_hp_gain":0,"max_hp_loss":0,"event_name":"MindBloom","floor":37,"gold_loss":0},{"damage_healed":0,"gold_gain":0,"player_choice":"Max HP","damage_taken":0,"max_hp_gain":0,"max_hp_loss":4,"event_name":"Winding Halls","floor":45,"gold_loss":0}],"is_beta":false,"boss_relics":[{"not_picked":["Snecko Eye","Runic Pyramid"],"picked":"Fusion Hammer"},{"not_picked":["Coffee Dripper","WristBlade"],"picked":"Runic Dome"}],"items_purged_floors":[19],"is_endless":false,"potions_floor_spawned":[2,3,12,14,16,18,21,33,35,38,46],"killed_by":"The Heart","ascension_level":10}}