{"host":"fxrgx7wt2cpkbhka","time":1608870327,"event":{"mods":["AchievementEnabler","BaseMod","Colored Powertips","Minty Spire (QoL Compilation)","Permanent Neow","Slay-I","StSLib","Waifu the Spire"],"gold_per_floor":[214,214,224,6,22,22,58,58,58,68,68,111,111,41,41,148,148,172,181,25,49,67,67,67,92,92,92,7,7,7,7,7,114,114,135,190,35,94,107,107,107,36,36,36,48,48,48,48],"floor_reached":47,"playtime":1612,"items_purged":["Strike_P"],"score":448,"play_id":"4f539a9c-4d48-41e4-b63e-8fa0b0b51c43","local_time":"20201224202527","is_ascension_mode":true,"campfire_choices":[{"data":"Eruption","floor":6,"key":"SMITH"},{"data":"CutThroughFate","floor":8,"key":"SMITH"},{"data":"BowlingBash","floor":13,"key":"SMITH"},{"data":"LikeWater","floor":15,"key":"SMITH"},{"data":"Blasphemy","floor":23,"key":"SMITH"},{"data":"Wallop","floor":24,"key":"SMITH"},{"data":"TalkToTheHand","floor":29,"key":"SMITH"},{"data":"Vigilance","floor":32,"key":"SMITH"},{"data":"Wallop","floor":40,"key":"SMITH"},{"data":"FlurryOfBlows","floor":41,"key":"SMITH"},{"data":"Adaptation","floor":44,"key":"SMITH"}],"circlet_count":0,"master_deck":["Strike_P+1","Strike_P+1","Strike_P+1","Defend_P+1","Defend_P+1","Defend_P+1","Defend_P+1","Eruption+1","Vigilance+1","Halt","CutThroughFate+1","FollowUp","Vengeance","BowlingBash+1","LikeWater+1","Blasphemy+1","Worship","Wallop+1","BattleHymn","TalkToTheHand+1","Judgement","Wallop+1","FlurryOfBlows+1","SandsOfTime+1","Adaptation+1"],"relics":["HolyWater","HornCleat","Akabeko","CeramicFish","Bird Faced Urn","WingedGreaves","Lee\u0027s Waffle","Shuriken","Kunai","MutagenicStrength","VioletLotus","Pocketwatch","Bronze Scales","Torii","Pantograph"],"acts_visited":["Exordium","TheCity","TheBeyond"],"potions_floor_usage":[16,16,22,33,36,45,47],"damage_taken":[{"damage":0,"enemies":"2 Louse","floor":1,"turns":3},{"damage":1,"enemies":"Jaw Worm","floor":3,"turns":3},{"damage":0,"enemies":"Small Slimes","floor":5,"turns":2},{"damage":16,"enemies":"Gremlin Nob","floor":7,"turns":4},{"damage":0,"enemies":"Blue Slaver","floor":10,"turns":2},{"damage":9,"enemies":"3 Sentries","floor":12,"turns":6},{"damage":11,"enemies":"Hexaghost","floor":16,"turns":10},{"damage":0,"enemies":"Chosen","floor":18,"turns":4},{"damage":7,"enemies":"Spheric Guardian","floor":21,"turns":4},{"damage":0,"enemies":"Cultist and Chosen","floor":22,"turns":4},{"damage":5,"enemies":"Shelled Parasite and Fungi","floor":25,"turns":3},{"damage":49,"enemies":"Champ","floor":33,"turns":11},{"damage":0,"enemies":"3 Shapes","floor":35,"turns":4},{"damage":23,"enemies":"2 Orb Walkers","floor":36,"turns":4},{"damage":0,"enemies":"Mind Bloom Boss Battle","floor":38,"turns":4},{"damage":0,"enemies":"Orb Walker","floor":39,"turns":2},{"damage":8,"enemies":"Spire Growth","floor":45,"turns":4},{"damage":80,"enemies":"Nemesis","floor":47,"turns":4}],"seed_played":"5037460149302507440","potions_obtained":[{"floor":7,"key":"DistilledChaos"},{"floor":12,"key":"Dexterity Potion"},{"floor":16,"key":"Explosive Potion"},{"floor":21,"key":"AttackPotion"},{"floor":25,"key":"AttackPotion"},{"floor":33,"key":"BottledMiracle"},{"floor":36,"key":"CultistPotion"},{"floor":45,"key":"EntropicBrew"}],"is_trial":false,"path_per_floor":["M","?","M","$","M","R","E","R","T","M","?","E","R","$","R","B",null,"M","?","$","M","M","R","R","M","T","?","?","R","?","$","R","B",null,"M","?","$","?","M","R","R","$","T","R","M","?","E"],"character_chosen":"WATCHER","items_purchased":["Akabeko","LikeWater","Lee\u0027s Waffle","Bronze Scales","Adaptation"],"campfire_rested":0,"item_purchase_floors":[4,14,20,37,42],"current_hp_per_floor":[72,54,53,53,53,53,37,37,37,37,37,28,28,28,28,19,72,72,72,79,72,76,76,76,73,73,73,73,73,73,73,73,28,79,79,58,58,62,62,62,62,62,62,62,56,56,0,0],"gold":48,"neow_bonus":"HUNDRED_GOLD","is_daily":false,"chose_seed":false,"campfire_upgraded":11,"win_rate":0.0,"timestamp":1608870327,"path_taken":["M","?","M","$","M","R","E","R","T","M","?","E","R","$","R","BOSS","M","?","$","M","M","R","R","M","T","?","?","R","?","?","R","BOSS","M","?","$","?","M","R","R","$","T","R","M","?","E"],"items_purchased_type":["Relic","Card","Relic","Relic","Card"],"build_version":"2020-12-22","purchased_purges":1,"victory":false,"max_hp_per_floor":[72,72,72,72,72,72,72,72,72,72,72,72,72,72,72,72,72,72,72,79,79,79,79,79,79,79,79,79,79,79,79,79,79,79,79,79,79,79,79,79,79,79,79,79,79,79,79,79],"card_choices":[{"not_picked":["FlyingSleeves","ClearTheMind"],"picked":"Halt","floor":1},{"not_picked":["ClearTheMind","Crescendo"],"picked":"CutThroughFate","floor":3},{"not_picked":["ThirdEye","InnerPeace"],"picked":"FollowUp","floor":5},{"not_picked":["Evaluate","FlyingSleeves"],"picked":"Vengeance","floor":7},{"not_picked":["Protect","PathToVictory","SashWhip"],"picked":"SKIP","floor":10},{"not_picked":["MentalFortress","Devotion"],"picked":"BowlingBash","floor":12},{"not_picked":["Omniscience","Wish"],"picked":"Blasphemy","floor":16},{"not_picked":["SashWhip","ClearTheMind"],"picked":"Worship","floor":18},{"not_picked":["WaveOfTheHand","Consecrate"],"picked":"BattleHymn","floor":21},{"not_picked":["Meditate+1","CrushJoints","Evaluate"],"picked":"SKIP","floor":22},{"not_picked":["Crescendo","Consecrate"],"picked":"TalkToTheHand","floor":25},{"not_picked":["MasterReality","Brilliance"],"picked":"Judgement","floor":33},{"not_picked":["WreathOfFlame+1","Collect"],"picked":"Wallop","floor":35},{"not_picked":["FollowUp+1","SashWhip"],"picked":"FlurryOfBlows","floor":36},{"not_picked":["FollowUp","Wallop"],"picked":"SandsOfTime+1","floor":38},{"not_picked":["InnerPeace","Indignation+1","Adaptation"],"picked":"SKIP","floor":39},{"not_picked":["Study+1","Consecrate","Protect+1"],"picked":"SKIP","floor":45}],"player_experience":683311,"relics_obtained":[{"floor":7,"key":"CeramicFish"},{"floor":9,"key":"Bird Faced Urn"},{"floor":12,"key":"WingedGreaves"},{"floor":26,"key":"Shuriken"},{"floor":36,"key":"Pocketwatch"},{"floor":38,"key":"Torii"},{"floor":43,"key":"Pantograph"}],"event_choices":[{"damage_healed":0,"gold_gain":0,"player_choice":"Success","damage_taken":18,"relics_obtained":["HornCleat"],"max_hp_gain":0,"max_hp_loss":0,"event_name":"Scrap Ooze","floor":2,"gold_loss":0},{"damage_healed":0,"gold_gain":0,"player_choice":"Ignored","damage_taken":0,"max_hp_gain":0,"max_hp_loss":0,"event_name":"Golden Idol","floor":11,"gold_loss":0},{"damage_healed":0,"gold_gain":0,"player_choice":"Read","damage_taken":0,"max_hp_gain":0,"max_hp_loss":0,"event_name":"The Library","floor":19,"gold_loss":0,"cards_obtained":["Wallop"]},{"damage_healed":0,"gold_gain":0,"player_choice":"Simplicity","damage_taken":0,"max_hp_gain":0,"max_hp_loss":0,"event_name":"Back to Basics","floor":27,"gold_loss":0,"cards_upgraded":["Strike_P","Strike_P","Strike_P","Defend_P","Defend_P","Defend_P","Defend_P"]},{"damage_healed":0,"gold_gain":0,"player_choice":"Obtained Relic","damage_taken":0,"relics_obtained":["Kunai"],"max_hp_gain":0,"max_hp_loss":0,"event_name":"Addict","floor":28,"gold_loss":85},{"damage_healed":0,"gold_gain":0,"player_choice":"Inject Mutagens","damage_taken":0,"relics_obtained":["MutagenicStrength"],"max_hp_gain":0,"max_hp_loss":0,"event_name":"Drug Dealer","floor":30,"gold_loss":0},{"damage_healed":0,"gold_gain":0,"player_choice":"Fight","damage_taken":0,"max_hp_gain":0,"max_hp_loss":0,"event_name":"Mysterious Sphere","floor":36,"gold_loss":0},{"damage_healed":0,"gold_gain":0,"player_choice":"Fight","damage_taken":0,"max_hp_gain":0,"max_hp_loss":0,"event_name":"MindBloom","floor":38,"gold_loss":0},{"damage_healed":0,"gold_gain":0,"player_choice":"Memory 1","damage_taken":0,"max_hp_gain":0,"max_hp_loss":0,"event_name":"SensoryStone","floor":46,"gold_loss":0}],"is_beta":false,"boss_relics":[{"not_picked":["Ectoplasm","Cursed Key"],"picked":"HolyWater"},{"not_picked":["Pandora\u0027s Box","Snecko Eye"],"picked":"VioletLotus"}],"items_purged_floors":[4],"is_endless":false,"potions_floor_spawned":[7,12,16,21,25,33,36,45],"killed_by":"Nemesis","ascension_level":1}}