{"host":"mnbcmacrd1psrd1k","time":1608863139,"event":{"mods":["2.2 Compatiblity","AchievementEnabler","Act Like it!","AlwaysNeverKeys","Aspiration","BaseMod","Better Note","CapriCore","Colored Map","Colored Powertips","Conspire","Downfall","Elementarium","Energized Spire","Friendly Minions","GifTheSpireLib","Googly Eyes","Halation","Hallownest","Highlight Path","Infinite Spire","Marked Mod","Menagerie","Minty Spire (QoL Compilation)","Permanent Neow","Quarter Circle Forward PUNCH!","Quick Restart","RRrroohrrRGHHhhh!!","Rare Cards Sparkle","Relic Sorter","Replay The Spire","Robot Space Explorer","Shop Mod","Small Relic Pack","Spikes Relics","Spire Birthday Party","StSLib","Stuff the Spire","SuperFastMode","The Animator","The Blue Laboratory","The Bug Knight","The Jungle","TheVacant","Trackpad","Treasure Hunter","Unceasing Turn Reminder","Wandering Minibosses","noobMod","slay the spire mod where everything is the same but ironclad has a cowboy hat","thorton","vexMod"],"gold_per_floor":[142,184,184,204,204,204,243,258,263,69,95,110,131,157,160,268,273,278,278],"floor_reached":18,"playtime":1291,"items_purged":[],"score":197,"play_id":"1b7e909f-9edf-464a-90fd-f167e2eb467f","local_time":"20201224202539","is_ascension_mode":false,"campfire_choices":[{"floor":6,"key":"REST"},{"data":"animator:Arpeggio","floor":15,"key":"SMITH"}],"circlet_count":0,"master_deck":["animator:Strike_MadokaMagica","animator:Defend_MadokaMagica","animator:Strike","animator:Strike","animator:Strike","animator:Defend","animator:Defend","animator:IrohaTamaki","animator:YuiTsuruno","animator:Arpeggio+1","animator:Rider","animator:MamiTomoe+1","animator:SayakaMiki","animator:KyokoSakura+1","animator:Lancer","animator:PandorasActor","animator:OrikoMikuni","animator:Father","CurseOfTheBell"],"relics":["animator:LivingPicture","animator:TheMissingPiece","ice","Hallownest:DreamNailRelic","relicPack:DSword","thethorton:BankDeed","ReplayTheSpireMod:Ninjato","ClockworkSouvenir","qcfpunch:Fighting_Gloves","Calling Bell","Oddly Smooth Stone","Mirror","Turnip"],"acts_visited":["Exordium","Hallownest:Greenpath"],"potions_floor_usage":[16,18],"damage_taken":[{"damage":1,"enemies":"2_ Uuma","floor":1,"turns":6},{"damage":15,"enemies":"Hallownest:2_Tiktiks_and_1_Crawlid","floor":4,"turns":4},{"damage":13,"enemies":"Hallownest:eliteMossKnight","floor":7,"turns":6},{"damage":7,"enemies":"Hallownest:monsterHuskGuard","floor":8,"turns":4},{"damage":8,"enemies":"Hallownest:eliteCrystalGuardian","floor":11,"turns":5},{"damage":0,"enemies":"Hallownest:monsterAspidMother","floor":12,"turns":4},{"damage":6,"enemies":"Hallownest:1_Ooma_and_2_Uuma","floor":13,"turns":5},{"damage":10,"enemies":"Hallownest:Guard_and_Warrior","floor":14,"turns":5},{"damage":6,"enemies":"Hallownest:BossBrokenVessel","floor":16,"turns":7},{"damage":5,"enemies":"theJungle:MUSHROOMGANG","floor":18,"turns":5}],"seed_played":"-4335730934713236721","potions_obtained":[{"floor":4,"key":"blueLaboratory:ForbiddenFruitJuice"},{"floor":7,"key":"Milkshake"},{"floor":11,"key":"LiquidBronze"}],"is_trial":false,"path_per_floor":["M","?","?","M","?","R","E","M","T","$","E","M","M","M","R","B",null,"M"],"character_chosen":"THE_ANIMATOR","items_purchased":["animator:KyokoSakura","ClockworkSouvenir"],"campfire_rested":1,"item_purchase_floors":[10,10],"current_hp_per_floor":[65,65,65,50,15,34,21,15,15,15,7,7,1,57,57,51,76,71,71],"gold":278,"neow_bonus":"REMOVE_CARD","is_daily":false,"chose_seed":false,"campfire_upgraded":1,"win_rate":0.0,"timestamp":1608863139,"path_taken":["M","?","?","?","?","R","E","M","T","$","E","M","?","M","R","BOSS","M"],"items_purchased_type":["Card","Relic"],"build_version":"2020-12-22","purchased_purges":0,"victory":false,"max_hp_per_floor":[66,66,66,66,66,66,66,67,67,67,67,67,67,69,69,76,76,81,81],"card_choices":[{"not_picked":["animator:Bozes","animator:YuiTsuruno"],"picked":"animator:Arpeggio","floor":1},{"not_picked":["animator:Illya","animator:Entoma"],"picked":"animator:Rider","floor":4},{"not_picked":["animator:Lancer","animator:Arpeggio"],"picked":"animator:MamiTomoe","floor":7},{"not_picked":["TH:DeckOfManyThings","TH:Mimic"],"picked":"SKIP","floor":7},{"not_picked":["animator:YuiTsuruno","animator:KyokoSakura"],"picked":"animator:SayakaMiki","floor":8},{"not_picked":["TH:TreasureMap","TH:DeckOfManyThings"],"picked":"SKIP","floor":9},{"not_picked":["animator:Shalltear","animator:Berserker"],"picked":"animator:Lancer","floor":11},{"not_picked":["TH:CursedSword","TH:CopperCoins"],"picked":"SKIP","floor":11},{"not_picked":["animator:GuildGirl","animator:Genos"],"picked":"animator:PandorasActor","floor":12},{"not_picked":["animator:Gluttony","animator:Witch","animator:PandorasActor"],"picked":"SKIP","floor":13},{"not_picked":["animator:YuiTsuruno","animator:KyokoSakura"],"picked":"animator:OrikoMikuni","floor":14},{"not_picked":["animator:GoblinSlayer","animator:Saber"],"picked":"animator:Father","floor":16}],"player_experience":657098,"relics_obtained":[{"floor":7,"key":"thethorton:BankDeed"},{"floor":9,"key":"ReplayTheSpireMod:Ninjato"},{"floor":11,"key":"qcfpunch:Fighting_Gloves"},{"floor":17,"key":"Oddly Smooth Stone"},{"floor":17,"key":"Mirror"},{"floor":17,"key":"Turnip"}],"event_choices":[],"is_beta":false,"boss_relics":[{"not_picked":["ReplayTheSpireMod:DimensionalGlitch","animator:CursedBlade"],"picked":"Calling Bell"}],"items_purged_floors":[],"is_endless":false,"potions_floor_spawned":[4,7,11,12],"killed_by":"theJungle:MUSHROOMGANG","ascension_level":0}}