{"host":"bebwmhhch11ak7yk","time":1608901329,"event":{"mods":["Act Like it!","Aspiration","BaseMod","Better Skull","Better Third Choice","Colored Powertips","Elementarium","Fiend Mod","Hermit","Hunter ??","Kratos Character Expansion","Luminous","Minty Spire (QoL Compilation)","Replay The Spire","SIMod","StSLib","The Animator","The Blackbeard","The Bladedancer","The Bug Knight","The Cursed","The Disciple","The Necromancer","The Servant 0.9.4","The Vixen"],"gold_per_floor":[112,112,112,128,138,166,16,16,16,40,116,136,136,146,146,146,146],"floor_reached":16,"playtime":1041,"items_purged":[],"score":100,"play_id":"78edfdb1-1d0c-44ec-a2dd-384bdd027993","local_time":"20201225140209","is_ascension_mode":false,"campfire_choices":[],"circlet_count":0,"master_deck":["Strike_W","Strike_W","Strike_W","Strike_W","Defend_W","Defend_W","Defend_W","Defend_W","Negative_Energy_Arrows","Bone_Wall","Bones_to_Steel+1","Flesh_Made_Foul","Uncharnel","Negative_Energy_Shield","Spectral_Armor+1","Cloudkill","Injury","Cloudkill","Vampiric_Strike","Plague_Bolt","Summon_Undead_Army+1","Negative_Energy_Javelin"],"relics":["Vampire_Amulet","NeowsBlessing","Prayer Wheel","Frozen Egg 2","Odd Mushroom"],"acts_visited":["Exordium"],"potions_floor_usage":[6,14,16,16,16],"damage_taken":[{"damage":0,"enemies":"Small Slimes","floor":1,"turns":1},{"damage":2,"enemies":"Cultist","floor":4,"turns":1},{"damage":0,"enemies":"Jaw Worm","floor":5,"turns":1},{"damage":46,"enemies":"3 Sentries","floor":6,"turns":12},{"damage":20,"enemies":"The Mushroom Lair","floor":10,"turns":7},{"damage":5,"enemies":"Looter","floor":12,"turns":3},{"damage":0,"enemies":"Blue Slaver","floor":14,"turns":5},{"damage":5,"enemies":"The Guardian","floor":16,"turns":4}],"seed_played":"6652341183483445827","potions_obtained":[{"floor":5,"key":"Dexterity Potion"},{"floor":10,"key":"SkillPotion"},{"floor":14,"key":"Explosive Potion"},{"floor":15,"key":"Energy Potion"},{"floor":15,"key":"Strength Potion"}],"is_trial":false,"path_per_floor":["M","?","$","M","M","E","$","?","T","?","T","M","?","M","R","B"],"character_chosen":"NECROMANCER","items_purchased":["Cloudkill"],"campfire_rested":0,"item_purchase_floors":[7],"current_hp_per_floor":[75,75,75,75,75,35,35,35,35,21,21,18,3,5,5,0,0],"gold":146,"neow_bonus":"THREE_ENEMY_KILL","is_daily":false,"chose_seed":false,"campfire_upgraded":0,"win_rate":0.0,"timestamp":1608901329,"path_taken":["M","?","$","?","M","E","$","?","T","?","?","M","?","M","R","BOSS"],"items_purchased_type":["Card"],"build_version":"2020-12-22","purchased_purges":0,"victory":false,"max_hp_per_floor":[75,75,75,75,75,75,75,75,75,75,75,75,75,75,75,75,75],"card_choices":[{"not_picked":["Death_March_Dance","Corrupt"],"picked":"Bones_to_Steel","floor":1},{"not_picked":["Blood_Whip","Chill_Blood"],"picked":"Uncharnel","floor":4},{"not_picked":["Pandemic","Bone_Shift"],"picked":"Negative_Energy_Shield","floor":5},{"not_picked":["Death_March_Dance","Blood_Curse"],"picked":"Spectral_Armor","floor":6},{"not_picked":["Bones_to_Steel","Negative_Energy_Javelin"],"picked":"Cloudkill","floor":10},{"not_picked":["Negative_Energy_Sphere","Life_Drain"],"picked":"Vampiric_Strike","floor":12},{"not_picked":["Negative_Energy_Javelin","Negative_Energy_Sphere"],"picked":"Plague_Bolt","floor":12},{"not_picked":["Corrupt","Bone_Prison"],"picked":"Summon_Undead_Army+1","floor":14},{"not_picked":["Corrupt","Necromantic_Selection"],"picked":"Negative_Energy_Javelin","floor":14}],"player_experience":342203,"relics_obtained":[{"floor":6,"key":"Prayer Wheel"},{"floor":10,"key":"Odd Mushroom"}],"event_choices":[{"damage_healed":0,"gold_gain":0,"player_choice":"1 cards matched","damage_taken":0,"max_hp_gain":0,"max_hp_loss":0,"event_name":"Match and Keep!","floor":2,"gold_loss":0,"cards_obtained":["Flesh_Made_Foul"]},{"damage_healed":0,"gold_gain":0,"player_choice":"1 cards matched","damage_taken":0,"max_hp_gain":0,"max_hp_loss":0,"event_name":"Match and Keep!","floor":2,"gold_loss":0,"cards_obtained":["Flesh_Made_Foul"]},{"damage_healed":0,"gold_gain":0,"player_choice":"Fought Mushrooms","damage_taken":0,"max_hp_gain":0,"max_hp_loss":0,"event_name":"Mushrooms","floor":10,"gold_loss":0},{"damage_healed":18,"gold_gain":0,"player_choice":"Upgrade","damage_taken":15,"max_hp_gain":0,"max_hp_loss":75,"event_name":"betterThird:BetterShining","floor":13,"gold_loss":0,"cards_upgraded":["Bones_to_Steel","Spectral_Armor"]}],"is_beta":false,"boss_relics":[],"items_purged_floors":[],"is_endless":false,"potions_floor_spawned":[5,10,14],"killed_by":"The Guardian","ascension_level":0}}