{"host":"91yk4s6tcm9vi8ej","time":1608875523,"event":{"mods":["BaseMod","Colored Map","Colored Powertips","Highlight Path","Infinite Spire","Minty Spire (QoL Compilation)","Quick Restart","Replay The Spire","StSLib"],"gold_per_floor":[115,115,115,115,36,36,63,63,134,150,169,169,234,259,259,259,259],"floor_reached":16,"playtime":832,"items_purged":[],"score":156,"play_id":"ebd97e08-ba02-4cde-8fc5-33d70fdfa8d5","local_time":"20201225135203","is_ascension_mode":false,"campfire_choices":[{"data":"Well Laid Plans","floor":6.0,"key":"SMITH"},{"data":"Tactician","floor":12,"key":"SMITH"},{"floor":15,"key":"REST"}],"circlet_count":0,"master_deck":["Strike_G","Strike_G","Strike_G","Defend_G","Defend_G","Defend_G","Defend_G","Defend_G","Survivor","Neutralize","Prepared","Sucker Punch+1","Well Laid Plans+1","Catalyst","Tactician+1","Prepared","Envenom"],"relics":["Ring of the Snake","NeowsBlessing","ReplayTheSpireMod:Ring of Addiction","Chameleon Ring","SacredBark","Ring of Fury","Counterbalance","infinitespire:Eraser","ReplayTheSpireMod:Shallot","Smiling Mask"],"acts_visited":["Exordium"],"potions_floor_usage":[13,14,14],"damage_taken":[{"damage":0.0,"enemies":"Small Slimes","floor":1.0,"turns":1.0},{"damage":0.0,"enemies":"Lagavulin","floor":7.0,"turns":1.0},{"damage":0.0,"enemies":"Jaw Worm","floor":10.0,"turns":1.0},{"damage":0,"enemies":"Cultist","floor":11,"turns":4},{"damage":60,"enemies":"Lagavulin Event","floor":13,"turns":12},{"damage":0,"enemies":"Gremlin Nob","floor":14,"turns":2},{"damage":27,"enemies":"Hexaghost","floor":16,"turns":12}],"seed_played":"-997361373653309207","potions_obtained":[{"floor":1.0,"key":"Milkshake"},{"floor":2.0,"key":"LifebloodPotion"},{"floor":2.0,"key":"Block Potion"},{"floor":10,"key":"Fire Potion"}],"is_trial":false,"path_per_floor":["M","?","?","?","$","R","E","?","T","M","M","R","?","E","R","B"],"character_chosen":"THE_SILENT","items_purchased":["Well Laid Plans"],"campfire_rested":1,"item_purchase_floors":[5],"current_hp_per_floor":[70,70,70,70,70,68,68,68,66,66,66,66,4,4,23,0,0],"gold":259,"neow_bonus":"THREE_ENEMY_KILL","is_daily":false,"chose_seed":false,"campfire_upgraded":2,"win_rate":0.0,"timestamp":1608875523,"path_taken":["M","?","?","?","$","R","E","?","T","M","?","R","?","E","R","BOSS"],"items_purchased_type":["Card"],"build_version":"2020-12-22","purchased_purges":0,"victory":false,"max_hp_per_floor":[70,70,70,70,70,68,68,68,66,66,66,66,64,64,64,64,64],"card_choices":[{"not_picked":["Deflect","Dagger Spray"],"picked":"Prepared","floor":1.0},{"not_picked":["Cloak And Dagger","Dodge and Roll"],"picked":"Catalyst","floor":7.0},{"not_picked":["Acrobatics","Accuracy"],"picked":"Tactician","floor":10},{"not_picked":["Dagger Throw","Flying Knee"],"picked":"Prepared","floor":11},{"not_picked":["Dodge and Roll","Deflect"],"picked":"Envenom","floor":14}],"player_experience":95561,"relics_obtained":[{"floor":2.0,"key":"ReplayTheSpireMod:Ring of Addiction"},{"floor":2.0,"key":"Chameleon Ring"},{"floor":2.0,"key":"SacredBark"},{"floor":2.0,"key":"Ring of Fury"},{"floor":7.0,"key":"Counterbalance"},{"floor":9.0,"key":"infinitespire:Eraser"},{"floor":13,"key":"ReplayTheSpireMod:Shallot"},{"floor":14,"key":"Smiling Mask"}],"event_choices":[{"cards_removed":["Looming Evil"],"damage_healed":0.0,"max_hp_gain":0.0,"max_hp_loss":0.0,"gold_gain":0.0,"event_name":"Purifier","player_choice":"Purged","floor":8.0,"gold_loss":0.0,"damage_taken":0.0},{"damage_healed":0,"gold_gain":0,"player_choice":"Searched \u00271\u0027 times","damage_taken":0,"max_hp_gain":0,"max_hp_loss":0,"event_name":"Dead Adventurer","floor":13,"gold_loss":0}],"is_beta":false,"boss_relics":[],"items_purged_floors":[],"is_endless":false,"potions_floor_spawned":[1,10,11],"killed_by":"Hexaghost","ascension_level":0}}