{"host":"pyelotildgrd5mks","time":1608915884,"event":{"mods":["Alarm Clock","BaseMod","Downfall","Minty Spire (QoL Compilation)","Quick Restart","StSLib"],"gold_per_floor":[99,99,99,99,99,99,147,166,197,212,231,241,91,107,117,217,217,217,233,218,218,218,230,254,351,385,385,395,412,412,426,442,537,537,537,550,550,293,168,199,199,199,124,124,124,124],"floor_reached":44,"playtime":3222,"items_purged":["champ:DancingMaster","champ:Strike","champ:Defend"],"score":556,"play_id":"0339a64c-10f9-4319-9c85-f3a475f681d1","local_time":"20201226010444","is_ascension_mode":true,"campfire_choices":[{"floor":1.0,"key":"RECALL"},{"data":"champ:StanceDance","floor":13.0,"key":"SMITH"},{"data":"champ:SwordThrow","floor":18.0,"key":"SMITH"},{"data":"champ:Improvising","floor":27.0,"key":"SMITH"},{"data":"champ:GladiatorsShout","floor":30.0,"key":"SMITH"},{"data":"champ:LastStand","floor":35.0,"key":"SMITH"},{"data":"champ:SteelEdge","floor":43.0,"key":"SMITH"}],"circlet_count":0,"master_deck":["champ:Strike","champ:Strike","champ:Defend+1","champ:Defend","champ:Defend","champ:Execute","champ:Taunt+1","champ:GutPunch","champ:GladiatorStyle","champ:StanceDance+1","champ:RisingSlash","champ:GladiatorsShout+1","champ:Improvising+1","champ:SwordThrow+1","champ:BringItOn","champ:SkillfulDodge+1","champ:StanceDance+1","champ:CheapShot","champ:Backstep+1","champ:LastStand+1","champ:SteelEdge+1","Clumsy"],"relics":["champ:ChampionCrown","downfall:HeartsMalice","Bag of Preparation","War Paint","Lantern","downfall:HeartBlessingRed","downfall:HeartBlessingGreen","expansioncontent:StudyCardRelic","hexamod:BolsterEngine","TheAbacus","Akabeko","Cursed Key","OrangePellets","Shovel","downfall:HeartBlessingBlue"],"acts_visited":["Exordium","TheCity","TheBeyond"],"potions_floor_usage":[44,44],"damage_taken":[{"damage":0.0,"enemies":"2 Louse","floor":2.0,"turns":1.0},{"damage":0.0,"enemies":"downfall:FleeingMerchant","floor":4.0,"turns":1.0},{"damage":0.0,"enemies":"Cultist","floor":5.0,"turns":1.0},{"damage":3.0,"enemies":"Jaw Worm","floor":8.0,"turns":3.0},{"damage":33.0,"enemies":"Lagavulin","floor":9.0,"turns":6.0},{"damage":9.0,"enemies":"Red Slaver","floor":10.0,"turns":4.0},{"damage":11.0,"enemies":"Exordium Thugs","floor":11.0,"turns":4.0},{"damage":12.0,"enemies":"3 Louse","floor":12.0,"turns":4.0},{"damage":5.0,"enemies":"Blue Slaver","floor":14.0,"turns":2.0},{"damage":13.0,"enemies":"Exordium Thugs","floor":15.0,"turns":3.0},{"damage":60.0,"enemies":"downfall:Silent","floor":16.0,"turns":6.0},{"damage":10.0,"enemies":"Chosen","floor":19.0,"turns":4.0},{"damage":22.0,"enemies":"downfall:FleeingMerchant","floor":20.0,"turns":4.0},{"damage":0.0,"enemies":"Shell Parasite","floor":23.0,"turns":3.0},{"damage":8.0,"enemies":"downfall:FleeingMerchant","floor":25.0,"turns":4.0},{"damage":24.0,"enemies":"Gremlin Leader","floor":26.0,"turns":5.0},{"damage":17.0,"enemies":"Shelled Parasite and Fungi","floor":28.0,"turns":3.0},{"damage":4.0,"enemies":"Centurion and Healer","floor":29.0,"turns":3.0},{"damage":5.0,"enemies":"Snake Plant","floor":31.0,"turns":2.0},{"damage":8.0,"enemies":"Sentry and Sphere","floor":32.0,"turns":3.0},{"damage":48.0,"enemies":"downfall:Watcher","floor":33.0,"turns":7.0},{"damage":5.0,"enemies":"3 Shapes","floor":36.0,"turns":4.0},{"damage":21.0,"enemies":"Giant Head","floor":40.0,"turns":6.0},{"damage":9,"enemies":"Reptomancer","floor":44,"turns":1}],"seed_played":"-8997531890599255626","potions_obtained":[{"floor":8.0,"key":"ColorlessPotion"},{"floor":12.0,"key":"ColorlessPotion"},{"floor":15.0,"key":"champ:TechniquePotion"},{"floor":22.0,"key":"CultistPotion"},{"floor":28.0,"key":"DistilledChaos"}],"is_trial":false,"path_per_floor":["R","M","?","$","M","T","T","M","E","M","M","M","R","M","M","B",null,"R","M","$","?","?","M","T","$","E","R","M","M","R","M","M","B",null,"R","M","?","$","?","E","T","?","R","E"],"character_chosen":"THE_CHAMP","items_purchased":["TheAbacus","OrangePellets"],"campfire_rested":0,"item_purchase_floors":[25,38],"current_hp_per_floor":[90,90,90,90,90,90,90,90,72,66,63,61,61,61,61,41,90,90,90,89,71,71,71,71,71,71,71,67,63,63,63,63,36,95,95,95,95,95,95,95,95,95,105,96,96,96],"gold":124,"neow_bonus":"THREE_ENEMY_KILL","is_daily":false,"chose_seed":false,"campfire_upgraded":6,"win_rate":0.0,"timestamp":1608915884,"path_taken":["R","M","?","?","M","?","T","M","E","?","M","M","R","M","M","BOSS","R","M","$","?","?","M","T","$","E","R","M","M","R","M","M","BOSS","R","M","?","$","?","E","T","?","R","E"],"items_purchased_type":["Relic","Relic"],"build_version":"2020-12-22","purchased_purges":3,"victory":false,"max_hp_per_floor":[90,90,90,90,90,90,90,90,90,90,90,90,90,90,90,90,90,90,90,90,95,95,95,95,95,95,95,95,95,95,95,95,95,95,95,95,95,95,95,95,95,95,105,105,105,105],"card_choices":[{"not_picked":["champ:Backstep","champ:FanOfKnives"],"picked":"champ:GutPunch","floor":2.0},{"not_picked":["champ:GutPunch","champ:AdrenalArmor","champ:HeartStrike"],"picked":"SKIP","floor":4.0},{"not_picked":["champ:Backstep","champ:DefensiveShout"],"picked":"champ:GladiatorStyle","floor":5.0},{"not_picked":["champ:Shatter","champ:FlashCut"],"picked":"champ:StanceDance","floor":8.0},{"not_picked":["champ:Haymaker","champ:GutPunch","champ:ShieldSlam"],"picked":"SKIP","floor":9.0},{"not_picked":["champ:GutPunch","champ:PerfectedStrike","champ:Balance"],"picked":"SKIP","floor":10.0},{"not_picked":["champ:FlashCut","champ:GladiatorStyle"],"picked":"champ:RisingSlash","floor":11.0},{"not_picked":["champ:ShieldWall","champ:Control"],"picked":"champ:GladiatorsShout","floor":12.0},{"not_picked":["champ:BerserkersShout","champ:PerfectedStrike","champ:DefensiveShout"],"picked":"SKIP","floor":14.0},{"not_picked":["champ:CrookedStrike","champ:SkillfulDodge"],"picked":"champ:Improvising","floor":15.0},{"not_picked":["champ:MurderStrike","champ:ShieldSlam"],"picked":"champ:SwordThrow","floor":16.0},{"not_picked":["champ:BerserkersShout+1","champ:Haymaker"],"picked":"champ:BringItOn","floor":19.0},{"not_picked":["champ:BerserkersShout","champ:BladeFlurry"],"picked":"champ:DancingMaster","floor":20.0},{"not_picked":["champ:ViciousMockery","champ:FalseCounter"],"picked":"champ:SkillfulDodge+1","floor":23.0},{"not_picked":["champ:DefensiveShout","champ:FocusedGladiator"],"picked":"champ:StanceDance+1","floor":25.0},{"not_picked":["champ:CrookedStrike","champ:Duel+1","champ:DefensiveShout+1"],"picked":"SKIP","floor":26.0},{"not_picked":["champ:Circumvent","champ:Haymaker"],"picked":"champ:CheapShot","floor":28.0},{"not_picked":["champ:AdrenalArmor","champ:StanceDance"],"picked":"champ:Backstep+1","floor":29.0},{"not_picked":["champ:GladiatorStyle","champ:PreciseThrust","champ:AdrenalArmor"],"picked":"SKIP","floor":31.0},{"not_picked":["champ:Haymaker","champ:GutPunch","champ:Circumvent"],"picked":"SKIP","floor":32.0},{"not_picked":["champ:HeavySlash","champ:SwordThrow"],"picked":"champ:LastStand","floor":33.0},{"not_picked":["champ:DefensiveShout+1","champ:DeathBlow+1","champ:Balance+1"],"picked":"SKIP","floor":36.0},{"not_picked":["champ:BladeFlurry","champ:Balance"],"picked":"champ:SteelEdge","floor":40.0}],"player_experience":647426,"relics_obtained":[{"floor":6.0,"key":"Bag of Preparation"},{"floor":7.0,"key":"War Paint"},{"floor":9.0,"key":"Lantern"},{"floor":24.0,"key":"hexamod:BolsterEngine"},{"floor":26.0,"key":"Akabeko"},{"floor":40.0,"key":"Shovel"}],"event_choices":[{"cards_removed":["champ:Strike"],"damage_healed":0.0,"max_hp_gain":0.0,"max_hp_loss":0.0,"gold_gain":0.0,"event_name":"Purifier","player_choice":"Purged","floor":3.0,"gold_loss":0.0,"damage_taken":0.0}],"is_beta":false,"boss_relics":[{"not_picked":["SacredBark","Snecko Eye"],"picked":"expansioncontent:StudyCardRelic"},{"not_picked":["Fusion Hammer","Runic Dome"],"picked":"Cursed Key"}],"items_purged_floors":[25,38,39],"is_endless":false,"potions_floor_spawned":[8,12,15,16,19,26,28,29,40],"killed_by":"Reptomancer","ascension_level":1}}