{"host":"580ga1x1z8x1b2ni","time":1608871834,"event":{"mods":["Act Like it!","BaseMod","BetterRewards","Hallownest","Hubris","Minty Spire (QoL Compilation)","Replay The Spire","StSLib","Waifu the Spire","[IsaacMod]ÒÔÈö¼âËþ","vexMod"],"gold_per_floor":[109,84,84,84,180,180,210,223,223,223,223,254,5,53,231,354,354,446,296,296,363,450,450,502,135,135,135,198,255,285,311,311,409,1075,1139,1179,999,1029,1029,1089,1140,1197,1197,1250,788,856,409,460,460,556,556,592,592,119,119,119,173,230,293,343,372,426,455,195,195,195,318,318,410,70,70,125,166,225,225,225,275,185,244,44,76,106,106,209,209,223,284,284,311,328,328,355,355,383,413,413,109,129,147,147,249,249,267,267,267,301,301,301,331,358,388,403,403,416,451,477,477,581,581,701,476,496,496,521,521,222,222,254,271,298,298,298,333,333,436,436,448,448,448,448,473,473,520,520,553,573,589,615,615,615,615,714,714,724,724,724,724,740,758,758,758,801,507,543,587,587,608,608,738,738,761,761,761,795,833,833,833,833,867,370,390,418,437,447,447,542,542,552,565,581,597,615,615,615,615,646,658,658,658,674,698,710,823,835,862,874,906,526,542,542,542,542,571,603,610,610,630,644,569,665,665,676,676,676],"floor_reached":223,"playtime":6452,"items_purged":["Survey Options","Auto Shields","Escape Plan","PathToVictory+1","Anger+1","HandOfGreed+1","hubris:ReadiedAction+1"],"score":9167,"play_id":"c886925b-14fb-448e-94b3-d7ffca0fd409","local_time":"20201225125034","daily_mods":["SealedDeck","Vintage","Diverse","Colorless Cards","Heirloom","Time Dilation","Flight","DeadlyEvents","Elite Swarm","Lethality","Binary"],"is_ascension_mode":false,"campfire_choices":[{"data":"PathToVictory","floor":6.0,"key":"SMITH"},{"data":"Beam Cell","floor":11.0,"key":"SMITH"},{"data":"HandOfGreed","floor":15.0,"key":"SMITH"},{"data":"Anger","floor":23.0,"key":"SMITH"},{"data":"Deflect","floor":27.0,"key":"SMITH"},{"data":"hubris:ReadiedAction","floor":32.0,"key":"SMITH"},{"floor":49.0,"key":"REST"},{"data":"Hallownest:attackMasterCycloneSlash","floor":75.0,"key":"SMITH"},{"floor":76.0,"key":"REST"},{"data":"Heavy Blade+1","floor":83.0,"key":"PURGE"},{"data":"Searing Blow+1","floor":91.0,"key":"SMITH"},{"data":"Searing Blow+2","floor":96.0,"key":"SMITH"},{"data":"Searing Blow+3","floor":100.0,"key":"SMITH"},{"data":"Searing Blow+4","floor":108.0,"key":"SMITH"},{"data":"Searing Blow+5","floor":117.0,"key":"SMITH"},{"data":"Searing Blow+6","floor":125.0,"key":"SMITH"},{"data":"Searing Blow+7","floor":127.0,"key":"SMITH"},{"data":"Searing Blow+9","floor":131.0,"key":"SMITH"},{"data":"Deflect+1","floor":134.0,"key":"PURGE"},{"data":"Searing Blow+12","floor":142.0,"key":"SMITH"},{"data":"Searing Blow+13","floor":144.0,"key":"SMITH"},{"data":"Searing Blow+14","floor":149.0,"key":"SMITH"},{"data":"Searing Blow+15","floor":151.0,"key":"SMITH"},{"data":"Searing Blow+16","floor":160.0,"key":"SMITH"},{"data":"Searing Blow+17","floor":166.0,"key":"SMITH"},{"data":"Searing Blow+19","floor":178.0,"key":"SMITH"},{"floor":185.0,"key":"DIG"},{"data":"Searing Blow+20","floor":193.0,"key":"SMITH"},{"data":"Searing Blow+21","floor":194.0,"key":"SMITH"},{"data":"Searing Blow+22","floor":195.0,"key":"SMITH"},{"data":"Searing Blow+23","floor":198.0,"key":"SMITH"},{"data":"Searing Blow+25","floor":202.0,"key":"SMITH"},{"data":"Searing Blow+26","floor":210.0,"key":"SMITH"},{"data":"Searing Blow+27","floor":211.0,"key":"SMITH"},{"data":"Searing Blow+28","floor":212.0,"key":"SMITH"},{"data":"Searing Blow+29","floor":216.0,"key":"SMITH"}],"circlet_count":1,"master_deck":["Beam Cell+1","Hallownest:attackMasterCycloneSlash+1","Searing Blow+30","Limit Break+1","Offering+1","Pride","Pride","hubris:DuctTapeCard"],"relics":["Unceasing Top","Busted Crown","Ring of Chaos","HushsDoor","NineVolt","YumHeart","hubris:Reverence","OrangePellets","Replay:Wax Seal","Bottled Flame","vexMod:RedPlottingStone","TuHaoJin","ReplayTheSpireMod:Shallot","Bag of Marbles","Ooze Armor","SatanicBible","GnawedLeaf","BloodBag","StrikeDummy","vexMod:InvisibilityCloak","Golden Egg","MoneyPower","hubris:SphereOfDissonance","CaptainsWheel","Orichalcum","vexMod:RockOfEvil","White Beast Statue","Blue Doll","MealTicket","BlankCard","Ginger","hubris:MedicalManual","Iron Hammer","Champion Belt","Lizard Tail","Habit","Gremlin Food","PreservedInsect","Chaos","HandDrill","ReplayTheSpireMod:DimensionalGlitch","ReplayTheSpireMod:Lightbulb","hubris:Towel","Thread and Needle","BelialBook","Solar Panel","hubris:IronBody","DollysMirror","GuppysTail","hubris:Potato","Calipers","Replay:Bottled Steam","Hallownest:StagBellStandRelic","hubris:RunicObelisk","GuppysHairball","TwistedFunnel","Vajra","Hallownest:KingsIdolRelic","TheAbacus","GuppysTail","Brimstone","Lee\u0027s Waffle","Onion Ring","Replay:Mystery Machine","Hallownest:DreamNailRelic","NineLifeCat","Hallownest:SheosBrushRelic","Omamori","Black Star","Replay:Wanted Poster","Medical Kit","Replay:Baseball","vexMod:ImprovementManual","Circlet","hubris:CrystalStatue","Whetstone","hubris:TenFootPole","Ring of Peace","Ring of Hypnosis","Hallownest:BeastSealRelic","Replay:Bottled Eggs","hubris:ToyBattleship","Kunai","Inserter","Ornamental Fan","Coffee Dripper","MagicMushroom","Blue Candle","Tiny Chest","BookOfRevelations","Toxic Egg 2","Bloody Idol","hubris:PeanutButter","hubris:Metronome","DoctorsRemote","hubris:Icosahedron","hubris:DisguiseKit","Nunchaku","Pen Nib","Replay:Rubber Ducky","hubris:OldNail","Potion Belt","Snack Pack","hubris:ScarierMask","hubris:TinFlute","MagicMushroom","vexMod:Dragonfruit","Replay:Multitool","hubris:MysteriousPyramids","Ancient Tea Set","Bottled Lightning","PillsDrop","Replay:Towering Pillar of Hats","Darkstone Periapt","Akabeko","Bag of Preparation","King of Hearts","Paper Frog","Replay:WaspNest","hubris:CrackedHourglass","Anchor","vexMod:ScavengeHelm","Happy Flower","Lantern","hubris:DuctTape","Sundial","vexMod:FocusSash","EdensBlessing","SalivaCoin","ReplayFunnel","Bronze Scales","Turnip","Shuriken","MawBank","Smiling Mask","vexMod:MemoryStick","vexMod:CardConverter","Sozu","Ice Cream","Bottled Tornado","Matryoshka","Eternal Feather","BFFS","Quantum Egg","HornCleat","Singing Bowl","Meat on the Bone","Incense Burner","Mummified Hand","Question Card","Hallownest:BankAccountRelic","vexMod:TanglingVine","The Courier"],"acts_visited":["Hallownest:Greenpath","Hallownest:CityofTears","Hallownest:KingdomsEdge","Hallownest:Greenpath","Hallownest:CityofTears","Hallownest:KingdomsEdge","Hallownest:Greenpath","Hallownest:CityofTears","Hallownest:KingdomsEdge","Exordium","TheCity","TheBeyond","Hallownest:Greenpath","Hallownest:CityofTears"],"potions_floor_usage":[],"damage_taken":[{"damage":0.0,"enemies":"2_ Uuma","floor":1.0,"turns":2.0},{"damage":0.0,"enemies":"Hallownest:eliteCrystalGuardian","floor":7.0,"turns":1.0},{"damage":0.0,"enemies":"Hallownest:2_Baldur","floor":8.0,"turns":1.0},{"damage":0.0,"enemies":"Hallownest:eliteVengeflyKing","floor":12.0,"turns":2.0},{"damage":0.0,"enemies":"Hallownest:eliteMossKnight","floor":14.0,"turns":2.0},{"damage":0.0,"enemies":"Hallownest:BossBrokenVessel","floor":16.0,"turns":3.0},{"damage":0.0,"enemies":"Hallownest:3_Youths","floor":18.0,"turns":2.0},{"damage":0.0,"enemies":"Hallownest:eliteWatcherKnight","floor":21.0,"turns":6.0},{"damage":0.0,"enemies":"Hallownest:Flukemon_and_Top","floor":22.0,"turns":2.0},{"damage":0.0,"enemies":"Hallownest:Nosk","floor":24.0,"turns":2.0},{"damage":0.0,"enemies":"Hallownest:Master_and_Novice","floor":28.0,"turns":1.0},{"damage":0.0,"enemies":"Hallownest:eliteWatcherKnight","floor":29.0,"turns":5.0},{"damage":0.0,"enemies":"Hallownest:Nosk","floor":30.0,"turns":2.0},{"damage":0.0,"enemies":"Hallownest:eliteSoulWarrior","floor":31.0,"turns":1.0},{"damage":0.0,"enemies":"Hallownest:BossSoulMaster","floor":33.0,"turns":2.0},{"damage":0.0,"enemies":"Hallownest:3_Siblings","floor":35.0,"turns":1.0},{"damage":0.0,"enemies":"Hallownest:Shield_Heavy","floor":36.0,"turns":1.0},{"damage":0.0,"enemies":"Hallownest:eliteHiveKnight","floor":38.0,"turns":1.0},{"damage":0.0,"enemies":"Hallownest:StalkingDevout","floor":40.0,"turns":1.0},{"damage":0.0,"enemies":"Hallownest:eliteCollector","floor":41.0,"turns":1.0},{"damage":0.0,"enemies":"Hallownest:StalkingDevout","floor":42.0,"turns":1.0},{"damage":0.0,"enemies":"Hallownest:eliteCollector","floor":44.0,"turns":1.0},{"damage":0.0,"enemies":"Hallownest:Xero_Hu_Marmu","floor":46.0,"turns":1.0},{"damage":0.0,"enemies":"Hallownest:StalkingDevout","floor":48.0,"turns":1.0},{"damage":0.0,"enemies":"Hallownest:BossGreyPrinceZote","floor":50.0,"turns":1.0},{"damage":0.0,"enemies":"Hallownest:2_Baldur","floor":52.0,"turns":1.0},{"damage":0.0,"enemies":"Hallownest:eliteMossKnight","floor":57.0,"turns":1.0},{"damage":0.0,"enemies":"Hallownest:eliteCrystalGuardian","floor":58.0,"turns":1.0},{"damage":0.0,"enemies":"Hallownest:2_Tiktiks_and_1_Crawlid","floor":59.0,"turns":1.0},{"damage":0.0,"enemies":"Hallownest:eliteMossKnight","floor":61.0,"turns":1.0},{"damage":0.0,"enemies":"Hallownest:eliteCrystalGuardian","floor":62.0,"turns":1.0},{"damage":0.0,"enemies":"Hallownest:eliteVengeflyKing","floor":63.0,"turns":1.0},{"damage":0.0,"enemies":"Hallownest:BossBrokenVessel","floor":67.0,"turns":2.0},{"damage":0.0,"enemies":"Hallownest:3_Youths","floor":69.0,"turns":3.0},{"damage":0.0,"enemies":"Hallownest:eliteWatcherKnight","floor":72.0,"turns":6.0},{"damage":0.0,"enemies":"Hallownest:Flukemon_and_Top","floor":73.0,"turns":2.0},{"damage":0.0,"enemies":"Hallownest:eliteSoulWarrior","floor":74.0,"turns":2.0},{"damage":0.0,"enemies":"Hallownest:eliteWatcherKnight","floor":77.0,"turns":6.0},{"damage":0.0,"enemies":"Hallownest:eliteSoulWarrior","floor":79.0,"turns":2.0},{"damage":0.0,"enemies":"Hallownest:Nosk","floor":81.0,"turns":2.0},{"damage":0.0,"enemies":"Hallownest:eliteSoulWarrior","floor":82.0,"turns":2.0},{"damage":0.0,"enemies":"Hallownest:BossMantisLord","floor":84.0,"turns":1.0},{"damage":0.0,"enemies":"Hallownest:3_Siblings","floor":86.0,"turns":1.0},{"damage":0.0,"enemies":"Hallownest:2_Primals","floor":87.0,"turns":1.0},{"damage":0.0,"enemies":"Hallownest:eliteHiveKnight","floor":89.0,"turns":2.0},{"damage":0.0,"enemies":"Hallownest:2_Littles","floor":90.0,"turns":1.0},{"damage":0.0,"enemies":"Hallownest:eliteCollector","floor":92.0,"turns":1.0},{"damage":0.0,"enemies":"Hallownest:eliteHiveKnight","floor":94.0,"turns":1.0},{"damage":0.0,"enemies":"Hallownest:eliteCollector","floor":95.0,"turns":1.0},{"damage":0.0,"enemies":"Hallownest:Xero_Hu_Marmu","floor":98.0,"turns":1.0},{"damage":0.0,"enemies":"Hallownest:Shield_Sturdy","floor":99.0,"turns":1.0},{"damage":0.0,"enemies":"Hallownest:BossGreyPrinceZote","floor":101.0,"turns":2.0},{"damage":0.0,"enemies":"2_ Uuma","floor":103.0,"turns":1.0},{"damage":0.0,"enemies":"Hallownest:eliteVengeflyKing","floor":106.0,"turns":1.0},{"damage":0.0,"enemies":"Hallownest:eliteCrystalGuardian","floor":109.0,"turns":1.0},{"damage":0.0,"enemies":"Hallownest:eliteVengeflyKing","floor":110.0,"turns":1.0},{"damage":0.0,"enemies":"Hallownest:eliteVengeflyKing","floor":111.0,"turns":1.0},{"damage":0.0,"enemies":"Hallownest:monsterHuskGuard","floor":112.0,"turns":1.0},{"damage":0.0,"enemies":"Hallownest:monsterHuskWarrior","floor":114.0,"turns":1.0},{"damage":0.0,"enemies":"Hallownest:eliteMossKnight","floor":115.0,"turns":1.0},{"damage":0.0,"enemies":"Hallownest:eliteCrystalGuardian","floor":116.0,"turns":1.0},{"damage":0.0,"enemies":"Hallownest:BossFalseKnight","floor":118.0,"turns":1.0},{"damage":0.0,"enemies":"Hallownest:Guard_and_Sentry","floor":120.0,"turns":1.0},{"damage":0.0,"enemies":"Hallownest:Guard_and_Sentry","floor":122.0,"turns":1.0},{"damage":0.0,"enemies":"Hallownest:eliteSoulWarrior","floor":124.0,"turns":1.0},{"damage":0.0,"enemies":"Hallownest:Nosk","floor":128.0,"turns":1.0},{"damage":0.0,"enemies":"Hallownest:3_Youths","floor":129.0,"turns":1.0},{"damage":0.0,"enemies":"Hallownest:eliteSoulWarrior","floor":130.0,"turns":1.0},{"damage":0.0,"enemies":"Hallownest:eliteWatcherKnight","floor":133.0,"turns":5.0},{"damage":0.0,"enemies":"Hallownest:BossGrimm","floor":135.0,"turns":1.0},{"damage":0.0,"enemies":"Hallownest:3_Siblings","floor":137.0,"turns":1.0},{"damage":0.0,"enemies":"Hallownest:eliteCollector","floor":141.0,"turns":1.0},{"damage":0.0,"enemies":"Hallownest:StalkingDevout","floor":145.0,"turns":1.0},{"damage":0.0,"enemies":"Hallownest:Shield_Heavy","floor":146.0,"turns":1.0},{"damage":0.0,"enemies":"Hallownest:2_Great","floor":147.0,"turns":1.0},{"damage":0.0,"enemies":"Hallownest:eliteCollector","floor":148.0,"turns":1.0},{"damage":0.0,"enemies":"Hallownest:BossHollowKnight","floor":152.0,"turns":1.0},{"damage":0.0,"enemies":"Jaw Worm","floor":154.0,"turns":1.0},{"damage":0.0,"enemies":"Small Slimes","floor":158.0,"turns":1.0},{"damage":0.0,"enemies":"2 Louse","floor":159.0,"turns":1.0},{"damage":0.0,"enemies":"3 Sentries","floor":162.0,"turns":1.0},{"damage":0.0,"enemies":"Lagavulin","floor":164.0,"turns":1.0},{"damage":0.0,"enemies":"3 Sentries","floor":165.0,"turns":1.0},{"damage":0.0,"enemies":"Exordium Wildlife","floor":167.0,"turns":1.0},{"damage":0.0,"enemies":"Hexaghost","floor":169.0,"turns":1.0},{"damage":0.0,"enemies":"Shell Parasite","floor":171.0,"turns":1.0},{"damage":0.0,"enemies":"Book of Stabbing","floor":174.0,"turns":1.0},{"damage":0.0,"enemies":"Gremlin Leader","floor":175.0,"turns":1.0},{"damage":0.0,"enemies":"Slavers","floor":177.0,"turns":1.0},{"damage":0.0,"enemies":"Gremlin Leader","floor":179.0,"turns":1.0},{"damage":0.0,"enemies":"Spheric Guardian","floor":181.0,"turns":1.0},{"damage":0.0,"enemies":"Book of Stabbing","floor":182.0,"turns":1.0},{"damage":0.0,"enemies":"Cultist and Chosen","floor":183.0,"turns":1.0},{"damage":0.0,"enemies":"Centurion and Healer","floor":184.0,"turns":1.0},{"damage":0.0,"enemies":"Champ","floor":186.0,"turns":1.0},{"damage":0.0,"enemies":"3 Shapes","floor":188.0,"turns":1.0},{"damage":0.0,"enemies":"Orb Walker","floor":189.0,"turns":1.0},{"damage":0.0,"enemies":"3 Darklings","floor":190.0,"turns":1.0},{"damage":0.0,"enemies":"Jaw Worm Horde","floor":191.0,"turns":1.0},{"damage":0.0,"enemies":"Spire Growth","floor":192.0,"turns":1.0},{"damage":0.0,"enemies":"R_Hoarder","floor":196.0,"turns":1.0},{"damage":0.0,"enemies":"Maw","floor":197.0,"turns":1.0},{"damage":0.0,"enemies":"Writhing Mass","floor":200.0,"turns":1.0},{"damage":0.0,"enemies":"Jaw Worm Horde","floor":201.0,"turns":1.0},{"damage":0.0,"enemies":"Time Eater","floor":203.0,"turns":1.0},{"damage":0.0,"enemies":"Hallownest:monsterHuskWarrior","floor":205.0,"turns":1.0},{"damage":0.0,"enemies":"Hallownest:2_Baldur","floor":207.0,"turns":1.0},{"damage":0.0,"enemies":"Hallownest:2_MossCreeps","floor":209.0,"turns":1.0},{"damage":0.0,"enemies":"Hallownest:eliteCrystalGuardian","floor":213.0,"turns":1.0},{"damage":0.0,"enemies":"Hallownest:eliteMossKnight","floor":214.0,"turns":1.0},{"damage":0.0,"enemies":"Hallownest:monsterFoolEater","floor":217.0,"turns":1.0},{"damage":0.0,"enemies":"Hallownest:monsterAspidMother","floor":218.0,"turns":1.0},{"damage":0.0,"enemies":"Hallownest:BossBrokenVessel","floor":220.0,"turns":1.0},{"damage":0.0,"enemies":"Hallownest:2_Mistakes","floor":222.0,"turns":1.0}],"seed_played":"-7929431591365973177","potions_obtained":[{"floor":12.0,"key":"Venom Potion"},{"floor":22.0,"key":"Toxic Potion"},{"floor":24.0,"key":"Energy Potion"},{"floor":35.0,"key":"Venom Potion"},{"floor":44.0,"key":"ColorlessPotion"},{"floor":46.0,"key":"Adrenaline Potion"},{"floor":48.0,"key":"SteroidPotion"},{"floor":77.0,"key":"DuplicationPotion"},{"floor":87.0,"key":"LiquidBronze"},{"floor":89.0,"key":"AttackPotion"},{"floor":124.0,"key":"Adrenaline Potion"},{"floor":154.0,"key":"FairyPotion"},{"floor":167.0,"key":"Weak Potion"},{"floor":169.0,"key":"FearPotion"}],"is_trial":true,"path_per_floor":["M","?","?","?","?","R","E","M","T","T","R","E","$","E","R","B",null,"M","$","?","E","M","R","E","$","T","R","M","E","E","E","R","B",null,"M","M","?","E","?","E","E","E","T","E","$","M","$","E","R","B",null,"M","?","$","?","?","E","E","M","T","E","E","E","$","?","R","B",null,"M","$","?","E","M","E","R","R","E","?","E","$","E","E","R","B",null,"M","?","?","E","M","R","E","?","E","E","R","$","M","M","R","B",null,"M","$","?","E","?","R","E","?","E","M","?","M","E","E","R","B",null,"M","$","?","?","E","R","$","R","E","M","E","R","?","E","R","B",null,"M","?","?","$","E","R","?","R","E","M","M","E","R","?","R","B",null,"M","$","?","?","M","M","R","?","E","$","E","E","R","M","R","B",null,"M","$","?","E","E","R","E","R","E","$","M","E","M","M","R","B",null,"M","M","M","M","M","R","R","R","E","M","R","NS","M","M","R","B",null,"M","$","M","$","M","R","R","R","E","E","?","R","M","M","R","B",null,"M","?"],"character_chosen":"IRONCLAD","items_purchased":["HandOfGreed","Adrenaline Potion","Golden Egg","BootSequence","Lizard Tail","Habit","PreservedInsect","Chaos","After Image","Thread and Needle","hubris:IronBody","GuppysTail","Calipers","Heavy Blade","GuppysHairball","Searing Blow","GuppysTail","Limit Break","Offering","Medical Kit","Replay:Baseball","Damocles","Nunchaku","Pen Nib","Bottled Lightning","PillsDrop","BFFS","Quantum Egg"],"campfire_rested":2,"item_purchase_floors":[13,19,25,34,45,45,47,47,51,54,64,68,70,70,85,85,97,102,119,126,126,136,163,163,180,180,208,208],"current_hp_per_floor":[80,80,65,65,75,75,75,75,75,75,75,75,75,75,80,80,80,80,80,80,83,83,83,83,83,89,89,89,89,89,89,89,89,90,90,90,90,90,93,93,93,93,93,93,93,93,93,93,93,93,89,89,89,89,89,89,89,89,89,89,89,89,89,89,89,89,89,79,79,79,79,79,79,79,79,79,79,79,79,79,79,79,79,79,66,66,66,66,66,66,66,66,66,66,66,66,66,66,73,73,73,69,69,69,69,69,69,69,69,69,69,18,18,18,18,18,18,18,14,14,14,14,14,14,14,14,14,14,14,14,14,19,19,19,19,9,9,9,9,9,9,9,8,8,8,8,15,15,15,15,15,15,16,16,16,16,14,14,14,14,14,14,16,16,16,16,16,13,13,16,16,16,16,16,16,16,16,16,16,16,16,16,16,16,16,16,16,16,16,16,16,16,16,16,16,16,16,16,16,16,16,16,16,16,16,16,16,16,16,16,16,16,16,16,16,16,16,16,16,16,16,16,16,16],"gold":676,"neow_bonus":"","is_daily":false,"chose_seed":false,"campfire_upgraded":31,"win_rate":0.0,"timestamp":1608871834,"path_taken":["M","?","?","?","?","R","?","?","T","?","R","?","?","E","R","BOSS","M","$","?","?","?","R","E","?","T","R","?","E","E","?","R","BOSS","M","?","?","?","?","E","?","E","T","E","$","?","$","E","R","BOSS","M","?","$","?","?","E","?","?","T","E","E","E","$","?","R","BOSS","M","$","?","?","?","E","R","R","E","?","E","$","E","?","R","BOSS","M","?","?","?","?","R","?","?","E","?","R","$","M","M","R","BOSS","M","$","?","?","?","R","?","?","E","?","?","?","?","?","R","BOSS","M","$","?","?","?","R","?","R","E","?","?","R","?","?","R","BOSS","M","?","?","$","?","R","?","R","E","?","M","?","R","?","R","BOSS","M","$","?","?","M","M","R","?","E","$","?","?","R","M","R","BOSS","M","?","?","?","?","R","?","R","E","$","M","?","M","M","R","BOSS","M","M","M","M","M","R","R","R","E","M","R","NS","M","M","R","BOSS","M","$","M","$","M","R","R","R","E","?","?","R","?","M","R","BOSS","M","?"],"items_purchased_type":["Card","Potion","Relic","Card","Relic","Relic","Relic","Card","Card","Relic","Relic","Relic","Relic","Card","Relic","Card","Relic","Card","Card","Relic","Relic","Relic","Relic","Relic","Relic","Relic","Relic","Relic"],"build_version":"2020-12-22","purchased_purges":7,"victory":false,"max_hp_per_floor":[80,80,80,80,80,80,80,80,80,80,80,80,80,80,80,80,80,80,80,80,87,87,87,87,87,93,93,93,93,93,93,93,93,90,90,90,90,90,93,93,93,93,93,93,93,93,93,93,93,93,89,89,89,89,89,89,89,89,89,89,89,89,89,89,89,89,89,79,79,79,79,79,79,79,79,79,79,79,79,79,79,79,79,79,66,66,66,66,66,66,66,66,66,66,66,66,66,66,73,73,73,69,69,69,69,69,69,69,69,69,69,18,18,18,18,18,18,18,14,14,14,14,14,14,14,14,14,14,14,14,14,19,19,19,19,9,9,9,9,9,9,9,9,9,9,9,16,16,16,16,16,16,16,16,16,16,16,16,16,16,16,16,16,16,16,16,16,16,16,16,16,16,16,16,16,16,16,16,16,16,16,16,16,16,16,16,16,16,16,16,16,16,16,16,16,16,16,16,16,16,16,16,16,16,16,16,16,16,16,16,16,16,16,16,16,16,16,16,16,16,16,16,16,16],"card_choices":[{"not_picked":["MasterReality"],"picked":"SKIP","floor":164.0},{"not_picked":["ConjureBlade"],"picked":"SKIP","floor":165.0},{"not_picked":["ConjureBlade"],"picked":"SKIP","floor":174.0},{"not_picked":["Brilliance"],"picked":"SKIP","floor":175.0},{"not_picked":["MasterReality"],"picked":"SKIP","floor":177.0},{"not_picked":["Judgement"],"picked":"SKIP","floor":179.0},{"not_picked":["Devotion"],"picked":"SKIP","floor":182.0},{"not_picked":["Ragnarok"],"picked":"SKIP","floor":196.0},{"not_picked":["MasterReality"],"picked":"Singing Bowl","floor":213.0},{"not_picked":["Alpha"],"picked":"Singing Bowl","floor":214.0},{"not_picked":["Blasphemy+1","ConjureBlade"],"picked":"Singing Bowl","floor":220.0}],"player_experience":233515,"relics_obtained":[{"floor":1.0,"key":"hubris:Reverence"},{"floor":7.0,"key":"Bottled Flame"},{"floor":8.0,"key":"vexMod:RedPlottingStone"},{"floor":9.0,"key":"TuHaoJin"},{"floor":10.0,"key":"ReplayTheSpireMod:Shallot"},{"floor":12.0,"key":"Bag of Marbles"},{"floor":14.0,"key":"BloodDonationMachine"},{"floor":18.0,"key":"SatanicBible"},{"floor":21.0,"key":"GnawedLeaf"},{"floor":22.0,"key":"StrikeDummy"},{"floor":24.0,"key":"vexMod:InvisibilityCloak"},{"floor":26.0,"key":"vexMod:BerryBomb"},{"floor":28.0,"key":"MoneyPower"},{"floor":29.0,"key":"hubris:SphereOfDissonance"},{"floor":30.0,"key":"CaptainsWheel"},{"floor":31.0,"key":"Orichalcum"},{"floor":35.0,"key":"White Beast Statue"},{"floor":36.0,"key":"Blue Doll"},{"floor":38.0,"key":"MealTicket"},{"floor":40.0,"key":"BlankCard"},{"floor":41.0,"key":"Ginger"},{"floor":42.0,"key":"hubris:MedicalManual"},{"floor":43.0,"key":"Iron Hammer"},{"floor":44.0,"key":"Champion Belt"},{"floor":46.0,"key":"Gremlin Food"},{"floor":48.0,"key":"HandDrill"},{"floor":52.0,"key":"ReplayTheSpireMod:Lightbulb"},{"floor":59.0,"key":"BelialBook"},{"floor":60.0,"key":"Solar Panel"},{"floor":69.0,"key":"hubris:Potato"},{"floor":73.0,"key":"Replay:Bottled Steam"},{"floor":86.0,"key":"TwistedFunnel"},{"floor":87.0,"key":"Vajra"},{"floor":90.0,"key":"TheAbacus"},{"floor":98.0,"key":"Brimstone"},{"floor":99.0,"key":"Lee\u0027s Waffle"},{"floor":103.0,"key":"Replay:Mystery Machine"},{"floor":112.0,"key":"NineLifeCat"},{"floor":114.0,"key":"Omamori"},{"floor":120.0,"key":"Replay:Wanted Poster"},{"floor":129.0,"key":"vexMod:ImprovementManual"},{"floor":137.0,"key":"Whetstone"},{"floor":137.0,"key":"hubris:TenFootPole"},{"floor":138.0,"key":"Ring of Peace"},{"floor":138.0,"key":"Ring of Hypnosis"},{"floor":141.0,"key":"Replay:Bottled Eggs"},{"floor":143.0,"key":"hubris:ToyBattleship"},{"floor":145.0,"key":"Kunai"},{"floor":146.0,"key":"Inserter"},{"floor":146.0,"key":"Ornamental Fan"},{"floor":147.0,"key":"Coffee Dripper"},{"floor":147.0,"key":"MagicMushroom"},{"floor":148.0,"key":"Blue Candle"},{"floor":154.0,"key":"BookOfRevelations"},{"floor":154.0,"key":"Toxic Egg 2"},{"floor":158.0,"key":"hubris:PeanutButter"},{"floor":158.0,"key":"hubris:Metronome"},{"floor":159.0,"key":"DoctorsRemote"},{"floor":162.0,"key":"hubris:DisguiseKit"},{"floor":164.0,"key":"Replay:Rubber Ducky"},{"floor":165.0,"key":"hubris:OldNail"},{"floor":167.0,"key":"Potion Belt"},{"floor":167.0,"key":"Snack Pack"},{"floor":171.0,"key":"Diplopia"},{"floor":171.0,"key":"hubris:TinFlute"},{"floor":174.0,"key":"vexMod:Dragonfruit"},{"floor":175.0,"key":"Replay:Multitool"},{"floor":177.0,"key":"hubris:MysteriousPyramids"},{"floor":179.0,"key":"Ancient Tea Set"},{"floor":181.0,"key":"Replay:Towering Pillar of Hats"},{"floor":181.0,"key":"Darkstone Periapt"},{"floor":182.0,"key":"Akabeko"},{"floor":183.0,"key":"Bag of Preparation"},{"floor":183.0,"key":"vexMod:BerryBomb"},{"floor":184.0,"key":"King of Hearts"},{"floor":184.0,"key":"Paper Frog"},{"floor":185.0,"key":"Replay:WaspNest"},{"floor":188.0,"key":"Anchor"},{"floor":188.0,"key":"vexMod:ScavengeHelm"},{"floor":189.0,"key":"Happy Flower"},{"floor":189.0,"key":"Lantern"},{"floor":190.0,"key":"hubris:DuctTape"},{"floor":190.0,"key":"Sundial"},{"floor":191.0,"key":"vexMod:FocusSash"},{"floor":191.0,"key":"EdensBlessing"},{"floor":192.0,"key":"SalivaCoin"},{"floor":192.0,"key":"ReplayFunnel"},{"floor":196.0,"key":"Bronze Scales"},{"floor":197.0,"key":"Turnip"},{"floor":197.0,"key":"Shuriken"},{"floor":200.0,"key":"MawBank"},{"floor":200.0,"key":"Smiling Mask"},{"floor":201.0,"key":"vexMod:MemoryStick"},{"floor":201.0,"key":"vexMod:CardConverter"},{"floor":205.0,"key":"Ice Cream"},{"floor":205.0,"key":"Bottled Tornado"},{"floor":207.0,"key":"Matryoshka"},{"floor":207.0,"key":"Eternal Feather"},{"floor":209.0,"key":"HornCleat"},{"floor":209.0,"key":"Singing Bowl"},{"floor":213.0,"key":"Meat on the Bone"},{"floor":214.0,"key":"Incense Burner"},{"floor":217.0,"key":"Mummified Hand"},{"floor":218.0,"key":"Question Card"},{"floor":222.0,"key":"The Courier"}],"event_choices":[{"damage_healed":0.0,"max_hp_gain":5.0,"max_hp_loss":0.0,"gold_gain":0.0,"event_name":"Big Fish","player_choice":"Donut","floor":156.0,"gold_loss":0.0,"damage_taken":0.0},{"damage_healed":0.0,"max_hp_gain":0.0,"max_hp_loss":0.0,"gold_gain":0.0,"event_name":"Golden Idol","player_choice":"Take Damage","floor":157.0,"gold_loss":0.0,"damage_taken":4.0,"relics_obtained":["Golden Idol"]},{"cards_removed":["BootSequence"],"damage_healed":0.0,"max_hp_gain":0.0,"max_hp_loss":0.0,"gold_gain":0.0,"event_name":"Golden Wing","player_choice":"Card Removal","floor":168.0,"gold_loss":0.0,"damage_taken":7.0},{"damage_healed":0.0,"max_hp_gain":0.0,"max_hp_loss":0.0,"gold_gain":0.0,"event_name":"Accursed Blacksmith","player_choice":"Forge","floor":173.0,"gold_loss":0.0,"damage_taken":0.0,"cards_upgraded":["Searing Blow"]},{"damage_healed":0.0,"max_hp_gain":0.0,"max_hp_loss":0.0,"gold_gain":0.0,"event_name":"Forgotten Altar","player_choice":"Gave Idol","floor":176.0,"relics_lost":["Golden Idol"],"gold_loss":0.0,"damage_taken":0.0,"relics_obtained":["Bloody Idol"]}],"is_beta":false,"boss_relics":[{"not_picked":["Abe\u0027s Treasure","Fusion Hammer"],"picked":"Ooze Armor"},{"not_picked":[]},{"not_picked":["Runic Dome","Snecko Eye"],"picked":"vexMod:RockOfEvil"},{"not_picked":[]},{"not_picked":["InkBottle","Sling"],"picked":"ReplayTheSpireMod:DimensionalGlitch"},{"not_picked":[]},{"not_picked":["Dream Catcher","Frozen Eye"],"picked":"DollysMirror"},{"not_picked":[]},{"not_picked":["MyShadow","hubris:EmptyBottle"],"picked":"hubris:RunicObelisk"},{"not_picked":[]},{"not_picked":["hubris:GlazedTorus","Bronze Scales"],"picked":"Onion Ring"},{"not_picked":[]},{"not_picked":["Smiling Mask","Red Skull"],"picked":"Black Star"},{"not_picked":[]},{"not_picked":["ReplayTheSpireMod:TigerMarble","Durian"],"picked":"hubris:CrystalStatue"},{"not_picked":[]},{"not_picked":["FossilizedHelix","vexMod:TanglingVine"],"picked":"Tiny Chest"},{"not_picked":[]},{"not_picked":["Runic Cube","Replay:Grab Bag"],"picked":"hubris:ScarierMask"},{"not_picked":[]},{"not_picked":["hubris:BlackHole","hubris:GrandSneckoEye"],"picked":"hubris:CrackedHourglass"},{"not_picked":[]},{"not_picked":["ChampionBelt","Replay:Ancient Bell"],"picked":"Sozu"},{"not_picked":[]},{"not_picked":["Electric Blood","ChewingGum"],"picked":"vexMod:TanglingVine"},{"not_picked":[]}],"items_purged_floors":[13,19,25,47,54,80,121],"is_endless":true,"potions_floor_spawned":[12,22,24,28,35,36,38,40,41,42,44,46,48,50,52,57,58,59,61,62,63,67,69,72,73,74,77,79,81,82,84,86,87,89,90,92,94,95,98,99,101,103,106,109,110,111,112,114,115,116,118,120,122,124,128,129,130,133,135,137,141,145,147,148,152,154,158,159,162,164,165,167,169,171,174,175,177,179,181,182,186,189,191,196,203,213,214,217,218,220,222],"ascension_level":0}}