{"host":"vhvubw4jk4f204qs","time":1608871453,"event":{"mods":["AchievementEnabler","Act Like it!","BaseMod","Better Match","Better Note","BetterRewards","Colored Powertips","Downfall","GifTheSpireLib","Googly Eyes","Highlight Path","Jorbs Mod","Marisa????????","Minty Spire (QoL Compilation)","Permanent Neow","Prisma Mod","Quick Restart","Replay The Spire","StSLib","SuperFastMode","The IronCluck","The Servant 0.9.4","slay the spire mod where everything is the same but ironclad has a cowboy hat"],"gold_per_floor":[115,40,40,115,134,134,163,177,177,177,212,212,225,225,225,300,300,300,300],"floor_reached":18,"playtime":563,"items_purged":[],"score":513,"play_id":"53e1df38-1f03-4d81-a3fb-d60663cf3b66","local_time":"20201224234413","is_ascension_mode":true,"campfire_choices":[{"data":"Occultation","floor":6,"key":"SMITH"},{"floor":10,"key":"REST"},{"data":"AbsoluteMagnitude","floor":12,"key":"SMITH"},{"floor":15,"key":"REST"}],"circlet_count":0,"master_deck":["AscendersBane","Strike_MRS","Strike_MRS+1","Defend_MRS","Defend_MRS","Defend_MRS+1","Defend_MRS","MasterSpark","UpSweep","GalacticHalo","EarthLightRay","Occultation+1","GalacticHalo","DeepEcoloBomb","AbsoluteMagnitude+1"],"relics":["MiniHakkero","Darkstone Periapt","Replay:Accelerometer","Singing Bowl","Coffee Dripper"],"acts_visited":["Exordium","TheCity"],"potions_floor_usage":[11,16],"damage_taken":[{"damage":3,"enemies":"2 Louse","floor":1,"turns":3},{"damage":0,"enemies":"Small Slimes","floor":5,"turns":4},{"damage":15,"enemies":"Lagavulin","floor":7,"turns":7},{"damage":2,"enemies":"Cultist","floor":8,"turns":5},{"damage":15,"enemies":"3 Sentries","floor":11,"turns":9},{"damage":15,"enemies":"Exordium Thugs","floor":13,"turns":5},{"damage":28,"enemies":"Slime Boss","floor":16,"turns":5},{"damage":8,"enemies":"3 Byrds","floor":18,"turns":3}],"seed_played":"-7739769581171749507","potions_obtained":[{"floor":7,"key":"Reflective Coating"},{"floor":11,"key":"BlessingOfTheForge"}],"is_trial":false,"path_per_floor":["M","?","?","?","M","R","E","M","T","R","E","R","M","?","R","B",null,"M"],"character_chosen":"MARISA","items_purchased":["GalacticHalo"],"campfire_rested":2,"item_purchase_floors":[0],"current_hp_per_floor":[60,60,39,28,32,32,21,23,23,44,33,33,24,17,38,16,60,56,56],"gold":300,"neow_bonus":"","is_daily":false,"chose_seed":false,"campfire_upgraded":2,"win_rate":0.0,"timestamp":1608871453,"path_taken":["M","?","?","?","M","R","E","M","T","R","E","R","M","?","R","BOSS","M"],"items_purchased_type":["Card"],"build_version":"2020-12-22","purchased_purges":0,"victory":false,"max_hp_per_floor":[70,70,70,70,70,70,70,70,70,70,70,70,72,72,72,74,74,74,74],"card_choices":[{"not_picked":["PowerUp","WitchLeyline"],"picked":"EarthLightRay","floor":1},{"not_picked":["6A","GravityBeat"],"picked":"Occultation","floor":5},{"not_picked":["UnstableBomb","MysteriousBeam"],"picked":"GalacticHalo","floor":7},{"not_picked":["6A","WitchLeyline"],"picked":"DeepEcoloBomb","floor":8},{"not_picked":["GravityBeat","FairyDestructionRay"],"picked":"AbsoluteMagnitude","floor":11},{"not_picked":["Acceleration","AlicesGift","WitchLeyline"],"picked":"Singing Bowl","floor":13},{"not_picked":["EscapeVelocity","FinalSpark","BinaryStars"],"picked":"Singing Bowl","floor":16}],"player_experience":1046493,"relics_obtained":[{"floor":7,"key":"Darkstone Periapt"},{"floor":9,"key":"Replay:Accelerometer"},{"floor":11,"key":"Singing Bowl"}],"event_choices":[{"cards_removed":["Strike_MRS"],"damage_healed":0,"gold_gain":0,"player_choice":"Card Removal","damage_taken":0,"max_hp_gain":0,"max_hp_loss":0,"event_name":"The Cleric","floor":2,"gold_loss":75},{"damage_healed":0,"gold_gain":0,"player_choice":"Entered Light","damage_taken":21,"max_hp_gain":0,"max_hp_loss":0,"event_name":"Shining Light","floor":3,"gold_loss":0,"cards_upgraded":["Strike_MRS","Defend_MRS"]},{"damage_healed":0,"gold_gain":75,"player_choice":"Gather Gold","damage_taken":11,"max_hp_gain":0,"max_hp_loss":0,"event_name":"World of Goop","floor":4,"gold_loss":0},{"cards_removed":["Strike_MRS"],"damage_healed":0,"gold_gain":0,"player_choice":"Card Removal","damage_taken":7,"max_hp_gain":0,"max_hp_loss":0,"event_name":"Golden Wing","floor":14,"gold_loss":0}],"is_beta":false,"boss_relics":[{"not_picked":["ReplayTheSpireMod:DimensionalGlitch","Fusion Hammer"],"picked":"Coffee Dripper"}],"items_purged_floors":[],"is_endless":false,"potions_floor_spawned":[7,11],"killed_by":"3 Byrds","ascension_level":15}}