{"host":"vlqejv0notyktumz","time":1608920093,"event":{"mods":["AchievementEnabler","BaseMod","Googly Eyes","Minty Spire (QoL Compilation)"],"gold_per_floor":[110,33,46,46,46,75,93,119,119,119,137,137,162,172,172,271,271,282,294,372,389,195,195,212,212,212],"floor_reached":25,"playtime":597,"items_purged":["Defend_G"],"score":321,"play_id":"023559b8-f7a4-4cdd-a75e-a899ed512e90","local_time":"20201225121453","is_ascension_mode":true,"campfire_choices":[{"data":"Poisoned Stab","floor":12,"key":"SMITH"},{"data":"Survivor","floor":15,"key":"SMITH"},{"data":"Blur","floor":23,"key":"SMITH"}],"circlet_count":0,"master_deck":["Strike_G","Strike_G","Strike_G","Strike_G","Defend_G","Defend_G","Defend_G","Defend_G","Survivor+1","Neutralize","Backstab","Dagger Throw","Sucker Punch","Poisoned Stab+1","Corpse Explosion","A Thousand Cuts","Deadly Poison","Terror","Envenom","Infinite Blades+1","Cloak And Dagger","Blur+1","Backstab"],"relics":["Ring of the Snake","NeowsBlessing","Smiling Mask","Pen Nib","Snake Skull","Shuriken","Vajra","Sozu","Letter Opener","Lee\u0027s Waffle"],"acts_visited":["Exordium","TheCity"],"potions_floor_usage":[13,13,19],"damage_taken":[{"damage":0,"enemies":"2 Louse","floor":1,"turns":1},{"damage":0,"enemies":"Jaw Worm","floor":3,"turns":1},{"damage":0,"enemies":"3 Sentries","floor":6,"turns":1},{"damage":1,"enemies":"Cultist","floor":7,"turns":3},{"damage":5,"enemies":"Red Slaver","floor":11,"turns":2},{"damage":5,"enemies":"Lagavulin","floor":13,"turns":4},{"damage":3,"enemies":"Looter","floor":14,"turns":3},{"damage":11,"enemies":"Hexaghost","floor":16,"turns":7},{"damage":6,"enemies":"3 Byrds","floor":18,"turns":4},{"damage":19,"enemies":"Spheric Guardian","floor":19,"turns":4},{"damage":7,"enemies":"Snake Plant","floor":21,"turns":3},{"damage":37,"enemies":"Sentry and Sphere","floor":24,"turns":6},{"damage":44,"enemies":"Slavers","floor":25,"turns":3}],"seed_played":"-4261734500243805198","potions_obtained":[{"floor":1,"key":"Poison Potion"},{"floor":3,"key":"Block Potion"},{"floor":14,"key":"SneckoOil"},{"floor":16,"key":"GamblersBrew"}],"is_trial":false,"path_per_floor":["M","$","M","?","?","E","M","T","T","?","M","R","E","M","R","B",null,"M","M","T","M","$","R","M","E"],"character_chosen":"THE_SILENT","items_purchased":["Dagger Throw","Sucker Punch","Lee\u0027s Waffle"],"campfire_rested":0,"item_purchase_floors":[2,2,22],"current_hp_per_floor":[63,63,63,63,38,38,37,37,37,37,32,32,27,24,24,13,56,50,31,31,24,77,77,40,0,0],"gold":212,"neow_bonus":"THREE_ENEMY_KILL","is_daily":false,"chose_seed":false,"campfire_upgraded":3,"win_rate":0.0,"timestamp":1608920093,"path_taken":["M","$","M","?","?","E","M","?","T","?","M","R","E","?","R","BOSS","M","M","?","M","$","R","M","E"],"items_purchased_type":["Card","Card","Relic"],"build_version":"2020-12-22","purchased_purges":1,"victory":false,"max_hp_per_floor":[70,70,70,70,70,70,70,70,70,70,70,70,70,70,70,70,70,70,70,70,70,77,77,77,77,77],"card_choices":[{"not_picked":["Tactician","Acrobatics"],"picked":"Backstab","floor":1},{"not_picked":["Tactician","Slice"],"picked":"Poisoned Stab","floor":3},{"not_picked":["Outmaneuver","Bane","Acrobatics"],"picked":"SKIP","floor":6},{"not_picked":["Masterful Stab","Sucker Punch"],"picked":"Corpse Explosion","floor":7},{"not_picked":["Dagger Throw","Flechettes"],"picked":"Deadly Poison","floor":11},{"not_picked":["Acrobatics","Bane"],"picked":"Terror","floor":13},{"not_picked":["Terror","Distraction","Backflip"],"picked":"SKIP","floor":14},{"not_picked":["Glass Knife","Tools of the Trade"],"picked":"Envenom","floor":16},{"not_picked":["Backflip","Catalyst"],"picked":"Infinite Blades+1","floor":18},{"not_picked":["Eviscerate","Slice"],"picked":"Cloak And Dagger","floor":19},{"not_picked":["Distraction","Sucker Punch+1"],"picked":"Blur","floor":21},{"not_picked":["Prepared+1","Reflex"],"picked":"Backstab","floor":24}],"player_experience":274902,"relics_obtained":[{"floor":6,"key":"Pen Nib"},{"floor":8,"key":"Snake Skull"},{"floor":9,"key":"Shuriken"},{"floor":13,"key":"Vajra"},{"floor":20,"key":"Letter Opener"}],"event_choices":[{"damage_healed":0,"gold_gain":0,"player_choice":"Ignored","damage_taken":0,"max_hp_gain":0,"max_hp_loss":0,"event_name":"Liars Game","floor":4,"gold_loss":0},{"damage_healed":0,"gold_gain":0,"player_choice":"Success","damage_taken":25,"relics_obtained":["Smiling Mask"],"max_hp_gain":0,"max_hp_loss":0,"event_name":"Scrap Ooze","floor":5,"gold_loss":0},{"damage_healed":0,"gold_gain":0,"cards_transformed":["Strike_G"],"player_choice":"Transformed","damage_taken":0,"max_hp_gain":0,"max_hp_loss":0,"event_name":"Transmorgrifier","floor":10,"gold_loss":0,"cards_obtained":["A Thousand Cuts"]}],"is_beta":false,"boss_relics":[{"not_picked":["Calling Bell","Ectoplasm"],"picked":"Sozu"}],"items_purged_floors":[22],"is_endless":false,"potions_floor_spawned":[1,3,14,16,19,21,24],"killed_by":"Slavers","ascension_level":7}}