{"host":"x1qj4d8ympd5jdqh","time":1608876117,"event":{"mods":["AchievementEnabler","AlwaysNeverKeys","BaseMod","Colored Map","Custom Start","DeckTracker","Highlight Path","Minty Spire (QoL Compilation)","StSLib","SuperFastMode"],"gold_per_floor":[117,134,17,30,30,30,42,42,95,112,112,112,125,50,50,125,125,136,50,0,12,12,12,32,51,51,51,51],"floor_reached":27,"playtime":740,"items_purged":["Strike_G"],"score":410,"play_id":"adb21d3c-a356-4fa4-94c8-919e11ba7195","local_time":"20201225150157","is_ascension_mode":true,"campfire_choices":[{"data":"Concentrate","floor":6.0,"key":"SMITH"},{"data":"Dagger Spray","floor":8.0,"key":"SMITH"},{"floor":12.0,"key":"REST"},{"data":"Bouncing Flask","floor":15.0,"key":"SMITH"},{"floor":23.0,"key":"REST"}],"circlet_count":0,"master_deck":["AscendersBane","Strike_G","Strike_G","Defend_G","Defend_G","Defend_G","Defend_G","Defend_G","Survivor","Neutralize","Sucker Punch","Dagger Spray+1","Concentrate+1","Bouncing Flask+1","Glass Knife","Leg Sweep","Well Laid Plans","PiercingWail","PiercingWail","Calculated Gamble"],"relics":["Ring of the Snake","Art of War","SacredBark","Bottled Tornado"],"acts_visited":["Exordium","TheCity"],"potions_floor_usage":[],"damage_taken":[{"damage":10.0,"enemies":"Jaw Worm","floor":1.0,"turns":8.0},{"damage":2.0,"enemies":"Small Slimes","floor":2.0,"turns":5.0},{"damage":0.0,"enemies":"2 Louse","floor":4.0,"turns":3.0},{"damage":11.0,"enemies":"2 Fungi Beasts","floor":7.0,"turns":5.0},{"damage":16.0,"enemies":"Exordium Thugs","floor":10.0,"turns":5.0},{"damage":3.0,"enemies":"Red Slaver","floor":13.0,"turns":6.0},{"damage":15.0,"enemies":"The Guardian","floor":16.0,"turns":9.0},{"damage":35.0,"enemies":"Chosen","floor":18.0,"turns":4.0},{"damage":2.0,"enemies":"Spheric Guardian","floor":21.0,"turns":4.0},{"damage":8.0,"enemies":"Snake Plant","floor":24.0,"turns":4.0},{"damage":32,"enemies":"Snecko","floor":25,"turns":7},{"damage":0,"enemies":"Shelled Parasite and Fungi","floor":27,"turns":1}],"seed_played":"-3814590182206201203","potions_obtained":[{"floor":4.0,"key":"FearPotion"},{"floor":10.0,"key":"GhostInAJar"},{"floor":13.0,"key":"Strength Potion"},{"floor":16.0,"key":"Dexterity Potion"},{"floor":18.0,"key":"GhostInAJar"},{"floor":21.0,"key":"Fire Potion"}],"is_trial":false,"path_per_floor":["M","M","$","M","?","R","M","R","T","M","?","R","M","?","R","B",null,"M","$","?","M","$","R","M","M","T","M"],"character_chosen":"THE_SILENT","items_purchased":["Concentrate","Well Laid Plans"],"campfire_rested":2,"item_purchase_floors":[3,19],"current_hp_per_floor":[49,47,47,47,52,52,41,41,41,25,25,46,43,43,43,28,60,25,25,25,23,23,44,36,4,4,4,4],"gold":51,"neow_bonus":"REMOVE_CARD","is_daily":false,"chose_seed":false,"campfire_upgraded":3,"win_rate":0.0,"timestamp":1608876117,"path_taken":["M","M","$","M","?","R","M","R","T","M","?","R","M","?","R","BOSS","M","$","?","M","?","R","M","M","T","?"],"items_purchased_type":["Card","Card"],"build_version":"2020-12-22","purchased_purges":1,"victory":false,"max_hp_per_floor":[66,66,66,66,71,71,71,71,71,71,71,71,71,71,71,71,71,71,71,71,71,71,71,71,71,71,71,71],"card_choices":[{"not_picked":["Outmaneuver","Dodge and Roll"],"picked":"Sucker Punch","floor":1.0},{"not_picked":["Dagger Throw","Dodge and Roll"],"picked":"Dagger Spray","floor":2.0},{"not_picked":["Dodge and Roll","Sucker Punch","Blade Dance"],"picked":"SKIP","floor":4.0},{"not_picked":["Dodge and Roll","Heel Hook","Underhanded Strike"],"picked":"SKIP","floor":7.0},{"not_picked":["Outmaneuver","Sucker Punch","Prepared"],"picked":"SKIP","floor":10.0},{"not_picked":["Predator","Blade Dance"],"picked":"Bouncing Flask","floor":13.0},{"not_picked":["Envenom","Doppelganger"],"picked":"Glass Knife","floor":16.0},{"not_picked":["Underhanded Strike","Caltrops"],"picked":"Leg Sweep","floor":18.0},{"not_picked":["Well Laid Plans+1","Dodge and Roll"],"picked":"PiercingWail","floor":21.0},{"not_picked":["Choke","Backstab"],"picked":"PiercingWail","floor":24.0},{"not_picked":["Dagger Spray","Bane"],"picked":"Calculated Gamble","floor":25}],"player_experience":1267572,"relics_obtained":[{"floor":9.0,"key":"Art of War"},{"floor":26,"key":"Bottled Tornado"}],"event_choices":[{"damage_healed":0.0,"max_hp_gain":5.0,"max_hp_loss":0.0,"gold_gain":0.0,"event_name":"Big Fish","player_choice":"Donut","floor":5.0,"gold_loss":0.0,"damage_taken":0.0},{"damage_healed":0.0,"max_hp_gain":0.0,"max_hp_loss":0.0,"gold_gain":0.0,"event_name":"Liars Game","player_choice":"Ignored","floor":11.0,"gold_loss":0.0,"damage_taken":0.0},{"cards_removed":["Strike_G"],"damage_healed":0.0,"max_hp_gain":0.0,"max_hp_loss":0.0,"gold_gain":0.0,"event_name":"The Cleric","player_choice":"Card Removal","floor":14.0,"gold_loss":75.0,"damage_taken":0.0},{"damage_healed":0.0,"max_hp_gain":0.0,"max_hp_loss":0.0,"gold_gain":0.0,"event_name":"The Joust","player_choice":"Bet on Owner","floor":20.0,"gold_loss":50.0,"damage_taken":0.0}],"is_beta":false,"boss_relics":[{"not_picked":["Snecko Eye","Ring of the Serpent"],"picked":"SacredBark"}],"items_purged_floors":[3],"is_endless":false,"potions_floor_spawned":[4,10,13,16,18,21],"killed_by":"Shelled Parasite and Fungi","ascension_level":20}}