{"host":"sabve5zmqufxyc5o","time":1608903941,"event":{"mods":["2.2 Compatiblity","AchievementEnabler","Act Like it!","Arknights The Spire","BaseMod","Block Reminder","Colored Map","Colored Powertips","DeckTracker","KOR Keyword Fix","Keyboard Shortcuts","Minty Spire (QoL Compilation)","Quick Restart","Rare Cards Sparkle","Relic Stats","StSLib","SuperFastMode"],"gold_per_floor":[116,126,51,62,62,62,72,100,100,112,124,88,163,180,180,180,180],"floor_reached":16,"playtime":385,"items_purged":["ats:Strike C"],"score":109,"play_id":"ae41a45f-551e-4765-9b01-c41079bd494b","local_time":"20201225224541","is_ascension_mode":true,"campfire_choices":[{"data":"ats:Emotion Absorption","floor":6,"key":"SMITH"},{"data":"ats:Childhood Dance","floor":15,"key":"SMITH"}],"circlet_count":0,"master_deck":["ats:Strike G","ats:Strike S","ats:Strike V","ats:Armor Crushing Shot","ats:Defend","ats:Defend","ats:Defend","ats:Defend","ats:Emotion Absorption+1","ats:Part Time Job+1","ats:Consecutive Shot Auto","ats:Hammer On","ats:Charging Defense","ats:Calcification","ats:Overload","ats:Poison Spread","ats:Part Time Job","ats:Childhood Dance+1"],"relics":["ats:Sanity","ats:Originium","Bag of Marbles","Blood Vial"],"acts_visited":["Exordium"],"potions_floor_usage":[11,16,16],"damage_taken":[{"damage":0.0,"enemies":"2 Louse","floor":1.0,"turns":3.0},{"damage":17,"enemies":"Small Slimes","floor":2,"turns":4},{"damage":1,"enemies":"Cultist","floor":4,"turns":4},{"damage":10,"enemies":"Looter","floor":7,"turns":3},{"damage":53,"enemies":"Gremlin Nob","floor":8,"turns":6},{"damage":0,"enemies":"Large Slime","floor":10,"turns":6},{"damage":8,"enemies":"Exordium Thugs","floor":11,"turns":4},{"damage":0,"enemies":"Looter","floor":14,"turns":4},{"damage":71,"enemies":"Hexaghost","floor":16,"turns":16}],"seed_played":"3748201140652491786","potions_obtained":[{"floor":8,"key":"Fire Potion"},{"floor":10,"key":"Fire Potion"},{"floor":11,"key":"EssenceOfSteel"},{"floor":14,"key":"SpeedPotion"}],"is_trial":false,"path_per_floor":["M","M","$","M","?","R","M","E","T","M","M","$","?","M","R","B"],"character_chosen":"DOCTOR_CLASS","items_purchased":["ats:Part Time Job"],"campfire_rested":0,"item_purchase_floors":[12],"current_hp_per_floor":[79,62,62,67,67,67,59,14,14,26,27,27,16,28,28,0,0],"gold":180,"neow_bonus":"TEN_PERCENT_HP_BONUS","is_daily":false,"chose_seed":false,"campfire_upgraded":2,"win_rate":0.0,"timestamp":1608903941,"path_taken":["M","M","$","M","?","R","M","E","T","M","M","$","?","M","R","BOSS"],"items_purchased_type":["Card"],"build_version":"2020-12-22","purchased_purges":1,"victory":false,"max_hp_per_floor":[79,79,79,79,79,79,79,79,79,79,79,79,79,79,79,79,79],"relic_stats":{"Blood Vial":8,"counters":[9,50],"obtain_stats":[{"Blood Vial":9,"ats:Originium":8,"Bag of Marbles":8,"ats:Sanity":0},{"Blood Vial":5,"ats:Originium":5,"Bag of Marbles":5,"ats:Sanity":0},{"Blood Vial":20,"ats:Originium":20,"Bag of Marbles":20,"ats:Sanity":0}]},"card_choices":[{"not_picked":["ats:Assault Order","ats:Beaten Up"],"picked":"ats:Part Time Job","floor":1.0},{"not_picked":["ats:Guardian Obelisk","ats:Shell Defense"],"picked":"ats:Consecutive Shot Auto","floor":2},{"not_picked":["ats:Assault Order","ats:True Silver Slash"],"picked":"ats:Hammer On","floor":4},{"not_picked":["ats:Revitalization","ats:Ignite"],"picked":"ats:Charging Defense","floor":7},{"not_picked":["ats:Demon Strength","ats:Neurotoxin"],"picked":"ats:Calcification","floor":8},{"not_picked":["ats:Ignite","ats:Explosion Area Strengthen"],"picked":"ats:Overload","floor":10},{"not_picked":["ats:Explosion Area Strengthen","ats:Assault Order"],"picked":"ats:Poison Spread","floor":11},{"not_picked":["ats:Explosion Area Strengthen","ats:Cat Scratch"],"picked":"ats:Childhood Dance","floor":14}],"player_experience":810187,"relics_obtained":[{"floor":8,"key":"ats:Originium"},{"floor":8,"key":"Bag of Marbles"},{"floor":9,"key":"Blood Vial"}],"event_choices":[{"damage_healed":0,"gold_gain":0,"player_choice":"Grow","damage_taken":0,"max_hp_gain":0,"max_hp_loss":0,"event_name":"Living Wall","floor":5,"gold_loss":0,"cards_upgraded":["ats:Part Time Job"]},{"damage_healed":0,"gold_gain":75,"player_choice":"Gather Gold","damage_taken":11,"max_hp_gain":0,"max_hp_loss":0,"event_name":"World of Goop","floor":13,"gold_loss":0}],"is_beta":false,"boss_relics":[],"items_purged_floors":[3],"is_endless":false,"potions_floor_spawned":[8,10,11,14],"killed_by":"Hexaghost","ascension_level":1}}