{"host":"88hg6ocvqrqxrx5h","time":1608878597,"event":{"mods":["BaseMod","Colored Map","Minty Spire (QoL Compilation)","Unceasing Turn Reminder","slay the spire mod where everything is the same but ironclad has a cowboy hat"],"gold_per_floor":[110,110,128,128,53,79,79,93,116,127,147,178,197,25,25,25,25],"floor_reached":16,"playtime":908,"items_purged":["Strike_R","Strike_R"],"score":164,"play_id":"0d0d3b9d-2250-4db0-936f-c332cd592d26","local_time":"20201224224317","is_ascension_mode":true,"campfire_choices":[{"data":"Bash","floor":7.0,"key":"SMITH"},{"data":"Blood for Blood","floor":15.0,"key":"SMITH"}],"circlet_count":0,"master_deck":["Strike_R","Strike_R","Strike_R","Defend_R+1","Defend_R","Defend_R","Defend_R","Bash+1","Shrug It Off+1","Headbutt+1","Entrench","Blood for Blood+1","Twin Strike","Power Through+1","Shockwave+1","Inflame"],"relics":["Burning Blood","NeowsBlessing","Dream Catcher","MealTicket","Toxic Egg 2"],"acts_visited":["Exordium"],"potions_floor_usage":[16],"damage_taken":[{"damage":0.0,"enemies":"Small Slimes","floor":1.0,"turns":1.0},{"damage":0.0,"enemies":"Cultist","floor":3.0,"turns":1.0},{"damage":0.0,"enemies":"Lagavulin","floor":6.0,"turns":1.0},{"damage":0.0,"enemies":"2 Louse","floor":8.0,"turns":2.0},{"damage":8.0,"enemies":"Blue Slaver","floor":10.0,"turns":4.0},{"damage":35.0,"enemies":"Gremlin Gang","floor":11.0,"turns":5.0},{"damage":17.0,"enemies":"Gremlin Nob","floor":12.0,"turns":4.0},{"damage":3.0,"enemies":"Large Slime","floor":13.0,"turns":7.0},{"damage":66,"enemies":"Slime Boss","floor":16,"turns":13}],"seed_played":"-2818834144521405205","potions_obtained":[{"floor":1.0,"key":"ElixirPotion"},{"floor":6.0,"key":"LiquidBronze"},{"floor":10.0,"key":"DuplicationPotion"}],"is_trial":false,"path_per_floor":["M","?","M","?","$","E","R","M","T","M","M","E","M","$","R","B"],"character_chosen":"IRONCLAD","items_purchased":["Inflame"],"campfire_rested":0,"item_purchase_floors":[14],"current_hp_per_floor":[80,80,80,64,64,70,70,76,76,74,45,34,37,52,52,0,0],"gold":25,"neow_bonus":"THREE_ENEMY_KILL","is_daily":false,"chose_seed":false,"campfire_upgraded":2,"win_rate":0.0,"timestamp":1608878597,"path_taken":["M","?","?","?","$","E","R","M","T","M","M","E","M","$","R","BOSS"],"items_purchased_type":["Card"],"build_version":"2020-12-22","purchased_purges":2,"victory":false,"max_hp_per_floor":[80,80,80,80,80,80,80,80,80,80,80,80,80,80,80,80,80],"card_choices":[{"not_picked":["Metallicize","Sentinel"],"picked":"Shrug It Off","floor":1.0},{"not_picked":["Warcry","Sword Boomerang"],"picked":"Headbutt","floor":3.0},{"not_picked":["Heavy Blade","Thunderclap","Sentinel"],"picked":"SKIP","floor":6.0},{"not_picked":["Dual Wield","Havoc"],"picked":"Entrench","floor":8.0},{"not_picked":["Havoc","Thunderclap"],"picked":"Blood for Blood","floor":10.0},{"not_picked":["Clash","Anger"],"picked":"Twin Strike","floor":11.0},{"not_picked":["Headbutt","Cleave"],"picked":"Power Through+1","floor":12.0},{"not_picked":["Thunderclap","Pommel Strike"],"picked":"Shockwave+1","floor":13.0}],"player_experience":125878,"relics_obtained":[{"floor":6.0,"key":"Dream Catcher"},{"floor":9.0,"key":"MealTicket"},{"floor":12.0,"key":"Toxic Egg 2"}],"event_choices":[{"damage_healed":0.0,"max_hp_gain":0.0,"max_hp_loss":0.0,"gold_gain":0.0,"event_name":"Upgrade Shrine","player_choice":"Upgraded","floor":2.0,"gold_loss":0.0,"damage_taken":0.0,"cards_upgraded":["Shrug It Off"]},{"damage_healed":0.0,"max_hp_gain":0.0,"max_hp_loss":0.0,"gold_gain":0.0,"event_name":"Shining Light","player_choice":"Entered Light","floor":4.0,"gold_loss":0.0,"damage_taken":16.0,"cards_upgraded":["Defend_R","Headbutt"]}],"is_beta":false,"boss_relics":[],"items_purged_floors":[5,14],"is_endless":false,"potions_floor_spawned":[1,6,10],"killed_by":"Slime Boss","ascension_level":4}}