{"host":"zh06ha8197vgjo02","time":1608886035,"event":{"mods":["AchievementEnabler","Arknights The Spire","BaseMod","Better Skull","CapriCore","DeckTracker","GifTheSpireLib","Hermit","Koishi","Marisa£¨Ùöéë¡¡Øª×âÞÞ£©","Minty Spire (QoL Compilation)","Reimu£¨ÚÏ???£©","StSLib","SuperFastMode","Td1madao Mod","The Cursed","The Dragon Tamer","The Immortal","TheBandit"],"gold_per_floor":[369,385,385,237,262,295,295,245,245,96,120,139,162,203,203,326,326,345,345,345,345,361,361,57,57,57,57,76,76,76,76,76,204,204,217,217,217],"floor_reached":36,"playtime":2015,"items_purged":["wariomod:Strike"],"score":370,"play_id":"0761d406-ceca-4667-8e11-ab528d709944","local_time":"20201225174715","is_ascension_mode":false,"campfire_choices":[{"data":"wariomod:Step","floor":7,"key":"SMITH"},{"floor":15,"key":"REST"},{"floor":23,"key":"REST"},{"floor":25,"key":"REST"},{"data":"wariomod:BoomForm","floor":27,"key":"SMITH"},{"floor":32,"key":"REST"}],"circlet_count":0,"master_deck":["wariomod:Strike","wariomod:Strike","wariomod:Defend","wariomod:Defend","wariomod:Defend","wariomod:Step+1","wariomod:Leap","wariomod:Bombshield","wariomod:TreasureDig","wariomod:SilenceBombs","wariomod:GoAgain","wariomod:DiceyMove","wariomod:Bomblaster","wariomod:GreaterGuard","wariomod:BoomForm+1","wariomod:Bombshield","wariomod:BoomForm+1","wariomod:AbandonGame"],"relics":["wariomod:TheHat","Golden Idol","ats:Originium","Ice Cream","Gambling Chip","PreservedInsect","ats:Originium","Mango","Philosopher\u0027s Stone","Shovel","Torii","wariomod:DoomHat"],"acts_visited":["Exordium","TheCity","TheBeyond"],"potions_floor_usage":[6,16,16,28],"damage_taken":[{"damage":11,"enemies":"Jaw Worm","floor":1,"turns":2},{"damage":0,"enemies":"Small Slimes","floor":2,"turns":3},{"damage":3,"enemies":"Cultist","floor":5,"turns":5},{"damage":9,"enemies":"3 Sentries","floor":6,"turns":6},{"damage":5,"enemies":"Looter","floor":11,"turns":4},{"damage":8,"enemies":"3 Louse","floor":12,"turns":3},{"damage":4,"enemies":"Exordium Thugs","floor":13,"turns":5},{"damage":13,"enemies":"Lagavulin","floor":14,"turns":6},{"damage":37,"enemies":"Hexaghost","floor":16,"turns":13},{"damage":30,"enemies":"Spheric Guardian","floor":18,"turns":6},{"damage":42,"enemies":"2 Thieves","floor":22,"turns":5},{"damage":47,"enemies":"Snecko","floor":28,"turns":9},{"damage":14,"enemies":"Champ","floor":33,"turns":12},{"damage":56,"enemies":"3 Darklings","floor":35,"turns":6},{"damage":31,"enemies":"3 Shapes","floor":36,"turns":4}],"seed_played":"7085901392329327560","potions_obtained":[{"floor":2,"key":"Dexterity Potion"},{"floor":11,"key":"DistilledChaos"},{"floor":13,"key":"GamblersBrew"},{"floor":22,"key":"ZuzhouPotion:ReiMu"},{"floor":33,"key":"FearPotion"}],"is_trial":false,"path_per_floor":["M","M","?","$","M","E","R","?","T","$","M","M","M","E","R","B",null,"M","?","?","?","M","R","$","R","T","R","M","$","?","?","R","B",null,"M","M"],"character_chosen":"THE_BANDIT","items_purchased":["wariomod:TreasureDig","PreservedInsect","Shovel"],"campfire_rested":4,"item_purchase_floors":[4,10,24],"current_hp_per_floor":[61,61,43,43,40,31,31,31,31,31,26,18,14,15,40,3,86,56,56,56,56,14,39,39,64,64,64,17,17,17,17,42,28,86,30,0,0],"gold":217,"neow_bonus":"TWO_FIFTY_GOLD","is_daily":false,"chose_seed":false,"campfire_upgraded":2,"win_rate":0.0,"timestamp":1608886035,"path_taken":["M","M","?","$","M","E","R","?","T","$","M","M","M","E","R","BOSS","M","?","?","?","M","R","$","R","T","R","?","$","?","?","R","BOSS","M","M"],"items_purchased_type":["Card","Relic","Relic"],"build_version":"2020-12-22","purchased_purges":1,"victory":false,"max_hp_per_floor":[72,72,72,72,72,72,72,72,72,72,72,72,72,86,86,86,86,86,86,86,86,86,86,86,86,86,86,86,86,86,86,86,86,86,86,86,86],"card_choices":[{"not_picked":["wariomod:SimpleShield","wariomod:SpaceSwap","wariomod:SmackSlam"],"picked":"SKIP","floor":1},{"not_picked":["wariomod:BlastDash","wariomod:AwfulLook"],"picked":"wariomod:Bombshield","floor":2},{"not_picked":["wariomod:Smackflip","wariomod:Goblast"],"picked":"wariomod:SilenceBombs","floor":5},{"not_picked":["wariomod:OctoJump","wariomod:WhirlwindBurst","wariomod:Leapslam"],"picked":"SKIP","floor":6},{"not_picked":["wariomod:AwfulLook","wariomod:DoubleDash"],"picked":"wariomod:GoAgain","floor":11},{"not_picked":["wariomod:PayItForwards","wariomod:SmackSlam"],"picked":"wariomod:DiceyMove","floor":12},{"not_picked":["wariomod:WhirlwindBurst","wariomod:BumRush"],"picked":"wariomod:Bomblaster","floor":13},{"not_picked":["wariomod:HastyRush","wariomod:Enshrine","wariomod:GreaterGuard"],"picked":"SKIP","floor":14},{"not_picked":["wariomod:HastyRush","wariomod:Enshrine"],"picked":"wariomod:GreaterGuard","floor":14},{"not_picked":["wariomod:VeryLongJump","wariomod:PoisonBombs"],"picked":"wariomod:BoomForm","floor":16},{"not_picked":["wariomod:Hopshield","wariomod:SmackSlam","wariomod:EndlessBlast"],"picked":"SKIP","floor":18},{"not_picked":["wariomod:SimpleShield","wariomod:Smackflip","wariomod:Game"],"picked":"SKIP","floor":22},{"not_picked":["wariomod:BlastDash+1","wariomod:Goblast","wariomod:ShipSmash"],"picked":"SKIP","floor":28},{"not_picked":["wariomod:ShipSmash","wariomod:Sidestep"],"picked":"wariomod:AbandonGame","floor":33},{"not_picked":["wariomod:Smackflip+1","wariomod:DoubleDash+1","wariomod:Purify+1"],"picked":"SKIP","floor":35}],"player_experience":668025,"relics_obtained":[{"floor":6,"key":"ats:Originium"},{"floor":6,"key":"Ice Cream"},{"floor":9,"key":"Gambling Chip"},{"floor":14,"key":"ats:Originium"},{"floor":14,"key":"Mango"},{"floor":26,"key":"Torii"}],"event_choices":[{"damage_healed":0,"gold_gain":0,"player_choice":"Take Damage","damage_taken":18,"relics_obtained":["Golden Idol"],"max_hp_gain":0,"max_hp_loss":0,"event_name":"Golden Idol","floor":3,"gold_loss":0},{"cards_removed":["wariomod:Strike"],"damage_healed":0,"gold_gain":0,"player_choice":"Card Removal","damage_taken":0,"max_hp_gain":0,"max_hp_loss":0,"event_name":"The Cleric","floor":8,"gold_loss":50},{"damage_healed":0,"gold_gain":0,"player_choice":"Ignored","damage_taken":0,"max_hp_gain":0,"max_hp_loss":0,"event_name":"Cursed Tome","floor":19,"gold_loss":0},{"damage_healed":0,"gold_gain":0,"player_choice":"Read","damage_taken":0,"max_hp_gain":0,"max_hp_loss":0,"event_name":"The Library","floor":20,"gold_loss":0,"cards_obtained":["wariomod:Bombshield"]},{"cards_removed":["wariomod:Defend"],"damage_healed":0,"gold_gain":0,"player_choice":"Purged","damage_taken":0,"max_hp_gain":0,"max_hp_loss":0,"event_name":"Purifier","floor":21,"gold_loss":0},{"damage_healed":0,"gold_gain":0,"player_choice":"Ignored","damage_taken":0,"max_hp_gain":0,"max_hp_loss":0,"event_name":"Vampires","floor":30,"gold_loss":0},{"damage_healed":0,"gold_gain":0,"player_choice":"Copied","damage_taken":0,"max_hp_gain":0,"max_hp_loss":0,"event_name":"Duplicator","floor":31,"gold_loss":0,"cards_obtained":["wariomod:BoomForm"]}],"is_beta":false,"boss_relics":[{"not_picked":["Coffee Dripper","Tiny House"],"picked":"Philosopher\u0027s Stone"},{"not_picked":["Pandora\u0027s Box","wariomod:SuperHat"],"picked":"wariomod:DoomHat"}],"items_purged_floors":[4],"is_endless":false,"potions_floor_spawned":[2,11,13,22,33],"killed_by":"3 Shapes","ascension_level":0}}