{"host":"pjgcdp3h1plnbocs","time":1608926352,"event":{"mods":["AchievementEnabler","BaseMod","Colored Map","Highlight Path","Minty Spire (QoL Compilation)"],"gold_per_floor":[113,130,149,166,166,198,198,225,225,236,246,277,277,277,277],"floor_reached":14,"playtime":532,"items_purged":[],"score":162,"play_id":"041e17d8-dd4b-4344-8c47-606595926103","local_time":"20201225205912","is_ascension_mode":true,"campfire_choices":[{"data":"Noxious Fumes","floor":7.0,"key":"SMITH"}],"circlet_count":0,"master_deck":["Strike_G","Strike_G","Strike_G","Strike_G","Strike_G","Defend_G","Defend_G","Defend_G","Defend_G","Defend_G","Survivor","Neutralize","Noxious Fumes+1","Bane","Footwork","Backflip","Caltrops","Catalyst"],"relics":["Ring of the Snake","NeowsBlessing","Snake Skull","Nunchaku","Matryoshka","Incense Burner"],"acts_visited":["Exordium"],"potions_floor_usage":[14,14],"damage_taken":[{"damage":0.0,"enemies":"Small Slimes","floor":1.0,"turns":1.0},{"damage":0.0,"enemies":"Jaw Worm","floor":2.0,"turns":1.0},{"damage":0.0,"enemies":"Cultist","floor":3.0,"turns":1.0},{"damage":14.0,"enemies":"Lots of Slimes","floor":4.0,"turns":5.0},{"damage":12.0,"enemies":"Lagavulin","floor":6.0,"turns":8.0},{"damage":33.0,"enemies":"Gremlin Nob","floor":8.0,"turns":5.0},{"damage":0.0,"enemies":"Large Slime","floor":10.0,"turns":6.0},{"damage":1.0,"enemies":"Looter","floor":11.0,"turns":4.0},{"damage":3.0,"enemies":"3 Sentries","floor":12.0,"turns":8.0},{"damage":5,"enemies":"Gremlin Nob","floor":14,"turns":4}],"seed_played":"-2348975934668231159","potions_obtained":[{"floor":3.0,"key":"DuplicationPotion"},{"floor":4.0,"key":"CunningPotion"},{"floor":10.0,"key":"Swift Potion"},{"floor":11.0,"key":"LiquidMemories"},{"floor":13.0,"key":"EssenceOfSteel"},{"floor":13.0,"key":"SneckoOil"},{"floor":13.0,"key":"BlessingOfTheForge"}],"is_trial":false,"path_per_floor":["M","M","M","M","?","E","R","E","T","M","M","E","?","E"],"character_chosen":"THE_SILENT","items_purchased":[],"campfire_rested":0,"item_purchase_floors":[],"current_hp_per_floor":[63,63,63,49,54,42,42,9,9,9,8,5,5,0,0],"gold":277,"neow_bonus":"THREE_ENEMY_KILL","is_daily":false,"chose_seed":false,"campfire_upgraded":1,"win_rate":0.0,"timestamp":1608926352,"path_taken":["M","M","M","M","?","E","R","E","T","M","M","E","?","E"],"items_purchased_type":[],"build_version":"2020-12-22","purchased_purges":0,"victory":false,"max_hp_per_floor":[70,70,70,70,75,75,75,75,75,75,75,75,75,75,75],"card_choices":[{"not_picked":["Dodge and Roll","Poisoned Stab"],"picked":"Noxious Fumes","floor":1.0},{"not_picked":["PiercingWail","Outmaneuver"],"picked":"Bane","floor":2.0},{"not_picked":["Slice","Acrobatics"],"picked":"Footwork","floor":3.0},{"not_picked":["Deadly Poison","PiercingWail"],"picked":"Backflip","floor":4.0},{"not_picked":["Concentrate","Dagger Throw"],"picked":"Caltrops","floor":6.0},{"not_picked":["Quick Slash","Deadly Poison","PiercingWail"],"picked":"SKIP","floor":8.0},{"not_picked":["Infinite Blades","Tools of the Trade"],"picked":"Catalyst","floor":10.0},{"not_picked":["Prepared","Slice","PiercingWail"],"picked":"SKIP","floor":11.0},{"not_picked":["Terror","Slice","Expertise"],"picked":"SKIP","floor":12.0}],"player_experience":160482,"relics_obtained":[{"floor":6.0,"key":"Snake Skull"},{"floor":8.0,"key":"Nunchaku"},{"floor":9.0,"key":"Matryoshka"},{"floor":12.0,"key":"Incense Burner"}],"event_choices":[{"damage_healed":0.0,"max_hp_gain":5.0,"max_hp_loss":0.0,"gold_gain":0.0,"event_name":"Big Fish","player_choice":"Donut","floor":5.0,"gold_loss":0.0,"damage_taken":0.0},{"damage_healed":0.0,"max_hp_gain":0.0,"max_hp_loss":0.0,"gold_gain":0.0,"event_name":"Lab","player_choice":"Got Potions","floor":13.0,"gold_loss":0.0,"damage_taken":0.0}],"is_beta":false,"boss_relics":[],"items_purged_floors":[],"is_endless":false,"potions_floor_spawned":[3,4,10,11],"killed_by":"Gremlin Nob","ascension_level":9}}