{"host":"p6s16n2sj7zvsuor","time":1608902426,"event":{"mods":["BaseMod","Minty Spire (QoL Compilation)"],"gold_per_floor":[15,15,15,90,67,67,88,88,88,11,29,45,70,94,94,94,94],"floor_reached":16,"playtime":591,"items_purged":[],"score":115,"play_id":"371ad262-69a5-4d51-98d2-5d05c97e7e7d","local_time":"20201225152026","is_ascension_mode":true,"campfire_choices":[{"data":"Neutralize","floor":6,"key":"SMITH"},{"floor":15,"key":"REST"}],"circlet_count":0,"master_deck":["Strike_G","Strike_G","Defend_G","Defend_G","Defend_G","Defend_G","Defend_G","Survivor","Neutralize+1","Flying Knee","Flying Knee","Outmaneuver","Leg Sweep","Dagger Spray","Crippling Poison","Grand Finale"],"relics":["Ring of the Snake","Golden Idol"],"acts_visited":["Exordium"],"potions_floor_usage":[16],"damage_taken":[{"damage":10,"enemies":"Small Slimes","floor":1,"turns":4},{"damage":4,"enemies":"Jaw Worm","floor":7,"turns":3},{"damage":0,"enemies":"2 Louse","floor":11,"turns":3},{"damage":4,"enemies":"Red Slaver","floor":12,"turns":7},{"damage":3,"enemies":"Looter","floor":13,"turns":5},{"damage":6,"enemies":"Exordium Thugs","floor":14,"turns":4},{"damage":31,"enemies":"Slime Boss","floor":16,"turns":9}],"seed_played":"-3592480831807093886","potions_obtained":[{"floor":7,"key":"EssenceOfSteel"},{"floor":11,"key":"BlessingOfTheForge"},{"floor":13,"key":"BlessingOfTheForge"}],"is_trial":false,"path_per_floor":["M","$","?","?","$","R","M","?","T","$","M","M","M","M","R","B"],"character_chosen":"THE_SILENT","items_purchased":["Flying Knee","Leg Sweep"],"campfire_rested":1,"item_purchase_floors":[5,10],"current_hp_per_floor":[60,60,43,32,32,32,28,21,21,21,21,17,14,8,29,0,0],"gold":94,"neow_bonus":"REMOVE_TWO","is_daily":false,"chose_seed":false,"campfire_upgraded":1,"win_rate":0.0,"timestamp":1608902426,"path_taken":["M","$","?","?","$","R","M","?","T","?","M","?","M","M","R","BOSS"],"items_purchased_type":["Card","Card"],"build_version":"2020-12-22","purchased_purges":0,"victory":false,"max_hp_per_floor":[70,70,70,70,70,70,70,70,70,70,70,70,70,70,70,70,70],"card_choices":[{"not_picked":["Poisoned Stab","Dodge and Roll"],"picked":"Flying Knee","floor":1},{"not_picked":["Deadly Poison","Accuracy"],"picked":"Outmaneuver","floor":7},{"not_picked":["Bane","Underhanded Strike"],"picked":"Dagger Spray","floor":11},{"not_picked":["Prepared","Bane","Slice"],"picked":"SKIP","floor":12},{"not_picked":["Dagger Spray","Concentrate"],"picked":"Crippling Poison","floor":13},{"not_picked":["Dagger Spray","Tactician"],"picked":"Grand Finale","floor":14}],"player_experience":762760,"relics_obtained":[],"event_choices":[{"damage_healed":0,"gold_gain":0,"player_choice":"Take Damage","damage_taken":17,"relics_obtained":["Golden Idol"],"max_hp_gain":0,"max_hp_loss":0,"event_name":"Golden Idol","floor":3,"gold_loss":0},{"damage_healed":0,"gold_gain":75,"player_choice":"Gather Gold","damage_taken":11,"max_hp_gain":0,"max_hp_loss":0,"event_name":"World of Goop","floor":4,"gold_loss":0},{"cards_removed":["Strike_G"],"damage_healed":0,"gold_gain":0,"player_choice":"Card Removal","damage_taken":7,"max_hp_gain":0,"max_hp_loss":0,"event_name":"Golden Wing","floor":8,"gold_loss":0}],"is_beta":false,"boss_relics":[],"items_purged_floors":[],"is_endless":false,"potions_floor_spawned":[7,11,13],"killed_by":"Slime Boss","ascension_level":5}}