{"host":"lhth1efayex2023z","time":1608860484,"event":{"mods":["BaseMod","Colored Map","Googly Eyes","Minty Spire (QoL Compilation)","StSLib"],"gold_per_floor":[118,20,65,27,27,27,46,78,132,160,176,196,227,227,227,329,329,344,344,361,373,384,384,384],"floor_reached":23,"playtime":716,"items_purged":["Strike_R"],"score":354,"play_id":"683e7f72-7e92-4694-adf8-c13a46038bb2","local_time":"20201224184124","is_ascension_mode":true,"campfire_choices":[{"data":"Rupture","floor":6,"key":"SMITH"},{"data":"Juggernaut","floor":15,"key":"SMITH"}],"circlet_count":0,"master_deck":["AscendersBane","Strike_R","Strike_R","Strike_R","Strike_R","Defend_R","Defend_R","Defend_R","Defend_R","Bash","Rupture+1","Sword Boomerang","Infernal Blade","Spot Weakness","Warcry","Juggernaut+1","Metallicize","Iron Wave+1","Juggernaut","Sentinel+1","Warcry","Body Slam+1"],"relics":["Burning Blood","NeowsBlessing","Centennial Puzzle","Happy Flower","Lantern","Molten Egg 2","Strawberry","Pantograph","Black Star","Pocketwatch"],"acts_visited":["Exordium","TheCity"],"potions_floor_usage":[10,13,21,22,23],"damage_taken":[{"damage":0,"enemies":"Cultist","floor":1,"turns":1},{"damage":0,"enemies":"2 Louse","floor":7,"turns":1},{"damage":0,"enemies":"Gremlin Nob","floor":8,"turns":1},{"damage":8,"enemies":"3 Sentries","floor":10,"turns":6},{"damage":0,"enemies":"Small Slimes","floor":11,"turns":3},{"damage":3,"enemies":"Blue Slaver","floor":12,"turns":3},{"damage":28,"enemies":"Lagavulin","floor":13,"turns":6},{"damage":30,"enemies":"Slime Boss","floor":16,"turns":8},{"damage":18,"enemies":"Shell Parasite","floor":18,"turns":6},{"damage":24,"enemies":"Spheric Guardian","floor":20,"turns":4},{"damage":16,"enemies":"Shelled Parasite and Fungi","floor":21,"turns":4},{"damage":41,"enemies":"3 Cultists","floor":22,"turns":5},{"damage":41,"enemies":"Book of Stabbing","floor":23,"turns":4}],"seed_played":"-1196262905037586636","potions_obtained":[{"floor":5,"key":"FairyPotion"},{"floor":5,"key":"DuplicationPotion"},{"floor":5,"key":"HeartOfIron"},{"floor":10,"key":"DistilledChaos"},{"floor":11,"key":"Dexterity Potion"},{"floor":13,"key":"Fruit Juice"},{"floor":20,"key":"EssenceOfSteel"},{"floor":22,"key":"Dexterity Potion"}],"is_trial":false,"path_per_floor":["M","$","T","$","?","R","M","E","T","E","M","M","E","T","R","B",null,"M","T","M","M","M","E"],"character_chosen":"IRONCLAD","items_purchased":["Sword Boomerang","Infernal Blade"],"campfire_rested":0,"item_purchase_floors":[2,4],"current_hp_per_floor":[78,78,78,78,78,78,80,80,80,78,80,80,70,70,70,68,86,74,74,56,46,11,0,0],"gold":384,"neow_bonus":"THREE_ENEMY_KILL","is_daily":false,"chose_seed":false,"campfire_upgraded":2,"win_rate":0.0,"timestamp":1608860484,"path_taken":["M","?","?","$","?","R","?","E","T","E","M","M","E","?","R","BOSS","M","?","?","M","M","E"],"items_purchased_type":["Card","Card"],"build_version":"2020-12-22","purchased_purges":1,"victory":false,"max_hp_per_floor":[80,80,80,80,80,80,80,80,80,80,80,80,92,92,92,92,92,92,92,92,92,92,92,92],"card_choices":[{"not_picked":["Clothesline","Twin Strike"],"picked":"Rupture","floor":1},{"not_picked":["Pommel Strike","Body Slam"],"picked":"Spot Weakness","floor":7},{"not_picked":["Whirlwind","Body Slam"],"picked":"Warcry","floor":8},{"not_picked":["Power Through","Pommel Strike+1"],"picked":"Juggernaut","floor":10},{"not_picked":["Headbutt+1","Thunderclap+1"],"picked":"Metallicize","floor":11},{"not_picked":["Dual Wield","Cleave+1","Sever Soul+1"],"picked":"SKIP","floor":12},{"not_picked":["Hemokinesis+1","Sword Boomerang+1"],"picked":"Iron Wave+1","floor":13},{"not_picked":["Immolate+1","Corruption"],"picked":"Juggernaut","floor":16},{"not_picked":["Havoc","Rampage+1"],"picked":"Sentinel+1","floor":18},{"not_picked":["Intimidate","Clash+1"],"picked":"Warcry","floor":20},{"not_picked":["Thunderclap+1","Carnage+1","Rampage+1"],"picked":"SKIP","floor":21},{"not_picked":["Wild Strike+1","Headbutt+1"],"picked":"Body Slam+1","floor":22}],"player_experience":392877,"relics_obtained":[{"floor":3,"key":"Centennial Puzzle"},{"floor":8,"key":"Happy Flower"},{"floor":9,"key":"Lantern"},{"floor":10,"key":"Molten Egg 2"},{"floor":13,"key":"Strawberry"},{"floor":14,"key":"Pantograph"},{"floor":19,"key":"Pocketwatch"}],"event_choices":[{"damage_healed":0,"gold_gain":0,"player_choice":"Got Potions","damage_taken":0,"max_hp_gain":0,"max_hp_loss":0,"event_name":"Lab","floor":5,"gold_loss":0}],"is_beta":false,"boss_relics":[{"not_picked":["Runic Cube","Philosopher\u0027s Stone"],"picked":"Black Star"}],"items_purged_floors":[2],"is_endless":false,"potions_floor_spawned":[10,11,13,20,22],"killed_by":"Book of Stabbing","ascension_level":10}}