{"host":"eqvoimh73njwfgdh","time":1608938279,"event":{"mods":["AchievementEnabler","BaseMod","Better Altar","Better Match","Better Note","Better Sensory Stone","Better Skull","Better Third Choice","BetterRewards","Colored Powertips","Conspire","Energized Spire","Hubris","Minty Spire (QoL Compilation)","Permanent Neow","Rare Cards Sparkle","Relic Stats","Replay The Spire","Spicy Shops","StSLib","The Animator","The Blue Laboratory","vexMod"],"gold_per_floor":[124,124,124,141,141,167,167,201,201,119,119,141,141,169,169,279,279,297,18,37,37,37,37,66,84,109,109,109,109],"floor_reached":28,"playtime":1997,"items_purged":[],"score":277,"play_id":"3defdb39-5e1a-4650-a01d-89c0b710eb74","local_time":"20201226001759","is_ascension_mode":true,"campfire_choices":[{"floor":7,"key":"REST"},{"floor":13,"key":"RECALL"},{"floor":15,"key":"REST"},{"floor":23,"key":"REST"}],"circlet_count":0,"master_deck":["animator:Strike_FullmetalAlchemist+1","animator:Defend_FullmetalAlchemist+1","animator:Strike+1","animator:Strike+1","animator:Strike+1","animator:Defend+1","animator:Defend+1","animator:Defend+1","animator:ElricEdward+1","animator:ElricAlphonse","animator:Gillette","animator:HououinKyouma","animator:EmiyaShirou","animator:GazelDwargon","Normality","animator:Envy","animator:Emonzaemon","animator:Shiro","animator:MaesHughes","animator:DolaSchwi","animator:Archer","animator:MaesHughes","animator:Gillette"],"relics":["animator:LivingPicture","animator:TheMissingPiece","animator:PurgingStone","hubris:64BitClover","conspire:BottledYoYo","ReplayTheSpireMod:TigerMarble","Ring of Panic","Ring of Hypnosis","hubris:PeanutButter","energizedSpire:SpiderWeb","Replay:Baseball","hubris:Icosahedron","vexMod:MemoryStick"],"acts_visited":["Exordium","TheCity"],"potions_floor_usage":[16,16,28,28],"damage_taken":[{"damage":1,"enemies":"Cultist","floor":1,"turns":3},{"damage":13,"enemies":"2 Louse","floor":4,"turns":2},{"damage":18,"enemies":"Replay:BlueRogue","floor":6,"turns":9},{"damage":9,"enemies":"Lagavulin","floor":8,"turns":8},{"damage":2,"enemies":"Small Slimes","floor":12,"turns":4},{"damage":16,"enemies":"3 Sentries","floor":14,"turns":7},{"damage":20,"enemies":"Fading Forest","floor":16,"turns":11},{"damage":41,"enemies":"Shell Parasite","floor":18,"turns":7},{"damage":17,"enemies":"3 Byrds","floor":20,"turns":7},{"damage":5,"enemies":"conspire:SneckoGhost","floor":24,"turns":9},{"damage":13,"enemies":"Snecko","floor":25,"turns":9},{"damage":11,"enemies":"Shelled Parasite and Fungi","floor":28,"turns":4}],"seed_played":"-1221067067724304433","potions_obtained":[{"floor":1,"key":"SteroidPotion"},{"floor":6,"key":"Swift Potion"},{"floor":12,"key":"blueLaboratory:BubblePotion"},{"floor":20,"key":"BlessingOfTheForge"},{"floor":25,"key":"blueLaboratory:LouseDecoction"}],"is_trial":false,"path_per_floor":["M","?","?","M","?","E","R","E","T","$","?","M","R","E","R","B",null,"M","$","M","?","?","R","E","M","T","?","M"],"character_chosen":"THE_ANIMATOR","items_purchased":["animator:GazelDwargon","Replay:Baseball","animator:DolaSchwi","animator:Archer"],"campfire_rested":3,"item_purchase_floors":[10,19,19,19],"current_hp_per_floor":[65,65,65,52,52,34,53,44,44,44,44,42,42,26,45,35,66,26,26,9,9,9,29,24,11,11,11,0,0],"gold":109,"neow_bonus":"RANDOM_EVENT","is_daily":false,"chose_seed":false,"campfire_upgraded":0,"win_rate":0.0,"timestamp":1608938279,"path_taken":["M","?","?","M","?","E","R","E","T","$","?","M","R","E","R","BOSS","M","$","M","?","?","R","E","M","T","?","M"],"items_purchased_type":["Card","Relic","Card","Card"],"build_version":"2020-12-22","purchased_purges":0,"victory":false,"max_hp_per_floor":[66,66,66,66,66,66,66,66,66,66,66,66,66,66,66,66,66,67,67,67,67,67,67,67,67,67,67,67,67],"relic_stats":{"counters":[12,80],"obtain_stats":[{"vexMod:MemoryStick":24,"Ring of Hypnosis":11,"hubris:64BitClover":6,"animator:TheMissingPiece":0,"energizedSpire:SpiderWeb":17,"Replay:Baseball":19,"hubris:Icosahedron":21,"animator:PurgingStone":0,"hubris:PeanutButter":14,"animator:LivingPicture":0,"conspire:BottledYoYo":8,"ReplayTheSpireMod:TigerMarble":9,"Ring of Panic":11},{"vexMod:MemoryStick":10,"Ring of Hypnosis":4,"hubris:64BitClover":3,"animator:TheMissingPiece":0,"energizedSpire:SpiderWeb":7,"Replay:Baseball":8,"hubris:Icosahedron":9,"animator:PurgingStone":0,"hubris:PeanutButter":6,"animator:LivingPicture":0,"conspire:BottledYoYo":4,"ReplayTheSpireMod:TigerMarble":4,"Ring of Panic":4},{"vexMod:MemoryStick":67,"Ring of Hypnosis":22,"hubris:64BitClover":14,"animator:TheMissingPiece":0,"energizedSpire:SpiderWeb":44,"Replay:Baseball":51,"hubris:Icosahedron":58,"animator:PurgingStone":0,"hubris:PeanutButter":33,"animator:LivingPicture":0,"conspire:BottledYoYo":22,"ReplayTheSpireMod:TigerMarble":22,"Ring of Panic":22}]},"card_choices":[{"not_picked":["animator:HighElfArcher","animator:Entoma"],"picked":"animator:Gillette","floor":1},{"not_picked":["animator:QuestionMark","animator:TanyaDegurechaff"],"picked":"animator:HououinKyouma","floor":3},{"not_picked":["animator:LizardPriest","animator:Jibril"],"picked":"animator:EmiyaShirou","floor":4},{"not_picked":["animator:AcuraTooru","animator:HiiragiShinya","animator:GuildGirl"],"picked":"SKIP","floor":6},{"not_picked":["animator:Alexander","animator:Illya"],"picked":"animator:Envy","floor":12},{"not_picked":["animator:SakuraMatou","animator:Arpeggio"],"picked":"animator:Emonzaemon","floor":14},{"not_picked":["animator:Kyubey","animator:Eris"],"picked":"animator:Shiro","floor":16},{"not_picked":["animator:Darkness","animator:Millim"],"picked":"animator:MaesHughes","floor":18},{"not_picked":["animator:Scar","animator:ElricAlphonse"],"picked":"animator:MaesHughes","floor":20},{"not_picked":["animator:Spearman","animator:Entoma","animator:Viivi"],"picked":"SKIP","floor":24},{"not_picked":["animator:HiiragiShinya","animator:AcuraAkari"],"picked":"animator:Gillette","floor":25}],"player_experience":106980,"relics_obtained":[{"floor":6,"key":"hubris:64BitClover"},{"floor":8,"key":"conspire:BottledYoYo"},{"floor":9,"key":"ReplayTheSpireMod:TigerMarble"},{"floor":11,"key":"Ring of Panic"},{"floor":11,"key":"Ring of Hypnosis"},{"floor":14,"key":"hubris:PeanutButter"},{"floor":24,"key":"vexMod:MemoryStick"}],"event_choices":[{"damage_healed":0,"gold_gain":0,"player_choice":"Grow","damage_taken":0,"max_hp_gain":0,"max_hp_loss":0,"event_name":"Living Wall","floor":0,"gold_loss":0,"cards_upgraded":["animator:ElricEdward"]},{"damage_healed":0,"gold_gain":0,"player_choice":"Leave","damage_taken":0,"max_hp_gain":0,"max_hp_loss":0,"event_name":"conspire:Investor","floor":2,"gold_loss":0},{"damage_healed":0,"gold_gain":1,"player_choice":"1","damage_taken":0,"max_hp_gain":0,"max_hp_loss":0,"event_name":"betterStone:BetterStone","floor":3,"gold_loss":0},{"damage_healed":0,"gold_gain":0,"player_choice":"Leave","damage_taken":0,"max_hp_gain":0,"max_hp_loss":0,"event_name":"The Cleric","floor":5,"gold_loss":0},{"damage_healed":0,"gold_gain":0,"player_choice":"Simplicity","damage_taken":0,"max_hp_gain":0,"max_hp_loss":8,"event_name":"betterThird:BetterWriting","floor":22,"gold_loss":0},{"damage_healed":0,"gold_gain":0,"player_choice":"Ignored","damage_taken":0,"max_hp_gain":0,"max_hp_loss":0,"event_name":"N\u0027loth","floor":27,"gold_loss":0}],"is_beta":false,"boss_relics":[{"not_picked":["hubris:Backtick","animator:CursedBlade"],"picked":"energizedSpire:SpiderWeb"}],"items_purged_floors":[],"is_endless":false,"potions_floor_spawned":[1,6,12,20,25],"killed_by":"Shelled Parasite and Fungi","ascension_level":2}}