{"host":"3rixevx6n8b56xaj","time":1608915648,"event":{"mods":["2.2 Compatiblity","AchievementEnabler","Arknights The Spire","BaseMod","Colored Map","DeckTracker","Friendly Minions","Minty Spire (QoL Compilation)","StSLib","SuperFastMode"],"gold_per_floor":[115,115,115,135,150,150,168,183,209,239,279,279,279,292,292,425,425,472,472,513,127,176,176,176,176],"floor_reached":24,"playtime":686,"items_purged":["Defend_P"],"score":225,"play_id":"e0d6d6ed-4370-42ef-bfc0-a045961634d4","local_time":"20201226020048","is_ascension_mode":false,"campfire_choices":[{"data":"Eruption","floor":6,"key":"SMITH"},{"data":"Wish","floor":12,"key":"SMITH"},{"data":"Evaluate","floor":15,"key":"SMITH"},{"data":"Strike_P","floor":23,"key":"PURGE"}],"circlet_count":0,"master_deck":["Strike_P","Strike_P","Defend_P+1","Defend_P","Defend_P+1","Eruption+1","Vigilance","Ragnarok+1","Swivel+1","EmptyFist+1","Evaluate+1","Wish+1","EmptyMind+1","LessonLearned","Meditate+1"],"relics":["PureWater","Pen Nib","ats:Originium","War Paint","VioletLotus","Oddly Smooth Stone","Peace Pipe"],"acts_visited":["Exordium","TheCity"],"potions_floor_usage":[10,16,20,24],"damage_taken":[{"damage":1,"enemies":"2 Louse","floor":1,"turns":2},{"damage":0,"enemies":"Small Slimes","floor":4,"turns":2},{"damage":0,"enemies":"Cultist","floor":5,"turns":2},{"damage":0,"enemies":"Looter","floor":7,"turns":1},{"damage":0,"enemies":"Exordium Thugs","floor":8,"turns":3},{"damage":0,"enemies":"Lagavulin","floor":10,"turns":3},{"damage":8,"enemies":"Large Slime","floor":11,"turns":3},{"damage":0,"enemies":"Gremlin Gang","floor":14,"turns":1},{"damage":30,"enemies":"Hexaghost","floor":16,"turns":8},{"damage":10,"enemies":"Spheric Guardian","floor":18,"turns":6},{"damage":25,"enemies":"2 Thieves","floor":20,"turns":5},{"damage":24,"enemies":"Snake Plant","floor":22,"turns":6},{"damage":18,"enemies":"Slavers","floor":24,"turns":3}],"seed_played":"-1200796980813460066","potions_obtained":[{"floor":1,"key":"EssenceOfSteel"},{"floor":7,"key":"ColorlessPotion"},{"floor":8,"key":"Strength Potion"},{"floor":14,"key":"LiquidBronze"},{"floor":16,"key":"Fire Potion"},{"floor":22,"key":"ColorlessPotion"}],"is_trial":false,"path_per_floor":["M","?","?","M","M","R","M","M","T","E","M","R","?","M","R","B",null,"M","?","M","$","M","R","E"],"character_chosen":"WATCHER","items_purchased":["Peace Pipe"],"campfire_rested":0,"item_purchase_floors":[21],"current_hp_per_floor":[71,57,57,57,57,57,57,57,57,57,49,49,42,42,42,12,72,62,62,37,37,13,13,0,0],"gold":176,"neow_bonus":"ONE_RANDOM_RARE_CARD","is_daily":false,"chose_seed":false,"campfire_upgraded":3,"win_rate":0.0,"timestamp":1608915648,"path_taken":["M","?","?","M","M","R","M","M","T","E","M","R","?","M","R","BOSS","M","?","M","$","?","R","E"],"items_purchased_type":["Relic"],"build_version":"2020-12-22","purchased_purges":1,"victory":false,"max_hp_per_floor":[72,72,72,72,72,72,72,72,72,72,72,72,72,72,72,72,72,72,72,72,72,72,72,72,72],"card_choices":[{"not_picked":["Conclude","FlyingSleeves"],"picked":"Swivel","floor":1},{"not_picked":["Crescendo","WheelKick"],"picked":"EmptyFist","floor":4},{"not_picked":["Consecrate","EmptyBody"],"picked":"Evaluate","floor":5},{"not_picked":["Weave","Worship","LikeWater"],"picked":"SKIP","floor":7},{"not_picked":["PathToVictory","Conclude","WindmillStrike"],"picked":"SKIP","floor":8},{"not_picked":["Swivel","JustLucky"],"picked":"Wish","floor":10},{"not_picked":["EmptyFist","Prostrate"],"picked":"EmptyMind","floor":11},{"not_picked":["ClearTheMind","Meditate","Protect"],"picked":"SKIP","floor":14},{"not_picked":["ConjureBlade","Ragnarok"],"picked":"LessonLearned","floor":16},{"not_picked":["Evaluate","PathToVictory","ForeignInfluence"],"picked":"SKIP","floor":18},{"not_picked":["Vengeance","PathToVictory"],"picked":"Meditate+1","floor":20},{"not_picked":["Worship","CarveReality","EmptyFist+1"],"picked":"SKIP","floor":22}],"player_experience":569429,"relics_obtained":[{"floor":9,"key":"Pen Nib"},{"floor":10,"key":"ats:Originium"},{"floor":10,"key":"War Paint"}],"event_choices":[{"damage_healed":0,"gold_gain":0,"player_choice":"Entered Light","damage_taken":14,"max_hp_gain":0,"max_hp_loss":0,"event_name":"Shining Light","floor":2,"gold_loss":0,"cards_upgraded":["Swivel","Ragnarok"]},{"damage_healed":0,"gold_gain":0,"player_choice":"Ignored","damage_taken":0,"max_hp_gain":0,"max_hp_loss":0,"event_name":"Liars Game","floor":3,"gold_loss":0},{"cards_removed":["Strike_P"],"damage_healed":0,"gold_gain":0,"player_choice":"Card Removal","damage_taken":7,"max_hp_gain":0,"max_hp_loss":0,"event_name":"Golden Wing","floor":13,"gold_loss":0},{"damage_healed":0,"gold_gain":0,"player_choice":"Gave Potion","damage_taken":0,"relics_obtained":["Oddly Smooth Stone"],"max_hp_gain":0,"max_hp_loss":0,"event_name":"WeMeetAgain","floor":19,"gold_loss":0}],"is_beta":false,"boss_relics":[{"not_picked":["Ectoplasm","Empty Cage"],"picked":"VioletLotus"}],"items_purged_floors":[21],"is_endless":false,"potions_floor_spawned":[1,7,8,14,16,22],"killed_by":"Slavers","ascension_level":0}}