{"host":"84djn3gpchegxmg2","time":1608921298,"event":{"mods":["AchievementEnabler","BaseMod","Block Reminder","CapriCore","GifTheSpireLib","Minty Spire (QoL Compilation)","Rare Cards Sparkle","Relic Stats","Slay-I","StSLib","Waifu the Spire","everything is the same but u backflip on backflip"],"gold_per_floor":[111,111,122,26,26,26,60,79,79,94,169,201,201,217,217,314,314,327,21,35,46,62,62,96,96,120,120,220,255,255,354,354,459,459,472,472,472,218,231,231,231],"floor_reached":40,"playtime":2759,"items_purged":[],"score":454,"play_id":"ad4078f3-25a3-41c6-a366-bc36d2d94540","local_time":"20201225193458","is_ascension_mode":true,"campfire_choices":[{"data":"CutThroughFate","floor":6,"key":"SMITH"},{"floor":13,"key":"REST"},{"floor":15,"key":"REST"},{"floor":23,"key":"REST"},{"data":"Conclude","floor":25,"key":"SMITH"},{"floor":27,"key":"REST"},{"floor":30,"key":"REST"},{"floor":32,"key":"DIG"}],"circlet_count":0,"master_deck":["Strike_P","Strike_P+1","Strike_P","Strike_P","Defend_P","Defend_P","Defend_P+1","Defend_P","Eruption","Vigilance","Protect","CutThroughFate+1","FollowUp","Protect","Weave","Vengeance","FlurryOfBlows","Judgement","Establishment","DeceiveReality","BattleHymn","Conclude+1","Vengeance","Wallop","Wallop+1","SashWhip","LessonLearned","CurseOfTheBell","BowlingBash","FollowUp","ClearTheMind","Weave","Perseverance+1"],"relics":["PureWater","WingedGreaves","CaptainsWheel","Bronze Scales","VioletLotus","Prayer Wheel","Ancient Tea Set","Smiling Mask","Shovel","Eternal Feather","Bird Faced Urn","Pantograph","Calling Bell","FossilizedHelix","Matryoshka","Toy Ornithopter","Medical Kit"],"acts_visited":["Exordium","TheCity","TheBeyond"],"potions_floor_usage":[12,12,24,28,28,33,33],"damage_taken":[{"damage":0,"enemies":"2 Louse","floor":1,"turns":3},{"damage":0,"enemies":"Cultist","floor":3,"turns":2},{"damage":11,"enemies":"3 Sentries","floor":7,"turns":11},{"damage":0,"enemies":"Jaw Worm","floor":8,"turns":3},{"damage":0,"enemies":"Exordium Wildlife","floor":10,"turns":4},{"damage":13,"enemies":"Lagavulin","floor":12,"turns":4},{"damage":1,"enemies":"2 Fungi Beasts","floor":14,"turns":3},{"damage":5,"enemies":"Slime Boss","floor":16,"turns":8},{"damage":7,"enemies":"2 Thieves","floor":18,"turns":3},{"damage":0,"enemies":"Spheric Guardian","floor":20,"turns":1},{"damage":16,"enemies":"Snake Plant","floor":21,"turns":4},{"damage":17,"enemies":"Centurion and Healer","floor":22,"turns":5},{"damage":1,"enemies":"Gremlin Leader","floor":24,"turns":7},{"damage":12,"enemies":"Colosseum Slavers","floor":28,"turns":4},{"damage":8,"enemies":"Colosseum Nobs","floor":28,"turns":5},{"damage":26,"enemies":"Book of Stabbing","floor":29,"turns":6},{"damage":28,"enemies":"Collector","floor":33,"turns":11},{"damage":14,"enemies":"Orb Walker","floor":35,"turns":5},{"damage":72,"enemies":"3 Darklings","floor":39,"turns":9},{"damage":22,"enemies":"Spire Growth","floor":40,"turns":2}],"seed_played":"-1094625249505146042","potions_obtained":[{"floor":0,"key":"Ancient Potion"},{"floor":0,"key":"StancePotion"},{"floor":0,"key":"SkillPotion"},{"floor":5,"key":"Energy Potion"},{"floor":14,"key":"LiquidBronze"},{"floor":18,"key":"AttackPotion"},{"floor":24,"key":"DistilledChaos"},{"floor":29,"key":"PowerPotion"},{"floor":35,"key":"ColorlessPotion"}],"is_trial":false,"path_per_floor":["M","?","M","$","?","R","E","M","T","M","?","E","R","M","R","B",null,"M","$","M","M","M","R","E","R","T","R","?","E","R","?","R","B",null,"M","?","?","$","M","M"],"character_chosen":"WATCHER","items_purchased":["FollowUp","Protect","Prayer Wheel","Medical Kit","PowerPotion","ClearTheMind"],"campfire_rested":5,"item_purchase_floors":[4,4,19,38,38,38],"current_hp_per_floor":[72,58,58,58,58,58,47,47,47,47,40,27,48,47,68,63,72,65,65,65,49,32,53,52,52,52,72,52,26,62,62,72,46,72,58,58,72,72,2,0,0],"gold":231,"neow_bonus":"THREE_SMALL_POTIONS","is_daily":false,"chose_seed":false,"campfire_upgraded":2,"win_rate":0.0,"timestamp":1608921298,"path_taken":["M","?","M","$","?","R","E","?","T","M","?","E","R","?","R","BOSS","M","$","M","?","M","R","E","R","T","R","?","E","R","?","R","BOSS","M","?","?","$","M","M"],"items_purchased_type":["Card","Card","Relic","Relic","Potion","Card"],"build_version":"2020-12-22","purchased_purges":0,"victory":false,"max_hp_per_floor":[72,72,72,72,72,72,72,72,72,72,72,72,72,72,72,72,72,72,72,72,72,72,72,72,72,72,72,72,72,72,72,72,72,72,72,72,72,72,72,72,72],"relic_stats":{"Shovel":1,"counters":[20,100],"Bronze Scales":[228],"Bird Faced Urn":[6],"Pantograph":0,"Prayer Wheel":5,"Eternal Feather":25,"VioletLotus":[5],"Smiling Mask":0,"Medical Kit":[0],"obtain_stats":[{"Eternal Feather":28,"Ancient Tea Set":24,"Smiling Mask":26,"Medical Kit":38,"Calling Bell":34,"CaptainsWheel":9,"Shovel":28,"Matryoshka":34,"Bronze Scales":12,"Bird Faced Urn":29,"Pantograph":32,"Prayer Wheel":19,"WingedGreaves":7,"VioletLotus":17,"PureWater":0,"FossilizedHelix":34,"Toy Ornithopter":34},{"Eternal Feather":15,"Ancient Tea Set":13,"Smiling Mask":13,"Medical Kit":18,"Calling Bell":17,"CaptainsWheel":4,"Shovel":15,"Matryoshka":17,"Bronze Scales":6,"Bird Faced Urn":16,"Pantograph":16,"Prayer Wheel":9,"WingedGreaves":3,"VioletLotus":8,"PureWater":0,"FossilizedHelix":17,"Toy Ornithopter":17},{"Eternal Feather":67,"Ancient Tea Set":58,"Smiling Mask":58,"Medical Kit":89,"Calling Bell":84,"CaptainsWheel":19,"Shovel":67,"Matryoshka":84,"Bronze Scales":27,"Bird Faced Urn":73,"Pantograph":73,"Prayer Wheel":41,"WingedGreaves":16,"VioletLotus":38,"PureWater":0,"FossilizedHelix":84,"Toy Ornithopter":84}],"Toy Ornithopter":0},"card_choices":[{"not_picked":["JustLucky","Weave"],"picked":"Protect","floor":1},{"not_picked":["CrushJoints","ForeignInfluence"],"picked":"CutThroughFate","floor":3},{"not_picked":["Study","Prostrate"],"picked":"Weave","floor":7},{"not_picked":["DevaForm","Consecrate"],"picked":"Vengeance","floor":8},{"not_picked":["Pray","CrushJoints"],"picked":"FlurryOfBlows","floor":10},{"not_picked":["FlurryOfBlows","EmptyBody"],"picked":"Judgement","floor":12},{"not_picked":["EmptyFist","ClearTheMind","WaveOfTheHand"],"picked":"SKIP","floor":14},{"not_picked":["SpiritShield","DevaForm"],"picked":"Establishment","floor":16},{"not_picked":["Nirvana","ThirdEye"],"picked":"DeceiveReality","floor":18},{"not_picked":["Adaptation","InnerPeace"],"picked":"BattleHymn","floor":20},{"not_picked":["InnerPeace","SandsOfTime"],"picked":"Conclude","floor":20},{"not_picked":["WheelKick","ThirdEye"],"picked":"Vengeance","floor":21},{"not_picked":["Evaluate","FlyingSleeves+1","JustLucky"],"picked":"SKIP","floor":21},{"not_picked":["SignatureMove","EmptyBody"],"picked":"Wallop","floor":22},{"not_picked":["ThirdEye","EmptyBody","Halt"],"picked":"SKIP","floor":22},{"not_picked":["SignatureMove","DevaForm","ReachHeaven"],"picked":"SKIP","floor":24},{"not_picked":["EmptyBody","CrushJoints"],"picked":"Wallop+1","floor":28},{"not_picked":["Crescendo","PathToVictory"],"picked":"SashWhip","floor":29},{"not_picked":["Devotion","Wish"],"picked":"LessonLearned","floor":33},{"not_picked":["Vengeance+1","SignatureMove"],"picked":"BowlingBash","floor":35},{"not_picked":["JustLucky","ReachHeaven+1"],"picked":"FollowUp","floor":35},{"not_picked":["Evaluate+1","SashWhip"],"picked":"Weave","floor":39},{"not_picked":["Vengeance+1","EmptyBody+1"],"picked":"Perseverance+1","floor":39}],"player_experience":210045,"relics_obtained":[{"floor":7,"key":"WingedGreaves"},{"floor":9,"key":"CaptainsWheel"},{"floor":12,"key":"Bronze Scales"},{"floor":24,"key":"Ancient Tea Set"},{"floor":26,"key":"Smiling Mask"},{"floor":28,"key":"Shovel"},{"floor":28,"key":"Eternal Feather"},{"floor":29,"key":"Bird Faced Urn"},{"floor":32,"key":"Pantograph"},{"floor":34,"key":"FossilizedHelix"},{"floor":34,"key":"Matryoshka"},{"floor":34,"key":"Toy Ornithopter"}],"event_choices":[{"damage_healed":0,"gold_gain":0,"player_choice":"Entered Light","damage_taken":14,"max_hp_gain":0,"max_hp_loss":0,"event_name":"Shining Light","floor":2,"gold_loss":0,"cards_upgraded":["Defend_P","Strike_P"]},{"damage_healed":0,"gold_gain":0,"player_choice":"Got Potions","damage_taken":0,"max_hp_gain":0,"max_hp_loss":0,"event_name":"Lab","floor":5,"gold_loss":0},{"damage_healed":0,"gold_gain":75,"player_choice":"Touch","damage_taken":7,"max_hp_gain":0,"max_hp_loss":0,"event_name":"FaceTrader","floor":11,"gold_loss":0},{"damage_healed":0,"gold_gain":0,"player_choice":"Fight","damage_taken":0,"max_hp_gain":0,"max_hp_loss":0,"event_name":"Colosseum","floor":28,"gold_loss":0},{"damage_healed":0,"gold_gain":0,"player_choice":"Fought Nobs","damage_taken":0,"max_hp_gain":0,"max_hp_loss":0,"event_name":"Colosseum","floor":28,"gold_loss":0},{"damage_healed":0,"gold_gain":99,"player_choice":"Stole From Cult","damage_taken":0,"max_hp_gain":0,"max_hp_loss":0,"event_name":"Nest","floor":31,"gold_loss":0},{"damage_healed":0,"gold_gain":0,"player_choice":"Ignored","damage_taken":0,"max_hp_gain":0,"max_hp_loss":0,"event_name":"Mysterious Sphere","floor":36,"gold_loss":0},{"damage_healed":14,"gold_gain":0,"player_choice":"Full Heal","damage_taken":0,"max_hp_gain":0,"max_hp_loss":0,"event_name":"Wheel of Change","floor":37,"gold_loss":0}],"is_beta":false,"boss_relics":[{"not_picked":["Sozu","Tiny House"],"picked":"VioletLotus"},{"not_picked":["Empty Cage","SacredBark"],"picked":"Calling Bell"}],"items_purged_floors":[],"is_endless":false,"potions_floor_spawned":[8,14,18,24,29,35],"killed_by":"Spire Growth","ascension_level":1}}