{"host":"rvh455abssmal91i","time":1608872533,"event":{"mods":["AchievementEnabler","Aspiration","BaseMod","BetterRewards","Colored Map","Colored Powertips","Gold Saver","Googly Eyes","Highlight Path","Infinite Spire","Mimic Mod","Minty Spire (QoL Compilation)","Spikes Relics","StSLib"],"gold_per_floor":[750,700,713,252,262,262,290,309,342,352,371,371,371,381,381,476,476,491,416,416,70,81,113,113,143,143,162,162,192,220,220,220,322,322,339,394,412,412,412,412,441,453,534,534,534],"floor_reached":44,"playtime":3643,"items_purged":[],"score":504,"play_id":"62e00f3b-a330-463a-89e8-35b721d0b523","local_time":"20201225000213","is_ascension_mode":true,"campfire_choices":[{"data":"Streamline","floor":6,"key":"SMITH"},{"data":"Streamline","floor":13,"key":"SMITH"},{"floor":15,"key":"REST"},{"data":"Rip and Tear","floor":24,"key":"SMITH"},{"data":"Biased Cognition","floor":28,"key":"SMITH"},{"data":"Sweeping Beam","floor":32,"key":"SMITH"},{"data":"Slice","floor":40,"key":"SMITH"}],"circlet_count":0,"master_deck":["Strike_B","Strike_B","Defend_B+1","Defend_B+1","Defend_B+1","Defend_B+1","Zap+1","Dualcast+1","Streamline+1","Rip and Tear+1","Rebound","Turbo+1","Ball Lightning","Chill+1","Stack+1","Streamline+1","Biased Cognition+1","Conserve Battery","infinitespire:FutureSight+1","Leap+1","Cold Snap+1","Sweeping Beam+1","Leg Sweep+1","Slice+1","Blade Dance+1","Outmaneuver+1"],"relics":["Cracked Core","aspiration:Nostalgia","infinitespire:DarkRift","Bird Faced Urn","infinitespire:Beetle Shell","SlaversCollar","PreservedInsect","Toolbox","HornCleat","Happy Flower","Juzu Bracelet","aspiration:SilentSkillbook","War Paint","infinitespire:BottledMercury","aspiration:FrozenJewel"],"acts_visited":["Exordium","TheCity","TheBeyond"],"potions_floor_usage":[33,42,44],"damage_taken":[{"damage":9,"enemies":"2 Louse","floor":1,"turns":3},{"damage":6,"enemies":"Jaw Worm","floor":3,"turns":2},{"damage":0,"enemies":"Cultist","floor":5,"turns":3},{"damage":21,"enemies":"3 Sentries","floor":7,"turns":6},{"damage":0,"enemies":"Large Slime","floor":8,"turns":5},{"damage":0,"enemies":"3 Louse","floor":9,"turns":4},{"damage":6,"enemies":"3 Louse","floor":10,"turns":3},{"damage":5,"enemies":"Looter","floor":11,"turns":2},{"damage":0,"enemies":"Exordium Wildlife","floor":14,"turns":1},{"damage":11,"enemies":"Slime Boss","floor":16,"turns":7},{"damage":3,"enemies":"3 Byrds","floor":18,"turns":6},{"damage":6,"enemies":"2 Thieves","floor":22,"turns":4},{"damage":2,"enemies":"Book of Stabbing","floor":23,"turns":5},{"damage":1,"enemies":"Centurion and Healer","floor":25,"turns":5},{"damage":0,"enemies":"Snecko","floor":27,"turns":4},{"damage":1,"enemies":"3 Cultists","floor":29,"turns":7},{"damage":9,"enemies":"Gremlin Leader","floor":30,"turns":4},{"damage":39,"enemies":"Collector","floor":33,"turns":14},{"damage":12,"enemies":"3 Darklings","floor":35,"turns":9},{"damage":5,"enemies":"3 Shapes","floor":37,"turns":7},{"damage":16,"enemies":"Nemesis","floor":41,"turns":8},{"damage":33,"enemies":"Jaw Worm Horde","floor":42,"turns":5},{"damage":49,"enemies":"Giant Head","floor":44,"turns":11}],"seed_played":"762015597626602539","potions_obtained":[{"floor":1,"key":"Fire Potion"},{"floor":7,"key":"BlessingOfTheForge"},{"floor":16,"key":"AttackPotion"},{"floor":35,"key":"Block Potion"}],"is_trial":false,"path_per_floor":["M","?","M","$","M","R","E","M","MIM","M","M","?","R","M","R","B",null,"M","?","?","$","M","E","R","M","T","M","R","M","E","?","R","B",null,"M","T","M","?","?","R","E","M","T","E"],"character_chosen":"DEFECT","items_purchased":["aspiration:Nostalgia","Bird Faced Urn","PreservedInsect","Toolbox","Leap"],"campfire_rested":1,"item_purchase_floors":[4,4,21,21,21],"current_hp_per_floor":[73,73,67,67,67,67,46,46,46,40,35,35,35,35,59,48,82,79,79,58,58,64,64,64,79,79,81,81,82,75,75,75,38,82,72,72,79,78,78,78,66,35,35,0,0],"gold":534,"neow_bonus":"TEN_PERCENT_HP_BONUS","is_daily":false,"chose_seed":false,"campfire_upgraded":6,"win_rate":0.0,"timestamp":1608872533,"path_taken":["M","?","M","$","M","R","E","M","MIM","M","?","?","R","M","R","BOSS","M","?","?","?","M","E","R","M","T","?","R","M","E","?","R","BOSS","M","?","M","?","?","R","E","M","T","E"],"items_purchased_type":["Relic","Relic","Relic","Relic","Card"],"build_version":"2020-12-22","purchased_purges":0,"victory":false,"max_hp_per_floor":[82,82,82,82,82,82,82,82,82,82,82,82,82,82,82,82,82,82,82,82,82,82,82,82,82,82,82,82,82,82,82,82,82,82,82,82,82,78,78,78,78,78,78,78,78],"card_choices":[{"not_picked":["Hologram","Go for the Eyes"],"picked":"Streamline","floor":1},{"not_picked":["Hologram","Seek"],"picked":"Rip and Tear","floor":3},{"not_picked":["Coolheaded","Barrage"],"picked":"Rebound","floor":5},{"not_picked":["Rebound","Darkness"],"picked":"Turbo","floor":7},{"not_picked":["Steam","Coolheaded"],"picked":"Ball Lightning","floor":8},{"not_picked":["FTL","Steam"],"picked":"Chill","floor":9},{"not_picked":["Meteor Strike","Coolheaded"],"picked":"Stack","floor":10},{"not_picked":["Go for the Eyes","Gash"],"picked":"Streamline","floor":11},{"not_picked":["Barrage","Ball Lightning","Rip and Tear"],"picked":"SKIP","floor":14},{"not_picked":["Buffer","Thunder Strike"],"picked":"Biased Cognition","floor":16},{"not_picked":["Cold Snap+1","Doom and Gloom"],"picked":"Conserve Battery","floor":18},{"not_picked":["infinitespire:Execution","infinitespire:SealOfDarkness+"],"picked":"infinitespire:FutureSight","floor":20},{"not_picked":["Conserve Battery","Tempest","Stack"],"picked":"SKIP","floor":22},{"not_picked":["All For One","Coolheaded","Redo"],"picked":"SKIP","floor":23},{"not_picked":["Ball Lightning","Redo+1"],"picked":"Cold Snap+1","floor":25},{"not_picked":["Turbo","Reprogram","Compile Driver"],"picked":"SKIP","floor":27},{"not_picked":["Tempest+1","Ball Lightning"],"picked":"Sweeping Beam","floor":29},{"not_picked":["Fusion","Sweeping Beam","Tempest"],"picked":"SKIP","floor":30},{"not_picked":["Sweeping Beam+1","Acrobatics","Rebound+1"],"picked":"Leg Sweep+1","floor":35},{"not_picked":["Beam Cell+1","Cloak And Dagger+1","Conserve Battery"],"picked":"Slice","floor":37},{"not_picked":["Dodge and Roll","Blizzard","Beam Cell"],"picked":"Blade Dance+1","floor":41},{"not_picked":["White Noise","Sweeping Beam+1","Deadly Poison+1"],"picked":"Outmaneuver+1","floor":42}],"player_experience":135354,"relics_obtained":[{"floor":7,"key":"Pen Nib"},{"floor":9,"key":"infinitespire:Beetle Shell"},{"floor":23,"key":"HornCleat"},{"floor":26,"key":"Happy Flower"},{"floor":30,"key":"Juzu Bracelet"},{"floor":36,"key":"War Paint"},{"floor":41,"key":"infinitespire:BottledMercury"},{"floor":43,"key":"aspiration:FrozenJewel"}],"event_choices":[{"cards_removed":["Strike_B"],"damage_healed":0,"gold_gain":0,"player_choice":"Card Removal","damage_taken":0,"max_hp_gain":0,"max_hp_loss":0,"event_name":"The Cleric","floor":2,"gold_loss":50},{"cards_removed":["Strike_B"],"damage_healed":0,"gold_gain":0,"player_choice":"Gave Gold","damage_taken":0,"max_hp_gain":0,"max_hp_loss":0,"event_name":"Beggar","floor":19,"gold_loss":75},{"damage_healed":0,"gold_gain":0,"player_choice":"Bought 0 Potions","damage_taken":0,"max_hp_gain":0,"max_hp_loss":0,"event_name":"The Woman in Blue","floor":31,"gold_loss":0},{"damage_healed":0,"gold_gain":0,"player_choice":"Max HP","damage_taken":0,"max_hp_gain":0,"max_hp_loss":4,"event_name":"Winding Halls","floor":38,"gold_loss":0}],"is_beta":false,"boss_relics":[{"not_picked":["Calling Bell","SacredBark"],"picked":"SlaversCollar"},{"not_picked":["Velvet Choker","aspiration:RitualDagger"],"picked":"aspiration:SilentSkillbook"}],"items_purged_floors":[],"is_endless":false,"potions_floor_spawned":[1,7,16,23,25,27,35,37],"killed_by":"Giant Head","ascension_level":1}}