{"host":"bbcqjedmotowk2e9","time":1608920085,"event":{"mods":["A Magickal Journey","AchievementEnabler","Aspiration","BaseMod","BetterRewards","Colored Powertips","Conspire","Energized Spire","GifTheSpireLib","Halation","Hubris","Hyrulean Relics","Minty Spire (QoL Compilation)","Permanent Neow","Quick Restart","Relic Stats","Replay The Spire","Spires And Sneckos","StSLib","Stuff the Spire","Synergy Search","The Disciple","vexMod"],"gold_per_floor":[111,111,111,36,50,50,104,114,114],"floor_reached":8,"playtime":193,"items_purged":["Regret"],"score":53,"play_id":"c712ca68-86cc-4dc6-8373-330b8c196951","local_time":"20201225211445","is_ascension_mode":true,"campfire_choices":[{"data":"Eruption","floor":6,"key":"SMITH"}],"circlet_count":0,"master_deck":["Strike_P","Strike_P","Strike_P","Strike_P","Defend_P","Defend_P","Defend_P","Defend_P","Eruption+1","Vigilance","Strike_R","Strike_B"],"relics":["PureWater","WingedGreaves","StuffTheSpire:RedRose","Ancient Tea Set","Replay:Bandana"],"acts_visited":["Exordium"],"potions_floor_usage":[],"damage_taken":[{"damage":2,"enemies":"2 Louse","floor":1,"turns":3},{"damage":3,"enemies":"Small Slimes","floor":5,"turns":4},{"damage":56,"enemies":"Lagavulin","floor":8,"turns":6}],"seed_played":"8628682381166386078","potions_obtained":[{"floor":5,"key":"SpiresAndSneckos:LightningMarble"}],"is_trial":false,"path_per_floor":["M","?","?","$","M","R","T","E"],"character_chosen":"WATCHER","items_purchased":[],"campfire_rested":0,"item_purchase_floors":[],"current_hp_per_floor":[70,70,70,70,67,67,67,11,11],"gold":114,"neow_bonus":"ONE_RARE_RELIC","is_daily":false,"chose_seed":false,"campfire_upgraded":1,"win_rate":0.0,"timestamp":1608920085,"path_taken":["M","?","?","$","?","R","?","E"],"items_purchased_type":[],"build_version":"2020-12-22","purchased_purges":1,"victory":false,"max_hp_per_floor":[72,72,72,72,72,72,72,72,72],"relic_stats":{"counters":[3,13],"obtain_stats":[{"Replay:Bandana":7,"WingedGreaves":0,"PureWater":0,"StuffTheSpire:RedRose":2,"Ancient Tea Set":3},{"Replay:Bandana":2,"WingedGreaves":0,"PureWater":0,"StuffTheSpire:RedRose":1,"Ancient Tea Set":1},{"Replay:Bandana":7,"WingedGreaves":0,"PureWater":0,"StuffTheSpire:RedRose":3,"Ancient Tea Set":3}]},"card_choices":[{"not_picked":["CutThroughFate","Wireheading"],"picked":"ClearTheMind","floor":1},{"not_picked":["FollowUp","Conclude","LikeWater"],"picked":"SKIP","floor":5}],"player_experience":542597,"relics_obtained":[{"floor":7,"key":"Replay:Bandana"}],"event_choices":[{"cards_removed":["ClearTheMind"],"damage_healed":0,"gold_gain":0,"player_choice":"Gave Card","damage_taken":0,"relics_obtained":["Ancient Tea Set"],"max_hp_gain":0,"max_hp_loss":0,"event_name":"WeMeetAgain","floor":3,"gold_loss":0}],"is_beta":false,"boss_relics":[],"items_purged_floors":[4],"is_endless":false,"potions_floor_spawned":[5],"killed_by":"Lagavulin","ascension_level":4}}