{"host":"j5gdvqtwmxqn6tw6","time":1608916338,"event":{"mods":["BaseMod","Colored Map","Colored Powertips","Downfall","Minty Spire (QoL Compilation)","Replay The Spire","StSLib","SuperFastMode"],"gold_per_floor":[399,411,434,466,67,96,96,109,109,136,25,25,51,51,64,64,64,64],"floor_reached":16,"playtime":2061,"items_purged":["champ:Strike"],"score":143,"play_id":"3a041496-98e1-4ab9-9cda-697c45f506d0","local_time":"20201225181218","is_ascension_mode":false,"campfire_choices":[{"floor":1,"key":"DIG"},{"data":"champ:PreciseThrust","floor":9,"key":"SMITH"},{"data":"champ:FocusedGladiator","floor":12,"key":"SMITH"}],"circlet_count":0,"master_deck":["champ:Strike","champ:Strike","champ:Strike","champ:Defend","champ:Defend","champ:Defend","champ:Defend","champ:Execute","champ:Taunt","champ:FlashCut","champ:PreciseThrust+1","champ:FlashCut","champ:AdrenalArmor","champ:FanOfKnives","champ:Haymaker","champ:FocusedGladiator+1","ReplayTheSpireMod:IOU","Sadistic Nature"],"relics":["champ:ChampionCrown","Old Coin","MawBank","Replay:Wax Seal","TungstenRod","Eternal Feather","Pondfish Scales","Replay:Kaleidoscope","Dream Catcher"],"acts_visited":["Exordium"],"potions_floor_usage":[2,10,10,13,13,16],"damage_taken":[{"damage":5,"enemies":"Jaw Worm","floor":3,"turns":5},{"damage":5,"enemies":"Cultist","floor":4,"turns":3},{"damage":0,"enemies":"downfall:FleeingMerchant","floor":5,"turns":4},{"damage":29,"enemies":"Gremlin Nob","floor":6,"turns":4},{"damage":1,"enemies":"Small Slimes","floor":8,"turns":5},{"damage":5,"enemies":"Lagavulin","floor":10,"turns":10},{"damage":2,"enemies":"downfall:FleeingMerchant","floor":11,"turns":4},{"damage":2,"enemies":"3 Sentries","floor":13,"turns":4},{"damage":3,"enemies":"Blue Slaver","floor":15,"turns":3},{"damage":92,"enemies":"downfall:Defect","floor":16,"turns":11}],"seed_played":"-1641507829539575806","potions_obtained":[{"floor":2,"key":"Block Potion"},{"floor":2,"key":"Fruit Juice"},{"floor":2,"key":"Reflective Coating"},{"floor":6,"key":"Explosive Potion"},{"floor":10,"key":"Fire Potion"},{"floor":15,"key":"Energy Potion"}],"is_trial":false,"path_per_floor":["R_BF","?","M","M","$","E","T","M","R","E","$","R","E","?","M","B"],"character_chosen":"THE_CHAMP","items_purchased":["Replay:Wax Seal","TungstenRod","Sadistic Nature"],"campfire_rested":0,"item_purchase_floors":[5,5,11],"current_hp_per_floor":[81,86,86,86,86,67,67,68,74,74,76,85,86,91,91,0,0,0],"gold":64,"neow_bonus":"ONE_RARE_RELIC","is_daily":false,"chose_seed":false,"campfire_upgraded":2,"win_rate":0.0,"timestamp":1608916338,"path_taken":["R_BF","?","?","M","$","E","T","M","R","E","?","R","E","?","M","BOSS"],"items_purchased_type":["Relic","Relic","Card"],"build_version":"2020-12-22","purchased_purges":1,"victory":false,"max_hp_per_floor":[81,86,86,86,86,86,86,86,86,86,86,86,86,91,91,91,91,91],"card_choices":[{"not_picked":["champ:Haymaker","champ:DefensiveShout"],"picked":"champ:FlashCut","floor":3},{"not_picked":["champ:Circumvent","champ:FocusedDefense"],"picked":"champ:PreciseThrust","floor":4},{"not_picked":["champ:TornadoPunch","champ:ViciousMockery"],"picked":"champ:FlashCut","floor":5},{"not_picked":["champ:StanceDance","champ:GutPunch"],"picked":"champ:AdrenalArmor","floor":6},{"not_picked":["champ:FalseCounter","champ:GladiatorStyle"],"picked":"champ:FanOfKnives","floor":8},{"not_picked":["champ:BerserkersShout","champ:EndlessRage"],"picked":"champ:Haymaker","floor":10},{"not_picked":["champ:GladiatorsShout","champ:ShieldThrow"],"picked":"champ:FocusedGladiator","floor":11},{"not_picked":["champ:StanceDance","champ:GutPunch","champ:Circumvent"],"picked":"SKIP","floor":13},{"not_picked":["champ:StanceDance","champ:PerfectedStrike","champ:CrookedStrike"],"picked":"SKIP","floor":15}],"player_experience":52599,"relics_obtained":[{"floor":1,"key":"MawBank"},{"floor":6,"key":"Eternal Feather"},{"floor":7,"key":"Pondfish Scales"},{"floor":10,"key":"Replay:Kaleidoscope"},{"floor":13,"key":"Dream Catcher"}],"event_choices":[{"damage_healed":0,"gold_gain":0,"player_choice":"Got Potions","damage_taken":0,"max_hp_gain":0,"max_hp_loss":0,"event_name":"Lab","floor":2,"gold_loss":0},{"damage_healed":0,"gold_gain":0,"player_choice":"Donut","damage_taken":0,"max_hp_gain":5,"max_hp_loss":0,"event_name":"Big Fish","floor":14,"gold_loss":0}],"is_beta":false,"boss_relics":[],"items_purged_floors":[5],"is_endless":false,"potions_floor_spawned":[6,8,10,15],"killed_by":"downfall:Defect","ascension_level":0}}