{"host":"kabf61oc9jgfwufg","time":1608858022,"event":{"mods":["AchievementEnabler","Act Like it!","Aspiration","Bartender","BaseMod","CatGirl Mod","Conspire","GifTheSpireLib","Halation","HexUI Lib","Hubris","Infinite Spire","Marisa????????","Minty Spire (QoL Compilation)","Pale of the Ancients","Rare Cards Sparkle","Replay The Spire","StSLib","The Animator","The Blackbeard","The Bladedancer","The Cursed","The Jungle","The Marked","The Servant 0.9.4","TheSwordswoman"],"gold_per_floor":[111,62,81,181,200,229,404,434,459,469,258,258,258],"floor_reached":12,"playtime":367,"items_purged":["Doubt"],"score":97,"play_id":"372d3352-2780-4b13-9d2b-5b228c9699ca","local_time":"20201225010022","is_ascension_mode":true,"campfire_choices":[],"circlet_count":0,"master_deck":["Strike_R","Strike_R","Strike_R","Strike_R","Strike_R","Defend_R","Defend_R","Defend_R","Defend_R","Bash","Perfected Strike","Armaments","Pommel Strike","Pommel Strike","Thunderclap","Demon Form"],"relics":["Burning Blood","NeowsBlessing","Blood Vial","halation:LettersToHer","conspire:TopHat"],"acts_visited":["Exordium"],"potions_floor_usage":[8,8,12],"damage_taken":[{"damage":0,"enemies":"Cultist","floor":1,"turns":1},{"damage":0,"enemies":"Jaw Worm","floor":3,"turns":1},{"damage":0,"enemies":"Small Slimes","floor":5,"turns":2},{"damage":34,"enemies":"Gremlin Nob","floor":6,"turns":5},{"damage":39,"enemies":"3 Sentries","floor":8,"turns":10},{"damage":7,"enemies":"Looter","floor":10,"turns":3},{"damage":35,"enemies":"Gremlin Nob","floor":12,"turns":4}],"seed_played":"3022337112870763667","potions_obtained":[{"floor":1,"key":"Dexterity Potion"},{"floor":5,"key":"SpeedPotion"},{"floor":8,"key":"ColorlessPotion"}],"is_trial":false,"path_per_floor":["M","$","M","?","M","E","?","E","T","M","$","E"],"character_chosen":"IRONCLAD","items_purchased":["Armaments","Demon Form"],"campfire_rested":0,"item_purchase_floors":[2,11],"current_hp_per_floor":[80,80,80,80,80,52,52,21,21,22,22,0,0],"gold":258,"neow_bonus":"THREE_ENEMY_KILL","is_daily":false,"chose_seed":false,"campfire_upgraded":0,"win_rate":0.0,"timestamp":1608858022,"path_taken":["M","?","M","?","?","E","?","E","T","M","$","E"],"items_purchased_type":["Card","Card"],"build_version":"2020-12-22","purchased_purges":1,"victory":false,"max_hp_per_floor":[80,80,80,80,80,80,80,80,80,80,80,80,80],"card_choices":[{"not_picked":["Rampage","Carnage"],"picked":"Perfected Strike","floor":1},{"not_picked":["Shrug It Off","Ghostly Armor","Evolve"],"picked":"SKIP","floor":3},{"not_picked":["Cleave","hubris:ReadiedAction","Power Through"],"picked":"SKIP","floor":5},{"not_picked":["Rampage","Havoc"],"picked":"Pommel Strike","floor":6},{"not_picked":["Sword Boomerang","Body Slam"],"picked":"Pommel Strike","floor":8},{"not_picked":["Body Slam","Bloodletting"],"picked":"Thunderclap","floor":10}],"player_experience":29971,"relics_obtained":[{"floor":6,"key":"Blood Vial"},{"floor":8,"key":"halation:LettersToHer"},{"floor":9,"key":"halation:LettersToHer"},{"floor":9,"key":"conspire:TopHat"}],"event_choices":[{"damage_healed":0,"gold_gain":100,"player_choice":"Gold","damage_taken":0,"max_hp_gain":0,"max_hp_loss":0,"event_name":"Wheel of Change","floor":4,"gold_loss":0},{"damage_healed":0,"gold_gain":175,"player_choice":"AGREE","damage_taken":0,"max_hp_gain":0,"max_hp_loss":0,"event_name":"Liars Game","floor":7,"gold_loss":0,"cards_obtained":["Doubt"]}],"is_beta":false,"boss_relics":[],"items_purged_floors":[11],"is_endless":false,"potions_floor_spawned":[1,5,8],"killed_by":"Gremlin Nob","ascension_level":2}}