{"host":"iak1zw6udsaqx1iy","time":1608898411,"event":{"mods":["BaseMod","Hermit","KinomotoSakuraMod(木之本樱)","Minty Spire (QoL Compilation)","Replay The Spire","StSLib","The Alterego","The Cursed","The Servant 0.9.4","WarShipGirlsR/战舰少女R mod"],"gold_per_floor":[110,128,128,156,168,206,218,243,282,294,306,333,345,357,369,408,420,528,540,566,578,603,555,580,592,616,645,657,669,681,707,819,860,628,648,648,753,753,769,769,287,287,301,301,312,312,312,312,331,342,372,390,390,390],"floor_reached":55,"playtime":7461,"items_purged":[],"score":806,"play_id":"06f21839-5e5a-4d1f-916a-57ff2b721435","local_time":"20201225201331","is_ascension_mode":false,"campfire_choices":[{"data":"TheCursedMod:CursedWand","floor":7.0,"key":"SMITH"},{"data":"TheCursedMod:CollectTribute","floor":11.0,"key":"SMITH"},{"floor":15.0,"key":"REST"},{"data":"TheCursedMod:Stigma","floor":17.0,"key":"SMITH"},{"data":"TheCursedMod:ReleasedKnowledge","floor":17.0,"key":"SMITH"},{"data":"TheCursedMod:HellfireBreathing","floor":25.0,"key":"SMITH"},{"data":"TheCursedMod:ReleasedStrength","floor":25.0,"key":"SMITH"},{"floor":36.0,"key":"REST"},{"data":"TheCursedMod:VoidForm","floor":44.0,"key":"SMITH"},{"data":"TheCursedMod:Hemoplague","floor":44.0,"key":"SMITH"},{"data":"TheCursedMod:ManaBullet","floor":46,"key":"SMITH"},{"data":"TheCursedMod:DarkBarrier","floor":46,"key":"SMITH"},{"floor":48,"key":"RECALL"},{"data":"TheCursedMod:CircleOfBlood","floor":53,"key":"SMITH"},{"data":"TheCursedMod:SpitefulPlan","floor":53,"key":"SMITH"}],"circlet_count":0,"master_deck":["TheCursedMod:CursedWand+1","TheCursedMod:CleanUpWorkshop","TheCursedMod:Dregs","TheCursedMod:VitalStrike","TheCursedMod:WearCloak","Regret","TheCursedMod:ReleasedStrength+1","TheCursedMod:CursedShiv","TheCursedMod:CursedBlade","TheCursedMod:CollectTribute+1","TheCursedMod:SmokeScreen","TheCursedMod:Mangle","TheCursedMod:Stigma+1","TheCursedMod:ReleasedKnowledge+1","TheCursedMod:DarkBarrier+1","TheCursedMod:HellfireBreathing+1","TheCursedMod:CircleOfCorruption","TheCursedMod:CircleOfBlood+1","TheCursedMod:CursedMace","TheCursedMod:Stigma+1","TheCursedMod:SpitefulStrike+1","TheCursedMod:SpitefulPlan+1","TheCursedMod:TroublousMinions+1","TheCursedMod:ForbiddenAlchemy+1","Shame","TheCursedMod:FleshFromBone+1","TheCursedMod:Hemoplague+1","TheCursedMod:FuryStrike","TheCursedMod:AbyssShockwave","TheCursedMod:RapidMovement+1","TheCursedMod:ReleasedStrength+1","TheCursedMod:VoidForm+1","TheCursedMod:RavingStaff+1","Jack Of All Trades+1","ReplayTheSpireMod:Private Reserves+1","Replay:Parry","TheCursedMod:FleshFromBone+1","TheCursedMod:PrepareRite+1","TheCursedMod:DoubleShield+1","TheCursedMod:CursedSpellbook+1","TheCursedMod:Evocation+1","TheCursedMod:ManaBullet+1","TheCursedMod:ReleasedStrength+1","TheCursedMod:ReleasedKnowledge+1","TheCursedMod:CursedSpellbook+1","TheCursedMod:CircleOfAbyss+1","TheCursedMod:LuckyCharm+1"],"relics":["TheCursedMod:BlackMagic101","NeowsBlessing","MawBank","Anchor","Nunchaku","Replay:PocketPolymizer","Replay:Arrowhead","Painkiller Herb","Toxic Egg 2","Durian","Shuriken","Bottled Flame","ReplayTheSpireMod:CursedCoin","Art of War","Replay:Bronze Core","Replay:Bottled Flurry","Toolbox","TheCursedMod:DemonicMark","Kunai"],"acts_visited":["Exordium","TheCity","TheBeyond"],"potions_floor_usage":[45,49,49,49,49,52,54,54,54,54,54,54],"damage_taken":[{"damage":0.0,"enemies":"Cultist","floor":1.0,"turns":1.0},{"damage":0.0,"enemies":"Small Slimes","floor":2.0,"turns":1.0},{"damage":0.0,"enemies":"Jaw Worm","floor":4.0,"turns":1.0},{"damage":50.0,"enemies":"Gremlin Nob","floor":6.0,"turns":6.0},{"damage":0.0,"enemies":"Looter","floor":8.0,"turns":2.0},{"damage":0.0,"enemies":"Blue Slaver","floor":12.0,"turns":3.0},{"damage":1.0,"enemies":"3 Sentries","floor":16.0,"turns":5.0},{"damage":6.0,"enemies":"Hexaghost","floor":18.0,"turns":8.0},{"damage":2.0,"enemies":"2 Thieves","floor":20.0,"turns":5.0},{"damage":24.0,"enemies":"Spheric Guardian","floor":22.0,"turns":5.0},{"damage":3.0,"enemies":"Snake Plant","floor":24.0,"turns":4.0},{"damage":6.0,"enemies":"Centurion and Healer","floor":26.0,"turns":5.0},{"damage":8.0,"enemies":"Shelled Parasite and Fungi","floor":27.0,"turns":4.0},{"damage":3.0,"enemies":"Chosen and Byrds","floor":31.0,"turns":4.0},{"damage":12.0,"enemies":"Colosseum Slavers","floor":32.0,"turns":5.0},{"damage":0.0,"enemies":"Colosseum Nobs","floor":32.0,"turns":4.0},{"damage":12.0,"enemies":"Slavers","floor":33.0,"turns":5.0},{"damage":16.0,"enemies":"Snake Plant","floor":35.0,"turns":3.0},{"damage":3.0,"enemies":"Champ","floor":37.0,"turns":8.0},{"damage":0.0,"enemies":"3 Darklings","floor":39.0,"turns":4.0},{"damage":13.0,"enemies":"3 Shapes","floor":43.0,"turns":6.0},{"damage":21,"enemies":"Jaw Worm Horde","floor":45,"turns":4},{"damage":0,"enemies":"4 Shapes","floor":49,"turns":2},{"damage":0,"enemies":"3 Darklings","floor":50,"turns":2},{"damage":0,"enemies":"Nemesis","floor":51,"turns":5},{"damage":0,"enemies":"Sphere and 2 Shapes","floor":52,"turns":4},{"damage":0,"enemies":"Donu and Deca","floor":54,"turns":6}],"seed_played":"-6724585162342948769","potions_obtained":[{"floor":4.0,"key":"Explosive Potion"},{"floor":8.0,"key":"FearPotion"},{"floor":16.0,"key":"Swift Potion"},{"floor":18.0,"key":"Adrenaline Potion"},{"floor":22.0,"key":"Fire Potion"},{"floor":27.0,"key":"Dexterity Potion"},{"floor":32.0,"key":"Regen Potion"},{"floor":42.0,"key":"Flashbang"},{"floor":42.0,"key":"Elixir"},{"floor":42.0,"key":"Venom Potion"},{"floor":43.0,"key":"Dexterity Potion"},{"floor":49,"key":"SteroidPotion"},{"floor":51,"key":"Elixir"},{"floor":52,"key":"ColorlessPotion"}],"is_trial":false,"path_per_floor":["M","M","?","M","$","E","R","M","T","T","R","M","PTL","PTL","R","E","R","B",null,"?","T","?","?","?","T","?","?","T","PTL","PTL","?","?","E","T","?","T","B",null,"?","?","T","?","?","T","?","T","T","T","?","?","E","?","T","B",null],"character_chosen":"THE_CURSED","items_purchased":["ReplayTheSpireMod:CursedCoin","TheCursedMod:FleshFromBone+1","Art of War","TheCursedMod:Hemoplague","TheCursedMod:FuryStrike","TheCursedMod:AbyssShockwave","Replay:Bottled Flurry","TheCursedMod:FleshFromBone+1","TheCursedMod:PrepareRite+1","Toolbox"],"campfire_rested":2,"item_purchase_floors":[34,34,34,34,34,34,41,41,41,41],"current_hp_per_floor":[75,75,75,75,75,25,25,25,25,25,25,25,25,25,47,46,46,40,75,73,73,49,49,46,46,44,36,36,36,36,39,40,51,51,41,65,68,80,80,70,70,70,57,57,40,40,40,40,40,48,56,62,62,70],"gold":390,"neow_bonus":"THREE_ENEMY_KILL","is_daily":false,"chose_seed":false,"campfire_upgraded":12,"win_rate":0.0,"timestamp":1608898411,"path_taken":["M","?","?","M","$","E","R","M","T","?","R","M","PTL","PTL","R","E","R","BOSS","?","T","?","?","?","T","?","?","T","PTL","PTL","?","?","E","?","?","T","BOSS","?","?","T","?","?","T","?","T","T","T","?","?","E","?","T","BOSS"],"items_purchased_type":["Relic","Card","Relic","Card","Card","Card","Relic","Card","Card","Relic"],"build_version":"2020-12-22","purchased_purges":0,"victory":true,"max_hp_per_floor":[75,75,75,75,75,75,75,75,75,75,75,75,75,75,75,75,75,75,75,75,75,75,75,75,75,75,75,75,75,75,75,80,80,80,80,80,80,80,80,80,80,80,80,80,80,80,80,80,80,80,80,80,80,80],"card_choices":[{"not_picked":["TheCursedMod:FleshFromBone","TheCursedMod:Stigma"],"picked":"TheCursedMod:VitalStrike","floor":1.0},{"not_picked":["TheCursedMod:CursedShiv","TheCursedMod:ShockAndAwe"],"picked":"TheCursedMod:WearCloak","floor":2.0},{"not_picked":["TheCursedMod:RavingStaff","TheCursedMod:CursedBlade"],"picked":"TheCursedMod:ReleasedStrength","floor":4.0},{"not_picked":["TheCursedMod:VitalStrike","TheCursedMod:CursedAmulet"],"picked":"TheCursedMod:CursedShiv","floor":6.0},{"not_picked":["TheCursedMod:CircleOfAmplification","TheCursedMod:RavingStaff"],"picked":"TheCursedMod:CursedBlade","floor":8.0},{"not_picked":["TheCursedMod:CursedShiv","TheCursedMod:CursedBlade"],"picked":"TheCursedMod:SmokeScreen","floor":12.0},{"not_picked":["TheCursedMod:UltimatePain","TheCursedMod:Obscuration"],"picked":"TheCursedMod:Stigma","floor":16.0},{"not_picked":["TheCursedMod:ShockAndAwe","TheCursedMod:CollectTribute"],"picked":"TheCursedMod:DarkBarrier","floor":18.0},{"not_picked":["TheCursedMod:CursedAmulet","TheCursedMod:WearCloak+1"],"picked":"TheCursedMod:HellfireBreathing","floor":20.0},{"not_picked":["TheCursedMod:Obscuration","TheCursedMod:ReleasedKnowledge"],"picked":"TheCursedMod:CircleOfCorruption","floor":22.0},{"not_picked":["TheCursedMod:FleshFromBone","TheCursedMod:CircleOfCorruption"],"picked":"TheCursedMod:CircleOfBlood","floor":24.0},{"not_picked":["TheCursedMod:CursedShiv","TheCursedMod:VitalStrike"],"picked":"TheCursedMod:Stigma+1","floor":26.0},{"not_picked":["TheCursedMod:LuckyCharm","TheCursedMod:CursedStaff"],"picked":"TheCursedMod:SpitefulStrike+1","floor":27.0},{"not_picked":["TheCursedMod:CursedSpellbook+1","TheCursedMod:CursedBlade"],"picked":"TheCursedMod:SpitefulPlan","floor":31.0},{"not_picked":["TheCursedMod:VitalStrike+1","TheCursedMod:CursedBlade+1"],"picked":"TheCursedMod:TroublousMinions+1","floor":32.0},{"not_picked":["TheCursedMod:Stigma","TheCursedMod:StingEye"],"picked":"TheCursedMod:ForbiddenAlchemy+1","floor":33.0},{"not_picked":["TheCursedMod:Wield","TheCursedMod:CursedSpellbook+1"],"picked":"TheCursedMod:RapidMovement+1","floor":35.0},{"not_picked":["TheCursedMod:DarkBarrier+1","TheCursedMod:DemonSword"],"picked":"TheCursedMod:VoidForm","floor":37.0},{"not_picked":["TheCursedMod:EmpowerCircles","TheCursedMod:Stigma+1"],"picked":"TheCursedMod:RavingStaff+1","floor":39.0},{"not_picked":["Replay:Sssssssssstrike","Dramatic Entrance"],"picked":"Jack Of All Trades+1","floor":40.0},{"not_picked":["Enlightenment+1","Discovery+1"],"picked":"ReplayTheSpireMod:Private Reserves+1","floor":40.0},{"not_picked":["Purity+1","Replay:Sssssssssstrike"],"picked":"Replay:Parry","floor":40.0},{"not_picked":["TheCursedMod:CircleOfWindfury+1","TheCursedMod:FleshFromBone+1"],"picked":"TheCursedMod:DoubleShield+1","floor":43.0},{"not_picked":["TheCursedMod:CursedBlade","TheCursedMod:Stigma"],"picked":"TheCursedMod:Evocation+1","floor":45},{"not_picked":["TheCursedMod:CircleOfCorruption+1","TheCursedMod:SpitefulStrike"],"picked":"TheCursedMod:ReleasedKnowledge+1","floor":49},{"not_picked":["TheCursedMod:CursedShiv","TheCursedMod:RapidMovement+1"],"picked":"TheCursedMod:CursedSpellbook+1","floor":50},{"not_picked":["TheCursedMod:Stigma","TheCursedMod:SmokeScreen+1"],"picked":"TheCursedMod:CircleOfAbyss+1","floor":51},{"not_picked":["TheCursedMod:Evocation+1","TheCursedMod:WearCloak+1"],"picked":"TheCursedMod:LuckyCharm+1","floor":52}],"player_experience":239924,"relics_obtained":[{"floor":6.0,"key":"Anchor"},{"floor":9.0,"key":"Nunchaku"},{"floor":10.0,"key":"Replay:PocketPolymizer"},{"floor":16.0,"key":"Replay:Arrowhead"},{"floor":28.0,"key":"Toxic Egg 2"},{"floor":32.0,"key":"Durian"},{"floor":32.0,"key":"Shuriken"},{"floor":33.0,"key":"Bottled Flame"},{"floor":47,"key":"TheCursedMod:DemonicMark"},{"floor":51,"key":"Kunai"}],"event_choices":[{"damage_healed":0.0,"max_hp_gain":0.0,"max_hp_loss":0.0,"gold_gain":0.0,"event_name":"Big Fish","player_choice":"Box","floor":3.0,"gold_loss":0.0,"damage_taken":0.0,"relics_obtained":["MawBank"],"cards_obtained":["Regret"]},{"damage_healed":0.0,"max_hp_gain":0.0,"max_hp_loss":0.0,"gold_gain":0.0,"event_name":"Colosseum","player_choice":"Fight","floor":32.0,"gold_loss":0.0,"damage_taken":0.0},{"damage_healed":0.0,"max_hp_gain":0.0,"max_hp_loss":0.0,"gold_gain":0.0,"event_name":"Colosseum","player_choice":"Fought Nobs","floor":32.0,"gold_loss":0.0,"damage_taken":0.0},{"damage_healed":0.0,"max_hp_gain":0.0,"max_hp_loss":0.0,"gold_gain":0.0,"event_name":"SensoryStone","player_choice":"Memory 3","floor":40.0,"gold_loss":0.0,"damage_taken":10.0},{"damage_healed":0.0,"max_hp_gain":0.0,"max_hp_loss":0.0,"gold_gain":0.0,"event_name":"Lab","player_choice":"Got Potions","floor":42.0,"gold_loss":0.0,"damage_taken":0.0}],"is_beta":false,"boss_relics":[{"not_picked":["Calling Bell","Sozu"],"picked":"Painkiller Herb"},{"not_picked":["Fusion Hammer","Ring of Chaos"],"picked":"Replay:Bronze Core"}],"items_purged_floors":[],"is_endless":false,"potions_floor_spawned":[4,8,12,16,18,22,27,32,32,43,49,51,52],"ascension_level":0}}