{"host":"npubv26u89aif4fa","time":1608869272,"event":{"mods":["Astrologer","BaseMod","Better Vampires","Better-Laid Plans","Colored Powertips","GifTheSpireLib","GungeonMod","HornydragonMod","Hubris","Jedi Mod","Minty Spire (QoL Compilation)","Quick Restart","Remilia（蕾米莉亚）","Replay The Spire","StSLib","Td1madao Mod","The Administrix","The Alterego","The Bug Knight","The Cursed","The Mystic","The Runesmith","Yuri Mod","Yuyuko","残留之物"],"gold_per_floor":[113,123,9,9,28,55,69,82,105,123,140,155,165,196,196,296,296,311,335,335,335,348,348,376,393,442,461,488,508,255,265,265,364,364,383,111,128,145,156,182,182,193,216,229,229,247,258,289,289,289,289,289,36,64,64],"floor_reached":56,"playtime":5108,"items_purged":["PlaceholderMod:BaseStrike","PlaceholderMod:BaseStrike","PlaceholderMod:BaseStrike"],"score":1296,"play_id":"8595e77d-cedb-49e7-924c-1f9606483bb9","local_time":"20201225120752","is_ascension_mode":false,"campfire_choices":[{"floor":15.0,"key":"REST"},{"floor":23.0,"key":"RECALL"},{"data":"PlaceholderMod:HighConcentration","floor":32.0,"key":"SMITH"},{"data":"PlaceholderMod:Corrosion","floor":49,"key":"SMITH"},{"data":"PlaceholderMod:Crystallization","floor":52,"key":"SMITH"}],"circlet_count":0,"master_deck":["PlaceholderMod:BaseStrike","PlaceholderMod:BaseStrike","PlaceholderMod:BaseDefend","PlaceholderMod:BaseDefend","PlaceholderMod:BaseDefend","PlaceholderMod:BaseDefend","PlaceholderMod:BaseDefend","PlaceholderMod:Crystal","PlaceholderMod:PoisonWhip","PlaceholderMod:Corrosion+1","PlaceholderMod:EvolutionSpray","PlaceholderMod:AngryAttack","PlaceholderMod:TriggerStrike","PlaceholderMod:HighConcentration+1","PlaceholderMod:Stable","PlaceholderMod:DiffusionPoison+1","PlaceholderMod:PoisonAbsorb","PlaceholderMod:Eat","PlaceholderMod:Eat","PlaceholderMod:CycleAttack","PlaceholderMod:PoisonAbsorb+1","PlaceholderMod:FastReaction+1","PlaceholderMod:PericyclicReaction","PlaceholderMod:Crystallization+1","PlaceholderMod:SubstitutionNucleophilic1+1","PlaceholderMod:PoisonAbsorb+1","PlaceholderMod:Crystallization+1"],"relics":["PlaceholderMod:Tancle","NeowsBlessing","Chameleon Ring","White Beast Statue","jedi:hotpepper","PreservedInsect","Mirror","DemoMod:Metronome","Calipers","Centennial Puzzle","DemoMod:ClearGuonStone","Letter Opener","DemoMod:ChaffGrenade","Blue Doll","hubris:Icosahedron","DemoMod:Bottle","DemoMod:BlueGuonStone","ReplayTheSpireMod:TigerMarble"],"acts_visited":["Exordium","TheCity","TheBeyond","TheEnding"],"potions_floor_usage":[50,55,55,55],"damage_taken":[{"damage":0.0,"enemies":"2 Louse","floor":1.0,"turns":1.0},{"damage":0.0,"enemies":"Cultist","floor":2.0,"turns":1.0},{"damage":0.0,"enemies":"Small Slimes","floor":5.0,"turns":1.0},{"damage":14.0,"enemies":"HollowMod:MossKnight","floor":6.0,"turns":6.0},{"damage":8.0,"enemies":"3 Louse","floor":7.0,"turns":4.0},{"damage":0.0,"enemies":"Large Slime","floor":8.0,"turns":4.0},{"damage":13.0,"enemies":"Exordium Wildlife","floor":10.0,"turns":4.0},{"damage":13.0,"enemies":"Lots of Slimes","floor":11.0,"turns":4.0},{"damage":6.0,"enemies":"Blue Slaver","floor":12.0,"turns":5.0},{"damage":9.0,"enemies":"Large Slime","floor":13.0,"turns":5.0},{"damage":1.0,"enemies":"Lagavulin","floor":14.0,"turns":7.0},{"damage":0.0,"enemies":"Fading Forest","floor":16.0,"turns":11.0},{"damage":4.0,"enemies":"Chosen","floor":18.0,"turns":3.0},{"damage":2.0,"enemies":"Shell Parasite","floor":22.0,"turns":2.0},{"damage":11.0,"enemies":"HollowMod:Nosk","floor":24.0,"turns":5.0},{"damage":0.0,"enemies":"Snecko","floor":25.0,"turns":3.0},{"damage":14.0,"enemies":"Centurion and Healer","floor":27.0,"turns":5.0},{"damage":9.0,"enemies":"Replay:Snechameleon","floor":28.0,"turns":3.0},{"damage":19.0,"enemies":"Shelled Parasite and Fungi","floor":29.0,"turns":3.0},{"damage":10.0,"enemies":"Snake Plant","floor":31.0,"turns":3.0},{"damage":30.0,"enemies":"Champ","floor":33.0,"turns":8.0},{"damage":12.0,"enemies":"3 Darklings","floor":35.0,"turns":4.0},{"damage":7.0,"enemies":"3 Shapes","floor":37.0,"turns":4.0},{"damage":8.0,"enemies":"3 Darklings","floor":38.0,"turns":5.0},{"damage":15.0,"enemies":"Writhing Mass","floor":39.0,"turns":4.0},{"damage":8.0,"enemies":"Reptomancer","floor":40.0,"turns":5.0},{"damage":27.0,"enemies":"Jaw Worm Horde","floor":42.0,"turns":5.0},{"damage":4.0,"enemies":"4 Shapes","floor":44.0,"turns":4.0},{"damage":8,"enemies":"Sphere and 2 Shapes","floor":46,"turns":5},{"damage":0,"enemies":"Maw","floor":47,"turns":6},{"damage":0,"enemies":"Giant Head","floor":48,"turns":5},{"damage":13,"enemies":"Donu and Deca","floor":50,"turns":9},{"damage":22,"enemies":"Shield and Spear","floor":54,"turns":6},{"damage":17,"enemies":"The Heart","floor":55,"turns":8}],"seed_played":"3875813526813684515","potions_obtained":[{"floor":1.0,"key":"Weak Potion"},{"floor":5.0,"key":"SteroidPotion"},{"floor":6.0,"key":"GamblersBrew"},{"floor":10.0,"key":"Doom Potion"},{"floor":11.0,"key":"PowerPotion"},{"floor":16.0,"key":"LiquidMemories"},{"floor":33.0,"key":"DuplicationPotion"},{"floor":37.0,"key":"Energy Potion"},{"floor":39.0,"key":"Dexterity Potion"},{"floor":40.0,"key":"Energy Potion"},{"floor":42.0,"key":"LiquidMemories"},{"floor":48,"key":"SkillPotion"},{"floor":54,"key":"EssenceOfSteel"}],"is_trial":false,"path_per_floor":["M","M","$","?","M","E","M","M","T","M","M","M","M","E","R","B",null,"M","T","?","?","M","R","E","M","T","M","E","M","$","M","R","B",null,"M","$","M","M","M","E","?","M","T","M","?","M","M","E","R","B",null,"R","$","E","B",null],"character_chosen":"THE_PLACEHOLDER","items_purchased":["PlaceholderMod:AngryAttack","Centennial Puzzle","DemoMod:ClearGuonStone","DemoMod:BlueGuonStone"],"campfire_rested":1,"item_purchase_floors":[3,30,36,53],"current_hp_per_floor":[78,78,78,78,78,64,56,56,56,43,30,24,15,14,37,51,58,58,58,58,58,58,58,55,58,58,52,51,36,36,30,30,8,58,50,50,51,51,44,44,44,25,25,29,29,29,37,45,45,40,58,58,58,44,35],"gold":64,"neow_bonus":"THREE_ENEMY_KILL","is_daily":false,"chose_seed":false,"campfire_upgraded":3,"win_rate":0.0,"timestamp":1608869272,"path_taken":["M","M","$","?","?","E","M","M","T","?","M","M","M","E","R","BOSS","M","?","?","?","M","R","E","M","T","M","E","?","$","M","R","BOSS","M","$","M","M","M","E","?","?","T","M","?","M","M","E","R","BOSS","R","$","E","BOSS"],"items_purchased_type":["Card","Relic","Relic","Relic"],"build_version":"2020-12-22","purchased_purges":3,"victory":true,"max_hp_per_floor":[78,78,78,78,78,78,78,78,78,78,78,78,78,78,78,78,58,58,58,58,58,58,58,58,58,58,58,58,58,58,58,58,58,58,58,58,58,58,58,58,58,58,58,58,58,58,58,58,58,58,58,58,58,58,58],"card_choices":[{"not_picked":["PlaceholderMod:Hyperplasia","PlaceholderMod:SeverePoisonStrike"],"picked":"PlaceholderMod:Corrosion","floor":1.0},{"not_picked":["PlaceholderMod:QualitativeChange","PlaceholderMod:StrongAcid"],"picked":"PlaceholderMod:EvolutionSpray","floor":2.0},{"not_picked":["PlaceholderMod:AttackAsDefend","PlaceholderMod:ParasiteChange"],"picked":"PlaceholderMod:TriggerStrike","floor":5.0},{"not_picked":["PlaceholderMod:StressReaction","PlaceholderMod:Turn"],"picked":"PlaceholderMod:HighConcentration","floor":6.0},{"not_picked":["PlaceholderMod:SpinBlade","PlaceholderMod:PoisonExcitation"],"picked":"PlaceholderMod:Stable","floor":7.0},{"not_picked":["PlaceholderMod:Sweep","PlaceholderMod:CycleAttack"],"picked":"PlaceholderMod:DiffusionPoison","floor":8.0},{"not_picked":["PlaceholderMod:OHStrongAttack","PlaceholderMod:TriggerStrike","PlaceholderMod:StrongAcid"],"picked":"SKIP","floor":10.0},{"not_picked":["PlaceholderMod:SeverePoisonStrike","PlaceholderMod:HardStinger","PlaceholderMod:TriggerStrike"],"picked":"SKIP","floor":11.0},{"not_picked":["PlaceholderMod:ConsolidateHit","PlaceholderMod:DissolvingSpikes","PlaceholderMod:Polyp"],"picked":"SKIP","floor":12.0},{"not_picked":["PlaceholderMod:DirectingGroup","PlaceholderMod:DissolvingSpikes"],"picked":"PlaceholderMod:PoisonAbsorb","floor":13.0},{"not_picked":["PlaceholderMod:PoisonExcitation","PlaceholderMod:PoisonBlast"],"picked":"PlaceholderMod:Eat","floor":14.0},{"not_picked":["PlaceholderMod:AbsorbTouch","PlaceholderMod:DiffusionPoison"],"picked":"PlaceholderMod:Eat","floor":16.0},{"not_picked":["PlaceholderMod:SprayAttack","PlaceholderMod:ParasiteChange+1","PlaceholderMod:ContinueSpray+1"],"picked":"SKIP","floor":18.0},{"not_picked":["PlaceholderMod:StressReaction+1","PlaceholderMod:Corrosion"],"picked":"PlaceholderMod:PoisonAbsorb+1","floor":22.0},{"not_picked":["PlaceholderMod:UnpureUse+1","PlaceholderMod:AngryAttack","PlaceholderMod:HornyBlast"],"picked":"SKIP","floor":24.0},{"not_picked":["PlaceholderMod:DirectingGroup","PlaceholderMod:PoisonAbsorb","PlaceholderMod:NutritionAbsorb"],"picked":"SKIP","floor":25.0},{"not_picked":["PlaceholderMod:Hard","PlaceholderMod:PoisonExcitation"],"picked":"PlaceholderMod:FastReaction+1","floor":27.0},{"not_picked":["PlaceholderMod:MultiReaction","PlaceholderMod:EnergyAbsorb","PlaceholderMod:HardStinger"],"picked":"SKIP","floor":28.0},{"not_picked":["PlaceholderMod:HardStrike","PlaceholderMod:DissolvingSpikes","PlaceholderMod:Sweep+1"],"picked":"SKIP","floor":29.0},{"not_picked":["PlaceholderMod:HornyBlast","PlaceholderMod:DirectingGroup","PlaceholderMod:Hyperplasia"],"picked":"SKIP","floor":31.0},{"not_picked":["PlaceholderMod:ReactionCatalyze","PlaceholderMod:Inner"],"picked":"PlaceholderMod:PericyclicReaction","floor":33.0},{"not_picked":["PlaceholderMod:UnpureUse+1","PlaceholderMod:SubstitutionNucleophilic1"],"picked":"PlaceholderMod:Crystallization","floor":35.0},{"not_picked":["PlaceholderMod:Turn","PlaceholderMod:SeverePoisonStrike+1","PlaceholderMod:TriggerStrike"],"picked":"SKIP","floor":37.0},{"not_picked":["PlaceholderMod:Stable","PlaceholderMod:ConsolidateHit+1","PlaceholderMod:HardStinger+1"],"picked":"SKIP","floor":38.0},{"not_picked":["PlaceholderMod:Stable+1","PlaceholderMod:Internalization"],"picked":"PlaceholderMod:SubstitutionNucleophilic1+1","floor":39.0},{"not_picked":["PlaceholderMod:Eat","PlaceholderMod:HardStinger"],"picked":"PlaceholderMod:PoisonAbsorb+1","floor":40.0},{"not_picked":["PlaceholderMod:HornyBlast+1","PlaceholderMod:Polyp+1","PlaceholderMod:Corrosion+1"],"picked":"SKIP","floor":42.0},{"not_picked":["PlaceholderMod:Sweep","PlaceholderMod:SpinBlade","PlaceholderMod:ConsolidateHit"],"picked":"SKIP","floor":44.0},{"not_picked":["PlaceholderMod:Polyp+1","PlaceholderMod:ConsolidateHit","PlaceholderMod:HornyBlast"],"picked":"SKIP","floor":46},{"not_picked":["PlaceholderMod:UnpureUse+1","PlaceholderMod:Turn+1","PlaceholderMod:HornyBlast"],"picked":"SKIP","floor":47},{"not_picked":["PlaceholderMod:Internalization","PlaceholderMod:EvolutionSpray"],"picked":"PlaceholderMod:Crystallization+1","floor":48},{"not_picked":["PlaceholderMod:NutritionAbsorb+1","PlaceholderMod:CrystallizationStrike","PlaceholderMod:SprayAttack"],"picked":"SKIP","floor":54}],"player_experience":147413,"relics_obtained":[{"floor":6.0,"key":"Chameleon Ring"},{"floor":14.0,"key":"White Beast Statue"},{"floor":19.0,"key":"PreservedInsect"},{"floor":24.0,"key":"Mirror"},{"floor":26.0,"key":"DemoMod:Metronome"},{"floor":28.0,"key":"Calipers"},{"floor":40.0,"key":"Letter Opener"},{"floor":43.0,"key":"Blue Doll"},{"floor":48,"key":"DemoMod:Bottle"},{"floor":54,"key":"ReplayTheSpireMod:TigerMarble"}],"event_choices":[{"damage_healed":0.0,"max_hp_gain":0.0,"max_hp_loss":0.0,"gold_gain":0.0,"event_name":"NoteForYourself","player_choice":"Ignored","floor":4.0,"gold_loss":0.0,"damage_taken":0.0},{"damage_healed":0.0,"max_hp_gain":0.0,"max_hp_loss":0.0,"gold_gain":0.0,"event_name":"The Library","player_choice":"Read","floor":21.0,"gold_loss":0.0,"damage_taken":0.0,"cards_obtained":["PlaceholderMod:CycleAttack"]},{"damage_healed":0.0,"max_hp_gain":0.0,"max_hp_loss":0.0,"gold_gain":0.0,"event_name":"WeMeetAgain","player_choice":"Gave Potion","floor":41.0,"gold_loss":0.0,"damage_taken":0.0,"relics_obtained":["DemoMod:ChaffGrenade"]}],"is_beta":false,"boss_relics":[{"not_picked":["Runesmith:UraniumAnvil","hubris:CrackedHourglass"],"picked":"jedi:hotpepper"},{"not_picked":["Snecko Eye","Snecko Heart","ReplayTheSpireMod:DimensionalGlitch"]}],"items_purged_floors":[3,30,36],"is_endless":false,"potions_floor_spawned":[1,5,6,10,11,16,18,22,24,25,27,28,29,31,33,35,37,38,39,40,42,44,46,47,48,54],"ascension_level":0}}