{"host":"81h68oe4mr04pk3r","time":1608886709,"event":{"mods":["Act Like it!","Aspiration","BaseMod","BetterRewards","Colored Map","Colored Powertips","Conspire","Downfall","Hermit","Hubris","Infinite Spire","Jorbs\u0027s Wanderer Trilogy","Koishi","Lobotomy","LobotomyExtend","Marisa????????","Minty Spire (QoL Compilation)","Quick Restart","Reimu??????","Remilia??????","Replay The Spire","StSLib","The Bug Knight","The Construct","The Cursed","The Disciple","The Servant 0.9.4"],"gold_per_floor":[111,129,129,1,18,18,29,29,75,75,41,52,52,66,66,170,170,185,201,218,23,53,53,63,63,109,109,124,124,124,124,124,124,124],"floor_reached":33,"playtime":1354,"items_purged":[],"score":237,"play_id":"b232c45a-148b-415a-aeb1-b9d59baffcd6","local_time":"20201225005829","is_ascension_mode":false,"campfire_choices":[{"data":"GasGiant","floor":6,"key":"SMITH"},{"data":"PowerUp","floor":8,"key":"SMITH"},{"data":"AsteroidBelt","floor":10,"key":"SMITH"},{"floor":15,"key":"REST"},{"floor":23,"key":"REST"},{"floor":25,"key":"REST"},{"floor":27,"key":"REST"},{"floor":29,"key":"REST"},{"data":"DarkMatter","floor":32,"key":"SMITH"}],"circlet_count":0,"master_deck":["Strike_MRS","Strike_MRS","Strike_MRS","Strike_MRS","Defend_MRS","Defend_MRS","Defend_MRS","Defend_MRS","MasterSpark+1","UpSweep","WitchLeyline","PowerUp+1","StarBarrage+1","StarBarrage+1","ShootTheMoon+1","GasGiant+1","AsteroidBelt+1","SprinkleStarSeal+1","PowerUp","SporeBomb","DarkMatter+1","PowerUp+1","GalacticHalo+1","WitchLeyline+1","JA+1","MilkyWay","UnstableBomb","BlueShift"],"relics":["MiniHakkero","LetterFromLob","Golden Egg","aspiration:HiddenCompartment","Red Mask","Replay:Mystery Machine"],"acts_visited":["Exordium","TheCity"],"potions_floor_usage":[16,16,16,20,33,33],"damage_taken":[{"damage":1,"enemies":"2 Louse","floor":1,"turns":2},{"damage":1,"enemies":"Jaw Worm","floor":2,"turns":2},{"damage":1,"enemies":"Cultist","floor":5,"turns":3},{"damage":11,"enemies":"Gremlin Gang","floor":7,"turns":4},{"damage":12,"enemies":"Looter","floor":12,"turns":2},{"damage":11,"enemies":"2 Fungi Beasts","floor":14,"turns":2},{"damage":47,"enemies":"The Guardian","floor":16,"turns":8},{"damage":0,"enemies":"Spheric Guardian","floor":18,"turns":4},{"damage":10,"enemies":"Chosen","floor":19,"turns":4},{"damage":20,"enemies":"Centurion and Healer","floor":20,"turns":5},{"damage":26,"enemies":"Masked Bandits","floor":22,"turns":5},{"damage":11,"enemies":"Snake Plant","floor":24,"turns":4},{"damage":18,"enemies":"Snecko","floor":28,"turns":6},{"damage":75,"enemies":"Collector","floor":33,"turns":5}],"seed_played":"-7666331506138913906","potions_obtained":[{"floor":2,"key":"SteroidPotion"},{"floor":7,"key":"Venom Potion"},{"floor":14,"key":"champ:CounterPotion"},{"floor":18,"key":"LifebloodPotion"},{"floor":20,"key":"BlessingOfTheForge"},{"floor":24,"key":"GrandPatriotsElixir:ReiMu"}],"is_trial":false,"path_per_floor":["M","M","?","$","M","R","M","R","T","R","$","M","M","M","R","B",null,"M","M","M","$","?","R","M","R","T","R","M","R","?","?","R_BF","B"],"character_chosen":"MARISA","items_purchased":["StarBarrage","ShootTheMoon","SprinkleStarSeal","WitchLeyline","JA"],"campfire_rested":5,"item_purchase_floors":[4,4,11,21,21],"current_hp_per_floor":[74,73,73,73,72,72,61,61,61,61,61,49,49,38,60,13,75,75,65,45,45,19,41,30,52,52,74,56,75,61,61,61,0,0],"gold":124,"neow_bonus":"UPGRADE_CARD","is_daily":false,"chose_seed":false,"campfire_upgraded":4,"win_rate":0.0,"timestamp":1608886709,"path_taken":["M","M","?","$","M","R","M","R","T","R","$","M","M","M","R","BOSS","M","M","M","$","?","R","M","R","T","R","M","R","?","?","R_BF","BOSS"],"items_purchased_type":["Card","Card","Card","Card","Card"],"build_version":"2020-12-22","purchased_purges":0,"victory":false,"max_hp_per_floor":[75,75,75,75,75,75,75,75,75,75,75,75,75,75,75,75,75,75,75,75,75,75,75,75,75,75,75,75,75,80,80,80,80,80],"card_choices":[{"not_picked":["Acceleration","DragonMeteor"],"picked":"WitchLeyline","floor":1},{"not_picked":["NonDirectionalLaser","DarkSpark"],"picked":"PowerUp","floor":2},{"not_picked":["DC","EnergyFlow"],"picked":"GasGiant","floor":5},{"not_picked":["NonDirectionalLaser","WitchOfGreed"],"picked":"AsteroidBelt","floor":7},{"not_picked":["JA","StarBarrage"],"picked":"PowerUp","floor":12},{"not_picked":["IllusionStar","LuminesStrike"],"picked":"SporeBomb","floor":14},{"not_picked":["RefractionSpark","GrandCross+1"],"picked":"DarkMatter","floor":18},{"not_picked":["WitchLeyline","FairyDestructionRay"],"picked":"PowerUp+1","floor":19},{"not_picked":["LuminesStrike","DeepEcoloBomb"],"picked":"GalacticHalo+1","floor":20},{"not_picked":["MillisecondPulsars","UnstableBomb"],"picked":"MilkyWay","floor":22},{"not_picked":["GalacticHalo+1","EventHorizon"],"picked":"UnstableBomb","floor":24},{"not_picked":["GrandCross","OpenUniverse","SporeBomb"],"picked":"SKIP","floor":28}],"player_experience":184109,"relics_obtained":[{"floor":1,"key":"LetterFromLob"},{"floor":3,"key":"Golden Egg"},{"floor":9,"key":"aspiration:HiddenCompartment"},{"floor":22,"key":"Red Mask"},{"floor":26,"key":"Replay:Mystery Machine"}],"event_choices":[{"damage_healed":0,"gold_gain":0,"player_choice":"Fought Bandits","damage_taken":0,"max_hp_gain":0,"max_hp_loss":0,"event_name":"Masked Bandits","floor":22,"gold_loss":0},{"damage_healed":0,"gold_gain":0,"player_choice":"Shed Blood","damage_taken":19,"max_hp_gain":5,"max_hp_loss":0,"event_name":"Forgotten Altar","floor":30,"gold_loss":0},{"damage_healed":0,"gold_gain":0,"player_choice":"Read","damage_taken":0,"max_hp_gain":0,"max_hp_loss":0,"event_name":"The Library","floor":31,"gold_loss":0,"cards_obtained":["BlueShift"]}],"is_beta":false,"boss_relics":[{"not_picked":["aspiration:SecretTechniqueScroll","Painkiller Herb","infinitespire:Cupcake"]}],"items_purged_floors":[],"is_endless":false,"potions_floor_spawned":[2,7,14,18,20,24],"killed_by":"Collector","ascension_level":0}}