{"host":"mnljlkge2zm8bbif","time":1608930089,"event":{"mods":["Aspiration","BaseMod","Beaked The Cultist","Better Third Choice","BetterRewards","CCEM","Challenge The Spire","Gremlin Mod","Hubris","Minty Spire (QoL Compilation)","Relic Stats","Replay The Spire","Shop Mod","Spicy Shops","StSLib"],"gold_per_floor":[118,118,134,134,149,149,164,193,217,249,249,262,285,305,305,407,407,427,445,311,311,311,311,359,359,385,431,431,474,490,532,532,548,548],"floor_reached":33,"playtime":1516,"items_purged":["Strike_G"],"score":439,"play_id":"28538c68-a1d7-4089-9e8b-3495e2906d4d","local_time":"20201225160129","is_ascension_mode":true,"campfire_choices":[{"floor":6,"key":"REST"},{"floor":11,"key":"RECALL"},{"data":"Poison Darts","floor":15,"key":"SMITH"},{"floor":23,"key":"REST"},{"floor":25,"key":"REST"},{"data":"Phantasmal Killer","floor":28,"key":"SMITH"},{"floor":32,"key":"REST"}],"circlet_count":0,"master_deck":["Strike_G","Strike_G","Strike_G","Defend_G","Defend_G","Defend_G","Defend_G","Defend_G","Survivor","Neutralize+1","ReplayTheSpireMod:Private Reserves+1","Dagger Throw","Poison Darts+1","Dagger Throw","Bane","Deadly Poison","Flying Knee","Dash","Phantasmal Killer+1","Underhanded Strike","Writhe","Shame","ReplayTheSpireMod:Speed Training","Deadly Poison+1","Deadly Poison","A Thousand Cuts"],"relics":["Ring of the Snake","TwistedFunnel","hubris:EmptyBottle","Regal Pillow","Dream Catcher","hubris:Spice","Gremlin Food","aspiration:FutureDiary","Replay:Bandana","hubris:Towel","hubris:TenFootPole","Blood Vial","hubris:64BitClover","Smiling Mask"],"acts_visited":["Exordium","TheCity"],"potions_floor_usage":[7,7,8,8,16,16,16,19,19,19,30,31,33,33],"damage_taken":[{"damage":0,"enemies":"Small Slimes","floor":1,"turns":2},{"damage":0,"enemies":"Cultist","floor":3,"turns":2},{"damage":0,"enemies":"Jaw Worm","floor":5,"turns":2},{"damage":0,"enemies":"Lots of Slimes","floor":7,"turns":2},{"damage":0,"enemies":"Lagavulin","floor":8,"turns":2},{"damage":11,"enemies":"Gremlin Nob","floor":10,"turns":3},{"damage":0,"enemies":"Exordium Wildlife","floor":12,"turns":2},{"damage":11,"enemies":"Looter","floor":14,"turns":2},{"damage":37,"enemies":"Slime Boss","floor":16,"turns":9},{"damage":0,"enemies":"Chosen","floor":18,"turns":3},{"damage":4,"enemies":"2 Thieves","floor":19,"turns":2},{"damage":22,"enemies":"Book of Stabbing","floor":24,"turns":4},{"damage":26,"enemies":"Slavers","floor":29,"turns":3},{"damage":4,"enemies":"Shelled Parasite and Fungi","floor":30,"turns":3},{"damage":45,"enemies":"Gremlin Leader","floor":31,"turns":5},{"damage":87,"enemies":"Automaton","floor":33,"turns":6}],"seed_played":"5367218405973431748","potions_obtained":[{"floor":5,"key":"SpeedPotion"},{"floor":7,"key":"Fire Potion"},{"floor":8,"key":"Weak Potion"},{"floor":10,"key":"Swift Potion"},{"floor":16,"key":"Explosive Potion"},{"floor":18,"key":"CultistPotion"},{"floor":29,"key":"LifebloodPotion"}],"is_trial":false,"path_per_floor":["M","?","M","?","M","R","M","E","T","E","R","M","T","M","R","B",null,"M","M","$","?","?","R","E","R","T","T","R","E","M","E","R","B"],"character_chosen":"THE_SILENT","items_purchased":["TwistedFunnel","hubris:EmptyBottle","Regal Pillow","Dream Catcher","ReplayTheSpireMod:Private Reserves","Replay:Bandana"],"campfire_rested":4,"item_purchase_floors":[0,0,0,0,0,20],"current_hp_per_floor":[39,39,39,39,39,77,77,85,85,74,74,74,74,63,63,26,65,65,61,61,61,61,78,56,78,78,78,78,52,50,7,45,0,0],"gold":548,"neow_bonus":"","is_daily":false,"chose_seed":false,"campfire_upgraded":2,"win_rate":0.0,"timestamp":1608930089,"path_taken":["M","?","?","?","?","R","M","E","T","E","R","M","?","M","R","BOSS","M","M","$","?","?","R","E","R","T","?","R","E","M","E","R","BOSS"],"items_purchased_type":["Relic","Relic","Relic","Relic","Card","Relic"],"build_version":"2020-12-22","purchased_purges":1,"victory":false,"max_hp_per_floor":[78,78,78,78,78,78,78,86,86,78,78,78,78,78,78,78,78,78,78,78,78,78,78,78,78,78,78,78,78,78,78,78,78,78],"relic_stats":{"Blood Vial":6,"Regal Pillow":30,"Dream Catcher":4,"counters":[16,52],"Smiling Mask":0,"obtain_stats":[{"TwistedFunnel":0,"Gremlin Food":9,"Regal Pillow":0,"hubris:64BitClover":29,"hubris:EmptyBottle":0,"hubris:Towel":21,"Smiling Mask":31,"Blood Vial":26,"Dream Catcher":0,"Replay:Bandana":20,"hubris:Spice":0,"hubris:TenFootPole":24,"aspiration:FutureDiary":17,"Ring of the Snake":0},{"TwistedFunnel":0,"Gremlin Food":5,"Regal Pillow":0,"hubris:64BitClover":13,"hubris:EmptyBottle":0,"hubris:Towel":11,"Smiling Mask":15,"Blood Vial":12,"Dream Catcher":0,"Replay:Bandana":11,"hubris:Spice":0,"hubris:TenFootPole":12,"aspiration:FutureDiary":9,"Ring of the Snake":0},{"TwistedFunnel":0,"Gremlin Food":10,"Regal Pillow":0,"hubris:64BitClover":38,"hubris:EmptyBottle":0,"hubris:Towel":31,"Smiling Mask":46,"Blood Vial":35,"Dream Catcher":0,"Replay:Bandana":31,"hubris:Spice":0,"hubris:TenFootPole":35,"aspiration:FutureDiary":26,"Ring of the Snake":0}],"Ring of the Snake":[32]},"card_choices":[{"not_picked":["PiercingWail","hubris:Counter"],"picked":"Dagger Throw","floor":1},{"not_picked":["Dodge and Roll","Quick Slash","Escape Plan"],"picked":"SKIP","floor":3},{"not_picked":["Caltrops","Blade Dance"],"picked":"Dagger Throw","floor":5},{"not_picked":["Poisoned Stab","Footwork"],"picked":"Bane","floor":6},{"not_picked":["ReplayTheSpireMod:Scrap Shanks","Slice"],"picked":"Deadly Poison","floor":7},{"not_picked":["hubris:Counter","Storm of Steel","Sneak Up"],"picked":"SKIP","floor":8},{"not_picked":["PiercingWail","Poisoned Stab"],"picked":"Flying Knee","floor":10},{"not_picked":["hubris:SpiceAddiction","hubris:SpiceAddiction","hubris:SpiceAddiction"],"picked":"SKIP","floor":12},{"not_picked":["Concentrate","Reflex"],"picked":"Dash","floor":14},{"not_picked":["Die Die Die","Bullet Time"],"picked":"Phantasmal Killer","floor":16},{"not_picked":["Dodge and Roll","Cloak And Dagger+1"],"picked":"Underhanded Strike","floor":18},{"not_picked":["Acrobatics+1","Blur+1","Prepared"],"picked":"SKIP","floor":19},{"not_picked":["Dodge and Roll","Slice","Draining Mist+1"],"picked":"SKIP","floor":24},{"not_picked":["Eviscerate+1","Setup"],"picked":"ReplayTheSpireMod:Speed Training","floor":25},{"not_picked":["Escape Plan","Sneak Up"],"picked":"Deadly Poison","floor":29},{"not_picked":["Concentrate","Sneak Up"],"picked":"Deadly Poison","floor":30},{"not_picked":["Dodge and Roll","Dagger Spray"],"picked":"A Thousand Cuts","floor":31}],"player_experience":423246,"relics_obtained":[{"floor":8,"key":"hubris:Spice"},{"floor":9,"key":"Gremlin Food"},{"floor":10,"key":"hubris:Spice"},{"floor":24,"key":"hubris:TenFootPole"},{"floor":26,"key":"Blood Vial"},{"floor":29,"key":"hubris:64BitClover"},{"floor":31,"key":"Smiling Mask"}],"event_choices":[{"damage_healed":0,"gold_gain":0,"player_choice":"1 cards matched","damage_taken":0,"max_hp_gain":0,"max_hp_loss":0,"event_name":"Match and Keep!","floor":2,"gold_loss":0,"cards_obtained":["Poison Darts"]},{"cards_removed":["Strike_G"],"damage_healed":0,"gold_gain":0,"player_choice":"Card Removal","damage_taken":0,"max_hp_gain":0,"max_hp_loss":0,"event_name":"Wheel of Change","floor":4,"gold_loss":0}],"is_beta":false,"boss_relics":[{"not_picked":["hubris:Spice","hubris:Spice"],"picked":"aspiration:FutureDiary"}],"items_purged_floors":[20],"is_endless":false,"potions_floor_spawned":[5,7,8,10,16,18,29],"killed_by":"Automaton","ascension_level":6}}