{"host":"rkizb0bayd67deyv","time":1608917795,"event":{"mods":["2.2 Compatiblity","AchievementEnabler","BaseMod","Beaked The Cultist","BetterRewards","CapriCore","Colored Powertips","GifTheSpireLib","Gremlin Mod","KinomotoSakuraMod(ñÿîVñ{?)","Koishi","MarisaÅiñ∂âJÅ@ñÇóùçπÅj","Minty Spire (QoL Compilation)","StSLib","SuperFastMode","The Bladedancer","The Cursed","The Death Knight","The Immortal","The Mystic","The Poker Player","Unknown Chances","YoumuÅiç∞ÈÆódöÎÅj"],"gold_per_floor":[110,162,176,176,189,214,214,214,214],"floor_reached":8,"playtime":146,"items_purged":[],"score":48,"play_id":"787cc9e7-fff3-4302-af38-87e8345d600c","local_time":"20201226023635","is_ascension_mode":false,"campfire_choices":[{"data":"mysticmod:Snowball","floor":7,"key":"SMITH"}],"circlet_count":0,"master_deck":["mysticmod:Strike_Mystic","mysticmod:Strike_Mystic","mysticmod:Strike_Mystic","mysticmod:Strike_Mystic","mysticmod:Defend_Mystic","mysticmod:Defend_Mystic","mysticmod:Defend_Mystic","mysticmod:Defend_Mystic","mysticmod:ArcaneDodge","mysticmod:ShockingGrasp","mysticmod:Snowball","mysticmod:LightningBolt","mysticmod:TomeOfSpells","mysticmod:Snowball+1"],"relics":["mysticmod:SpellBook","NeowsBlessing","Golden Idol"],"acts_visited":["Exordium"],"potions_floor_usage":[],"damage_taken":[{"damage":0,"enemies":"Small Slimes","floor":1,"turns":1},{"damage":0,"enemies":"Cultist","floor":3,"turns":1},{"damage":0,"enemies":"Jaw Worm","floor":5,"turns":1},{"damage":13,"enemies":"2 Fungi Beasts","floor":6,"turns":4},{"damage":18,"enemies":"3 Sentries","floor":8,"turns":3}],"seed_played":"3333277862009607917","potions_obtained":[{"floor":3,"key":"SkillPotion"},{"floor":5,"key":"Block Potion"}],"is_trial":false,"path_per_floor":["M","?","M","?","M","M","R","E"],"character_chosen":"MYSTIC_CLASS","items_purchased":[],"campfire_rested":0,"item_purchase_floors":[],"current_hp_per_floor":[77,77,77,71,71,58,58,40,40],"gold":214,"neow_bonus":"THREE_ENEMY_KILL","is_daily":false,"chose_seed":false,"campfire_upgraded":1,"win_rate":0.0,"timestamp":1608917795,"path_taken":["M","?","M","?","M","M","R","E"],"items_purchased_type":[],"build_version":"2020-12-22","purchased_purges":0,"victory":false,"max_hp_per_floor":[77,77,77,71,71,71,71,71,71],"card_choices":[{"not_picked":["mysticmod:EnergizedRift","mysticmod:Riposte"],"picked":"mysticmod:Snowball","floor":1},{"not_picked":["mysticmod:Daze","mysticmod:Snowball"],"picked":"mysticmod:LightningBolt","floor":3},{"not_picked":["mysticmod:Shield","mysticmod:CorrosiveTouch"],"picked":"mysticmod:TomeOfSpells","floor":5},{"not_picked":["mysticmod:BulkUp","mysticmod:Fireball"],"picked":"mysticmod:Snowball","floor":6}],"player_experience":250144,"relics_obtained":[],"event_choices":[{"damage_healed":0,"gold_gain":52,"player_choice":"Gained Gold","damage_taken":0,"max_hp_gain":0,"max_hp_loss":0,"event_name":"Golden Wing","floor":2,"gold_loss":0},{"damage_healed":0,"gold_gain":0,"player_choice":"Lose Max HP","damage_taken":0,"relics_obtained":["Golden Idol"],"max_hp_gain":0,"max_hp_loss":6,"event_name":"Golden Idol","floor":4,"gold_loss":0}],"is_beta":false,"boss_relics":[],"items_purged_floors":[],"is_endless":false,"potions_floor_spawned":[3,5],"killed_by":"3 Sentries","ascension_level":0}}