{"host":"wkq136ike0ligh15","time":1608873003,"event":{"mods":["Bard","BaseMod","Clockwork Mod","Minty Spire (QoL Compilation)","StSLib"],"gold_per_floor":[114,127,127,127,150,150,183,195,207,243,255,267,314,339,351,363,363],"floor_reached":16,"playtime":340,"items_purged":[],"score":110,"play_id":"bc9fc3a8-b2f1-4080-8362-42af948ca1a5","local_time":"20201225001003","is_ascension_mode":false,"campfire_choices":[{"floor":6,"key":"RECALL"},{"floor":11,"key":"REST"},{"floor":15,"key":"REST"}],"circlet_count":0,"master_deck":["Strike_B","Strike_B","Strike_B","Strike_B","Defend_B","Defend_B","Defend_B","Defend_B","Zap","Dualcast","Barrage","Auto Shields","Genetic Algorithm","Compile Driver","Seek","Ball Lightning","Steam","Storm","Fusion"],"relics":["Cracked Core","NeowsBlessing","Golden Idol","CaptainsWheel","MawBank","Bag of Preparation","Dream Catcher","GremlinMask","Question Card"],"acts_visited":["Exordium"],"potions_floor_usage":[16,16],"damage_taken":[{"damage":0,"enemies":"Cultist","floor":1,"turns":1},{"damage":0,"enemies":"2 Louse","floor":2,"turns":1},{"damage":0,"enemies":"Jaw Worm","floor":5,"turns":1},{"damage":32,"enemies":"Lagavulin","floor":7,"turns":7},{"damage":2,"enemies":"Looter","floor":10,"turns":3},{"damage":14,"enemies":"Gremlin Nob","floor":13,"turns":4},{"damage":17,"enemies":"Lots of Slimes","floor":14,"turns":3},{"damage":37,"enemies":"Hexaghost","floor":16,"turns":10}],"seed_played":"2821755813475895867","potions_obtained":[{"floor":10,"key":"PowerPotion"},{"floor":13,"key":"SkillPotion"}],"is_trial":false,"path_per_floor":["M","M","?","T","M","R","E","?","T","M","R","?","E","M","R","B"],"character_chosen":"DEFECT","items_purchased":[],"campfire_rested":2,"item_purchase_floors":[],"current_hp_per_floor":[75,75,69,69,69,69,37,30,30,28,48,48,34,17,37,0,0],"gold":363,"neow_bonus":"THREE_ENEMY_KILL","is_daily":false,"chose_seed":false,"campfire_upgraded":0,"win_rate":0.0,"timestamp":1608873003,"path_taken":["M","?","?","?","M","R","E","?","T","M","R","?","E","?","R","BOSS"],"items_purchased_type":[],"build_version":"2020-12-22","purchased_purges":0,"victory":false,"max_hp_per_floor":[75,75,69,69,69,69,69,69,69,69,69,69,69,69,69,69,69],"card_choices":[{"not_picked":["Compile Driver","Skim"],"picked":"Barrage","floor":1},{"not_picked":["Coolheaded","Beam Cell"],"picked":"Auto Shields","floor":2},{"not_picked":["Compile Driver","Leap"],"picked":"Genetic Algorithm","floor":5},{"not_picked":["Stack","Steam Power"],"picked":"Compile Driver","floor":7},{"not_picked":["Hologram","Ball Lightning"],"picked":"Seek","floor":10},{"not_picked":["Go for the Eyes","Gash"],"picked":"Ball Lightning","floor":11},{"not_picked":["Heatsinks","Hologram"],"picked":"Steam","floor":13},{"not_picked":["Sweeping Beam","Redo","Amplify"],"picked":"Storm","floor":14},{"not_picked":["Compile Driver","Blizzard","Lockon"],"picked":"Fusion","floor":15}],"player_experience":238063,"relics_obtained":[{"floor":4,"key":"CaptainsWheel"},{"floor":7,"key":"MawBank"},{"floor":9,"key":"Dream Catcher"},{"floor":13,"key":"Question Card"}],"event_choices":[{"damage_healed":0,"gold_gain":0,"player_choice":"Lose Max HP","damage_taken":0,"relics_obtained":["Golden Idol"],"max_hp_gain":0,"max_hp_loss":6,"event_name":"Golden Idol","floor":3,"gold_loss":0},{"damage_healed":0,"gold_gain":0,"player_choice":"Success","damage_taken":7,"relics_obtained":["Bag of Preparation"],"max_hp_gain":0,"max_hp_loss":0,"event_name":"Scrap Ooze","floor":8,"gold_loss":0},{"damage_healed":0,"gold_gain":0,"player_choice":"Trade","damage_taken":0,"relics_obtained":["GremlinMask"],"max_hp_gain":0,"max_hp_loss":0,"event_name":"FaceTrader","floor":12,"gold_loss":0}],"is_beta":false,"boss_relics":[],"items_purged_floors":[],"is_endless":false,"potions_floor_spawned":[10,13],"killed_by":"Hexaghost","ascension_level":0}}