{"host":"m9b9nkcj1hzhp9h6","time":1608914069,"event":{"mods":["AchievementEnabler","Act Like it!","AlwaysNeverKeys","Aspiration","BaseMod","Better Altar","Better Match","Better Note","Better Sensory Stone","Better Silent Start","Better Skull","Better Third Choice","Better Vampires","BetterRewards","Booster Modes","Colored Map","Colored Powertips","Colorless Booster Pack","Conspire","Custom Start","Defective Defect","Dio Mod","Displayed Cursed Tome","Dota2Spire","Downfall","Elementarium","Emptier Cage","Energized Spire","Friendly Minions","Gensokyo","GifTheSpireLib","Halation","HexUI Lib","Hubris","Infinite Spire","Ironclad Rager","Jedi Mod","Mari Mod (Legacy)","Mari\u0027s V1 Patch","Marked Mod","Menagerie","Mimic Mod","Minty Spire (QoL Compilation)","Pale of the Ancients","Permanent Neow","Prisma Mod","RRrroohrrRGHHhhh!!","Random Character Button","Random Character Mod","Relic Sorter","Relic Stats","Remilia??????","Replay The Spire","Reworked Bosses","Robot Space Explorer","RumiaBox-????????","SCP261 Mod","SacredBarkPlus","Small Relic Pack","Spikes Relics","StSLib","Stuff the Spire","The Animator","The Blue Laboratory","The Factory","The IronCluck","The Jungle","Trackpad","Transform Curses","Useless Jewels Mod","Virulent Crown","Waifu the Spire","Wandering Minibosses","Yohane!","Yuri Mod","egg","slay the spire mod where everything is the same but ironclad has a cowboy hat","thorton","vexMod"],"gold_per_floor":[146,146,163,88,108,126,137,137,137,58,57,60,60,77,77,211,211,231,290,290,353,378,378,451,451,451,451,441,439,25,100,100,202,202,216,198,198,192,218,218,218,143,167,142,142,148,123,139,139,159,159,159,421,471,526,526,526,173,283,273,273],"floor_reached":60,"playtime":5273,"items_purged":["MariMod:Mari_Strike","MariMod:Mari_Strike"],"score":1072,"play_id":"ddbefafd-4bc3-489b-aebe-26d1d0d32f32","local_time":"20201225183429","is_ascension_mode":true,"campfire_choices":[{"data":"MariMod:Mari_Expenses","floor":23,"key":"SMITH"},{"data":"MariMod:Mari_Debut","floor":27,"key":"SMITH"},{"floor":32,"key":"REST"},{"floor":40,"key":"REST"},{"data":"MariMod:Mari_Boundless_Energy","floor":45,"key":"SMITH"},{"floor":49,"key":"RECALL"},{"data":"MariMod:Mari_Awe","floor":52,"key":"SMITH"}],"circlet_count":0,"master_deck":["MariMod:Mari_Strike","MariMod:Mari_Strike","MariMod:Mari_Strike","MariMod:Mari_Defend+1","MariMod:Mari_Defend","MariMod:Mari_Defend","MariMod:Mari_Defend","MariMod:Mari_Reminisce","MariMod:Mari_Debut+1","MariMod:Mari_Defiance","MariMod:Mari_Old_Costume","MariMod:Mari_Awe","MariMod:Mari_Flaunt","MariMod:Mari_Flaunt","MariMod:Mari_Emotional_Episode+1","MariMod:Mari_Grand_Scheme","MariMod:Mari_Delicacy","MariMod:Mari_Character_Development+1","MariMod:Mari_Emotional_Episode","MariMod:Mari_Limelight","MariMod:Mari_Reflection+1","MariMod:Mari_Wishing_Fountain+1","MariMod:Mari_Reckless_Spending","MariMod:Mari_Emotional_Episode","MariMod:Mari_Limelight","MariMod:Mari_Golden_Glint","MariMod:Mari_The_HELICOPTER","MariMod:Mari_Hug","MariMod:Mari_Flaunt","MariMod:Mari_Hug","MariMod:Mari_Expenses","MariMod:Mari_The_Beach_Episode","MariMod:Mari_Glow","MariMod:Mari_Research","MariMod:Mari_Tea_Time","MariMod:Mari_Glimmer","MariMod:Mari_Undying_Spark+1","MariMod:Mari_Awe","MariMod:Mari_Fragile_Hope+1","MariMod:Mari_Glimmer","MariMod:Mari_Mic_Check","MariMod:Mari_Boundless_Energy","MariMod:Mari_zzz","MariMod:Mari_The_Planisphere","MariMod:Mari_Its_Joke","MariMod:Mari_zzz","MariMod:Mari_Fragile_Hope","MariMod:Mari_No_Problem","MariMod:Mari_Self_Care","MariMod:Mari_No_Problem+1","MariMod:Mari_Fragile_Hope+1","MariMod:Mari_Pent_Up_Emotions","MariMod:Mari_Reckless_Spending+1","MariMod:Mari_Sparkle"],"relics":["animator:TheEgnaroPiece","animator:AncientMedallion"],"acts_visited":["Exordium","TheCity","TheBeyond","TheEnding","EYB:TheUnnamedReign"],"potions_floor_usage":[19,22,24,31,50,59,59,60],"damage_taken":[{"damage":0.0,"enemies":"Cultist","floor":1.0,"turns":4.0},{"damage":0.0,"enemies":"2 Louse","floor":3.0,"turns":3.0},{"damage":0.0,"enemies":"Small Slimes","floor":5.0,"turns":4.0},{"damage":19.0,"enemies":"3 Sentries","floor":6.0,"turns":15.0},{"damage":16.0,"enemies":"2 Fungi Beasts","floor":7.0,"turns":7.0},{"damage":3.0,"enemies":"Red Slaver","floor":11.0,"turns":7.0},{"damage":7.0,"enemies":"Blue Slaver","floor":12.0,"turns":3.0},{"damage":0.0,"enemies":"Lagavulin","floor":14.0,"turns":8.0},{"damage":32.0,"enemies":"Fading Forest","floor":16.0,"turns":11.0},{"damage":19.0,"enemies":"Spheric Guardian","floor":18.0,"turns":6.0},{"damage":20,"enemies":"conspire:FuzzyDice","floor":19,"turns":7},{"damage":0,"enemies":"conspire:FuzzyDice","floor":21,"turns":6},{"damage":25,"enemies":"Shelled Parasite and Fungi","floor":22,"turns":10},{"damage":2,"enemies":"Replay:Snechameleon","floor":24,"turns":5},{"damage":6,"enemies":"conspire:HollyBat","floor":28,"turns":7},{"damage":2,"enemies":"Cultist and Chosen","floor":29,"turns":5},{"damage":7,"enemies":"conspire:SneckoGhost","floor":31,"turns":6},{"damage":18,"enemies":"conspire:MysteriousRune","floor":33,"turns":6},{"damage":0,"enemies":"Orb Walker","floor":35,"turns":3},{"damage":26,"enemies":"3 Darklings","floor":36,"turns":5},{"damage":33,"enemies":"Transient","floor":38,"turns":5},{"damage":0,"enemies":"Jaw Worm Horde","floor":44,"turns":2},{"damage":8,"enemies":"Sphere and 2 Shapes","floor":46,"turns":3},{"damage":7,"enemies":"3 Darklings","floor":47,"turns":4},{"damage":0,"enemies":"Transient","floor":48,"turns":5},{"damage":0,"enemies":"bossMod:newAwakened","floor":50,"turns":12},{"damage":8,"enemies":"animator:UNNAMED_CULTIST_1","floor":54,"turns":7},{"damage":23,"enemies":"animator:UNNAMED_HAT","floor":55,"turns":11},{"damage":60,"enemies":"animator:TRIPLE_LAGAVULIN","floor":59,"turns":7},{"damage":29,"enemies":"animator:UNNAMED_CULTIST_2","floor":60,"turns":3}],"seed_played":"1965523500709340340","potions_obtained":[{"floor":3.0,"key":"jedi:StrikingPotion"},{"floor":7.0,"key":"blueLaboratory:Moonshine"},{"floor":11.0,"key":"Dota2Spire:HealingSalve"},{"floor":24,"key":"Strength Potion"},{"floor":28,"key":"Dexterity Potion"},{"floor":38,"key":"blueLaboratory:Moonshine"},{"floor":46,"key":"FearPotion"},{"floor":47,"key":"blueLaboratory:FrostheartPotion"},{"floor":54,"key":"animator:FalseLifePotion"},{"floor":55,"key":"animator:FalseLifePotion"},{"floor":59,"key":"animator:FalseLifePotion"}],"is_trial":false,"path_per_floor":["M","?","M","?","M","E","M","T","T","$","M","M","?","E","R_BF","B",null,"M","MIM","?","M","M","R","E","?","T","R","M","M","$","E","R","B",null,"M","M","?","M","T","R","?","$","T","M","R","M","M","M","R","B",null,"R","??","M","M","T","?","$","M","M"],"character_chosen":"MARI","items_purchased":["MariMod:Mari_Flaunt","Vajra","hubris:DuctTape","animator:AncientMedallion"],"campfire_rested":2,"item_purchase_floors":[10,30,30,58],"current_hp_per_floor":[72,72,72,72,72,53,37,37,37,37,34,27,27,27,27,19,72,53,33,33,33,23,23,21,21,21,21,15,13,13,6,27,9,72,72,46,46,13,13,34,41,41,48,39,39,31,24,24,24,24,79,79,100,92,69,69,69,69,17,0,0],"gold":273,"neow_bonus":"DSIX","is_daily":false,"chose_seed":false,"campfire_upgraded":4,"win_rate":0.0,"timestamp":1608914069,"path_taken":["M","?","M","?","M","E","M","?","T","$","?","M","?","E","R_BF","BOSS","M","?","?","M","M","R","E","?","T","R","?","M","$","E","R","BOSS","M","?","?","M","?","R","?","$","T","M","R","?","M","M","R","BOSS","R","??","M","M","T","?","$","M","M"],"items_purchased_type":["Card","Relic","Relic","Relic"],"build_version":"2020-12-22","purchased_purges":2,"victory":false,"max_hp_per_floor":[72,72,72,72,72,72,72,72,72,72,72,72,72,72,72,72,72,72,72,72,72,72,72,72,72,72,72,72,72,72,72,72,72,72,72,72,72,72,72,72,72,72,79,79,79,79,79,79,79,79,79,79,100,100,100,100,100,100,100,100,100],"relic_stats":{"counters":[30,189],"obtain_stats":[{"MariMod:MariTheSpark":0,"hubris:DuctTape":30,"SuspiciousGoo":1,"Vajra":30,"Dota2Spire:ShivaGuard":1,"Dota2Spire:Vanguard":14,"hubris:HollowSoul":17,"conspire:SlowCooker":34,"hubris:MysteriousPyramids":19,"animator:TheEgnaroPiece":53,"vexMod:BarristanHead":39,"wanderingMiniBosses:Blackblade":22,"animator:AncientMedallion":56,"StuffTheSpire:CocoNut":43,"Bottled Lightning":26,"relicPack:AllForOne":57,"yuri:PortableGlitches":24,"aspiration:DSix":0,"Dota2Spire:PhaseBoots":6,"Replay:Bottled Steam":31},{"MariMod:MariTheSpark":0,"hubris:DuctTape":16,"SuspiciousGoo":1,"Vajra":16,"Dota2Spire:ShivaGuard":1,"Dota2Spire:Vanguard":8,"hubris:HollowSoul":9,"conspire:SlowCooker":18,"hubris:MysteriousPyramids":11,"animator:TheEgnaroPiece":26,"vexMod:BarristanHead":21,"wanderingMiniBosses:Blackblade":13,"animator:AncientMedallion":28,"StuffTheSpire:CocoNut":21,"Bottled Lightning":14,"relicPack:AllForOne":28,"yuri:PortableGlitches":14,"aspiration:DSix":0,"Dota2Spire:PhaseBoots":4,"Replay:Bottled Steam":17},{"MariMod:MariTheSpark":0,"hubris:DuctTape":108,"SuspiciousGoo":4,"Vajra":108,"Dota2Spire:ShivaGuard":4,"Dota2Spire:Vanguard":51,"hubris:HollowSoul":62,"conspire:SlowCooker":120,"hubris:MysteriousPyramids":75,"animator:TheEgnaroPiece":161,"vexMod:BarristanHead":133,"wanderingMiniBosses:Blackblade":91,"animator:AncientMedallion":179,"StuffTheSpire:CocoNut":133,"Bottled Lightning":96,"relicPack:AllForOne":179,"yuri:PortableGlitches":96,"aspiration:DSix":0,"Dota2Spire:PhaseBoots":26,"Replay:Bottled Steam":114}]},"card_choices":[{"not_picked":["MariMod:Mari_Self_Care","MariMod:Mari_Glow"],"picked":"MariMod:Mari_Defiance","floor":1.0},{"not_picked":["MariMod:Mari_Tough_Front","MariMod:Mari_Sparkle","MariMod:Mari_Heavy_Metal"],"picked":"SKIP","floor":3.0},{"not_picked":["MariMod:Mari_Tough_Front+1","MariMod:Mari_Heavy_Price+1"],"picked":"MariMod:Mari_Old_Costume+1","floor":4.0},{"not_picked":["MariMod:Mari_Delicacy","MariMod:Mari_Boundless_Energy"],"picked":"MariMod:Mari_Awe","floor":5.0},{"not_picked":["MariMod:Mari_Wishing_Fountain","MariMod:Mari_Administrator_Privilege"],"picked":"MariMod:Mari_Flaunt","floor":6.0},{"not_picked":["MariMod:Mari_Old_Costume","MariMod:Mari_Sparkle"],"picked":"MariMod:Mari_Self_Care","floor":7.0},{"not_picked":["MariMod:Mari_Withdrawal","MariMod:Mari_Awe"],"picked":"MariMod:Mari_Emotional_Episode","floor":11.0},{"not_picked":["MariMod:Mari_Dolphin_Strike","MariMod:Mari_Slap"],"picked":"MariMod:Mari_Grand_Scheme","floor":11.0},{"not_picked":["MariMod:Mari_Choreography","MariMod:Mari_Approved"],"picked":"MariMod:Mari_Delicacy","floor":12.0},{"not_picked":["MariMod:Mari_Delicacy","MariMod:Mari_Expensive_Tastes"],"picked":"MariMod:Mari_Character_Development","floor":14.0},{"not_picked":["MariMod:Mari_Tea_Time","MariMod:Mari_Shut_Up","MariMod:Mari_Choreography"],"picked":"SKIP","floor":14.0},{"not_picked":["MariMod:Mari_No_Problem","MariMod:Mari_Tough_Front","MariMod:Mari_All_Or_Nothing"],"picked":"SKIP","floor":14.0},{"not_picked":["MariMod:Mari_Expensive_Tastes","MariMod:Mari_Shut_Up"],"picked":"MariMod:Mari_Emotional_Episode","floor":16.0},{"not_picked":["MariMod:Mari_Flawless_Form","MariMod:Mari_Devilish_Assistant"],"picked":"MariMod:Mari_Limelight","floor":16.0},{"not_picked":["MariMod:Mari_The_Light_We_Chase","MariMod:Mari_zzz"],"picked":"MariMod:Mari_Reflection","floor":18},{"not_picked":["MariMod:Mari_Expensive_Tastes","MariMod:Mari_Delicacy"],"picked":"MariMod:Mari_Wishing_Fountain","floor":18},{"not_picked":["MariMod:Mari_Collect_Thoughts","MariMod:Mari_Lets_Go"],"picked":"MariMod:Mari_Reckless_Spending","floor":18},{"not_picked":["MariMod:Mari_Boundless_Energy","MariMod:Mari_Glimmer"],"picked":"MariMod:Mari_Emotional_Episode","floor":19},{"not_picked":["MariMod:Mari_Slap","MariMod:Mari_Sparkle+1"],"picked":"MariMod:Mari_Golden_Glint","floor":21},{"not_picked":["MariMod:Mari_Reflection","MariMod:Mari_The_FLYING_CAR"],"picked":"MariMod:Mari_The_HELICOPTER","floor":21},{"not_picked":["MariMod:Mari_Excitement","MariMod:Mari_Character_Development"],"picked":"MariMod:Mari_Hug","floor":21},{"not_picked":["MariMod:Mari_Cash_Back","MariMod:Mari_Unveiled_Secret"],"picked":"MariMod:Mari_Flaunt","floor":22},{"not_picked":["MariMod:Mari_The_FLYING_CAR","MariMod:Mari_Withdrawal"],"picked":"MariMod:Mari_Hug","floor":22},{"not_picked":["MariMod:Mari_No_Problem","MariMod:Mari_Shut_Up"],"picked":"MariMod:Mari_Expenses","floor":22},{"not_picked":["wanderingMiniBosses:FinaleOfPromise"],"picked":"SKIP","floor":22},{"not_picked":["MariMod:Mari_Expensive_Tastes","MariMod:Mari_Shine"],"picked":"MariMod:Mari_The_Beach_Episode","floor":24},{"not_picked":["MariMod:Mari_Choreography","MariMod:Mari_Collect_Thoughts"],"picked":"MariMod:Mari_Kyu","floor":24},{"not_picked":["MariMod:Mari_The_FLYING_CAR","MariMod:Mari_Tough_Front"],"picked":"MariMod:Mari_Glow","floor":24},{"not_picked":["MariMod:Mari_Fire_Strike","MariMod:Mari_Wishing_Fountain"],"picked":"MariMod:Mari_Research","floor":28},{"not_picked":["MariMod:Mari_Fragile_Hope","MariMod:Mari_Its_Joke+1"],"picked":"MariMod:Mari_Tea_Time","floor":28},{"not_picked":["MariMod:Mari_Approved","MariMod:Mari_Character_Development"],"picked":"MariMod:Mari_Glimmer","floor":29},{"not_picked":["MariMod:Mari_Reckless_Driving","MariMod:Mari_Lie_In_Wait"],"picked":"MariMod:Mari_Dolphin_Strike","floor":29},{"not_picked":["MariMod:Mari_Collect_Thoughts","MariMod:Mari_Closure","MariMod:Mari_Hug"],"picked":"SKIP","floor":29},{"not_picked":["MariMod:Mari_Character_Development","MariMod:Mari_Sparkle"],"picked":"MariMod:Mari_Undying_Spark","floor":31},{"not_picked":["MariMod:Mari_Choreography","MariMod:Mari_Shine","MariMod:Mari_Withdrawal"],"picked":"SKIP","floor":31},{"not_picked":["MariMod:Mari_Research","MariMod:Mari_The_Planisphere","MariMod:Mari_Practice_Outfit"],"picked":"SKIP","floor":31},{"not_picked":["MariMod:Mari_Second_Season","MariMod:Mari_Hug"],"picked":"MariMod:Mari_Awe","floor":33},{"not_picked":["MariMod:Mari_Excitement","MariMod:Mari_Lie_In_Wait+1"],"picked":"MariMod:Mari_Fragile_Hope","floor":35},{"not_picked":["MariMod:Mari_Reflection","MariMod:Mari_Expensive_Tastes","MariMod:Mari_Shut_Up"],"picked":"SKIP","floor":35},{"not_picked":["MariMod:Mari_Shut_Up","MariMod:Mari_Approved"],"picked":"MariMod:Mari_Glimmer","floor":36},{"not_picked":["MariMod:Mari_Heavy_Metal","MariMod:Mari_Choreography","MariMod:Mari_Pretty_Bomber_Head"],"picked":"SKIP","floor":36},{"not_picked":["MariMod:Mari_Choreography","MariMod:Mari_Delicacy+1","MariMod:Mari_Reckless_Driving"],"picked":"SKIP","floor":36},{"not_picked":["MariMod:Mari_Old_Costume","MariMod:Mari_Lets_Go+1"],"picked":"MariMod:Mari_Mic_Check+1","floor":38},{"not_picked":["MariMod:Mari_The_Beach_Episode","MariMod:Mari_The_HELICOPTER","MariMod:Mari_Hug"],"picked":"SKIP","floor":38},{"not_picked":["MariMod:Mari_Shine","MariMod:Mari_Withdrawal"],"picked":"MariMod:Mari_Boundless_Energy","floor":44},{"not_picked":["MariMod:Mari_Lie_In_Wait","MariMod:Mari_Administrator_Privilege"],"picked":"MariMod:Mari_zzz+1","floor":44},{"not_picked":["MariMod:Mari_Overexertion","MariMod:Mari_Choreography","MariMod:Mari_Fire_Strike"],"picked":"SKIP","floor":44},{"not_picked":["MariMod:Mari_Hug","MariMod:Mari_Withdrawal"],"picked":"MariMod:Mari_The_Planisphere","floor":46},{"not_picked":["MariMod:Mari_Pent_Up_Emotions","MariMod:Mari_Lets_Go"],"picked":"MariMod:Mari_Its_Joke","floor":46},{"not_picked":["MariMod:Mari_Hug","MariMod:Mari_Unveiled_Secret","MariMod:Mari_Tea_Time"],"picked":"SKIP","floor":46},{"not_picked":["MariMod:Mari_Tea_Time","MariMod:Mari_Pretty_Bomber_Head"],"picked":"MariMod:Mari_zzz","floor":47},{"not_picked":["MariMod:Mari_Boundless_Energy","MariMod:Mari_Sparkle"],"picked":"MariMod:Mari_Fragile_Hope","floor":47},{"not_picked":["MariMod:Mari_Flaunt","MariMod:Mari_Character_Development"],"picked":"MariMod:Mari_No_Problem","floor":48},{"not_picked":["MariMod:Mari_Old_Costume+1","MariMod:Mari_Delicacy+1"],"picked":"MariMod:Mari_Self_Care+1","floor":48},{"not_picked":["MariMod:Mari_Expensive_Tastes","MariMod:Mari_The_HELICOPTER","MariMod:Mari_Character_Development"],"picked":"SKIP","floor":48},{"not_picked":["MariMod:Mari_Reckless_Driving","MariMod:Mari_Hug"],"picked":"MariMod:Mari_Pent_Up_Emotions","floor":54},{"not_picked":["MariMod:Mari_Awe","MariMod:Mari_Pent_Up_Emotions+1"],"picked":"MariMod:Mari_Reckless_Spending+1","floor":55},{"not_picked":["MariMod:Mari_Heavy_Price+1","MariMod:Mari_Old_Costume+1"],"picked":"MariMod:Mari_Sparkle","floor":59}],"player_experience":1371916,"relics_obtained":[{"floor":1.0,"key":"SuspiciousGoo"},{"floor":1.0,"key":"Dota2Spire:ShivaGuard"},{"floor":6.0,"key":"Dota2Spire:PhaseBoots"},{"floor":14.0,"key":"Dota2Spire:Vanguard"},{"floor":19,"key":"hubris:MysteriousPyramids"},{"floor":22,"key":"wanderingMiniBosses:Blackblade"},{"floor":24,"key":"yuri:PortableGlitches"},{"floor":26,"key":"Bottled Lightning"},{"floor":31,"key":"Replay:Bottled Steam"},{"floor":39,"key":"vexMod:BarristanHead"},{"floor":43,"key":"StuffTheSpire:CocoNut"},{"floor":53,"key":"animator:TheEgnaroPiece"},{"floor":56,"key":"animator:AncientMedallion"}],"event_choices":[{"damage_healed":0.0,"max_hp_gain":0.0,"max_hp_loss":0.0,"gold_gain":0.0,"event_name":"conspire:Investor","player_choice":"Leave","floor":2.0,"gold_loss":0.0,"damage_taken":0.0},{"damage_healed":0.0,"max_hp_gain":0.0,"max_hp_loss":0.0,"gold_gain":0.0,"event_name":"betterMatch:BetterMatch","player_choice":"2","floor":4.0,"gold_loss":0.0,"damage_taken":0.0,"cards_obtained":["betterMatch:CommonCard","betterMatch:RareCard"]},{"damage_healed":0,"gold_gain":0,"player_choice":"Copied","damage_taken":0,"max_hp_gain":0,"max_hp_loss":0,"event_name":"Duplicator","floor":20,"gold_loss":0,"cards_obtained":["MariMod:Mari_Limelight"]},{"cards_removed":["MariMod:Mari_Kyu"],"damage_healed":0,"gold_gain":0,"player_choice":"Purged","damage_taken":0,"max_hp_gain":0,"max_hp_loss":0,"event_name":"Purifier","floor":25,"gold_loss":0}],"is_beta":false,"boss_relics":[{"not_picked":["energizedSpire:DeadBattery","halation:MonkeysPaw"],"picked":"hubris:HollowSoul"},{"not_picked":["Replay:Fungal Core","energizedSpire:MagnifyingGlass"],"picked":"conspire:SlowCooker"}],"items_purged_floors":[42,58],"is_endless":false,"potions_floor_spawned":[3,7,11,24,28,38,46,47,48,54,55],"killed_by":"animator:UNNAMED_CULTIST_2","ascension_level":3}}