{"host":"qiqz0nmt5d7mxurh","time":1608867235,"event":{"mods":["Act Like it!","BaseMod","Colored Powertips","Koishi","Marisa????????","Minty Spire (QoL Compilation)","Quick Restart","StSLib","The Administrix","The Servant 0.9.4"],"gold_per_floor":[113,113,113,129,139,171,183,183,183],"floor_reached":8,"playtime":195,"items_purged":[],"score":116,"play_id":"2d012626-707e-4572-ac57-e339bfc4848a","local_time":"20201225140355","is_ascension_mode":true,"campfire_choices":[],"circlet_count":0,"master_deck":["AscendersBane","Strike_B","Strike_B","Strike_B","Strike_B","Defend_B","Defend_B+1","Defend_B","Defend_B","Zap","Dualcast+1","Defragment","Regret","Coolheaded","Hologram","Chill","Biased Cognition"],"relics":["Cracked Core","NeowsBlessing","StoneCalendar","Pear"],"acts_visited":["Exordium"],"potions_floor_usage":[],"damage_taken":[{"damage":0,"enemies":"Small Slimes","floor":1,"turns":1},{"damage":0,"enemies":"Jaw Worm","floor":4,"turns":1},{"damage":0,"enemies":"2 Louse","floor":5,"turns":1},{"damage":16,"enemies":"Lagavulin","floor":6,"turns":7},{"damage":4,"enemies":"Blue Slaver","floor":7,"turns":6},{"damage":48,"enemies":"Gremlin Nob","floor":8,"turns":4}],"seed_played":"2240764434226213538","potions_obtained":[{"floor":1,"key":"FearPotion"},{"floor":4,"key":"Energy Potion"}],"is_trial":false,"path_per_floor":["M","?","?","M","M","E","M","E"],"character_chosen":"DEFECT","items_purchased":[],"campfire_rested":0,"item_purchase_floors":[],"current_hp_per_floor":[64,43,43,43,43,37,33,0,0],"gold":183,"neow_bonus":"THREE_ENEMY_KILL","is_daily":false,"chose_seed":false,"campfire_upgraded":0,"win_rate":0.0,"timestamp":1608867235,"path_taken":["M","?","?","M","M","E","M","E"],"items_purchased_type":[],"build_version":"2020-12-22","purchased_purges":0,"victory":false,"max_hp_per_floor":[71,71,71,71,71,81,81,81,81],"card_choices":[{"not_picked":["Gash","Compile Driver"],"picked":"Defragment","floor":1},{"not_picked":["Streamline","Ball Lightning"],"picked":"Coolheaded","floor":4},{"not_picked":["Scrape","Stack"],"picked":"Hologram","floor":5},{"not_picked":["Hologram","Leap"],"picked":"Chill","floor":6},{"not_picked":["Turbo","Hologram"],"picked":"Biased Cognition","floor":7}],"player_experience":1284204,"relics_obtained":[{"floor":6,"key":"Pear"}],"event_choices":[{"damage_healed":0,"gold_gain":0,"player_choice":"Entered Light","damage_taken":21,"max_hp_gain":0,"max_hp_loss":0,"event_name":"Shining Light","floor":2,"gold_loss":0,"cards_upgraded":["Defend_B","Dualcast"]},{"damage_healed":0,"gold_gain":0,"player_choice":"Box","damage_taken":0,"relics_obtained":["StoneCalendar"],"max_hp_gain":0,"max_hp_loss":0,"event_name":"Big Fish","floor":3,"gold_loss":0,"cards_obtained":["Regret"]}],"is_beta":false,"boss_relics":[],"items_purged_floors":[],"is_endless":false,"potions_floor_spawned":[1,4,7],"killed_by":"Gremlin Nob","ascension_level":20}}