{"host":"5mo0809oo9tcrmpl","time":1608911974,"event":{"mods":["BaseMod","Highlight Path","Minty Spire (QoL Compilation)","Relic Stats","Slay the Relics Exporter"],"gold_per_floor":[114,129,144,144,163,201,276,276,276,295,295,333,333,371,371,496,496,496,496,496,271,271,271,271,21,21,21,21,21,21,21,21,21,21,21,21,21,21,21,21,21,21,21,21,21,21,21,21,21,21],"floor_reached":51,"playtime":5170,"items_purged":["Injury"],"score":790,"play_id":"104818e4-d751-41a4-a72b-635df3ff1871","local_time":"20201225095934","daily_mods":["SealedDeck","Red Cards","Night Terrors"],"is_ascension_mode":false,"campfire_choices":[{"data":"LessonLearned","floor":8.0,"key":"SMITH"},{"data":"Study","floor":11.0,"key":"SMITH"},{"data":"Shrug It Off","floor":13.0,"key":"SMITH"},{"data":"Twin Strike","floor":15.0,"key":"SMITH"},{"data":"Twin Strike","floor":29,"key":"SMITH"},{"data":"Evaluate","floor":32,"key":"SMITH"},{"data":"Shrug It Off","floor":42,"key":"SMITH"},{"data":"Headbutt","floor":49,"key":"SMITH"}],"circlet_count":0,"master_deck":["Evaluate+1","FollowUp+1","Headbutt+1","Conclude+1","EmptyFist+1","Rage+1","FlurryOfBlows+1","CutThroughFate+1","Twin Strike+1","Shrug It Off+1","Wallop+1","Crescendo+1","Study+1","LessonLearned+1","Twin Strike+1","Feed","Shrug It Off+1","Juggernaut+1","Clothesline+1","ThirdEye+1","Barricade+1","Metallicize+1","Body Slam+1","Entrench+1"],"relics":["PureWater","Golden Idol","Blue Candle","StrikeDummy","Question Card","StoneCalendar","Ectoplasm","Ancient Tea Set","Smiling Mask","Eternal Feather","Dead Branch","MealTicket","Nilry\u0027s Codex","SlaversCollar","CaptainsWheel","Nunchaku","Gambling Chip","Incense Burner"],"acts_visited":["TheBeyond"],"potions_floor_usage":[23,33,38,38,38,38,44,48,50],"damage_taken":[{"damage":0.0,"enemies":"2 Louse","floor":1.0,"turns":2.0},{"damage":5.0,"enemies":"Jaw Worm","floor":2.0,"turns":2.0},{"damage":0.0,"enemies":"Small Slimes","floor":3.0,"turns":2.0},{"damage":0.0,"enemies":"2 Fungi Beasts","floor":5.0,"turns":2.0},{"damage":13.0,"enemies":"Gremlin Nob","floor":6.0,"turns":4.0},{"damage":0.0,"enemies":"Gremlin Gang","floor":10.0,"turns":2.0},{"damage":9.0,"enemies":"3 Sentries","floor":12.0,"turns":3.0},{"damage":6.0,"enemies":"Lagavulin","floor":14.0,"turns":6.0},{"damage":18.0,"enemies":"Hexaghost","floor":16.0,"turns":8.0},{"damage":0.0,"enemies":"Shell Parasite","floor":18.0,"turns":3.0},{"damage":7,"enemies":"3 Byrds","floor":19,"turns":5},{"damage":3,"enemies":"Slavers","floor":23,"turns":4},{"damage":19,"enemies":"Snecko","floor":24,"turns":4},{"damage":0,"enemies":"Gremlin Leader","floor":28,"turns":5},{"damage":12,"enemies":"Collector","floor":33,"turns":7},{"damage":6,"enemies":"3 Darklings","floor":35,"turns":6},{"damage":0,"enemies":"3 Shapes","floor":36,"turns":6},{"damage":16,"enemies":"Transient","floor":37,"turns":5},{"damage":7,"enemies":"Maw","floor":38,"turns":7},{"damage":16,"enemies":"Nemesis","floor":40,"turns":9},{"damage":12,"enemies":"Writhing Mass","floor":41,"turns":8},{"damage":0,"enemies":"Giant Head","floor":44,"turns":5},{"damage":0,"enemies":"Jaw Worm Horde","floor":46,"turns":5},{"damage":0,"enemies":"3 Darklings","floor":47,"turns":6},{"damage":5,"enemies":"2 Orb Walkers","floor":48,"turns":4},{"damage":24,"enemies":"Donu and Deca","floor":50,"turns":7}],"seed_played":"4926568582952100995","potions_obtained":[{"floor":1.0,"key":"EntropicBrew"},{"floor":2.0,"key":"Dexterity Potion"},{"floor":3.0,"key":"ColorlessPotion"},{"floor":14.0,"key":"StancePotion"},{"floor":16.0,"key":"DistilledChaos"},{"floor":23,"key":"StancePotion"},{"floor":24,"key":"DistilledChaos"},{"floor":33,"key":"CultistPotion"},{"floor":38,"key":"DuplicationPotion"},{"floor":41,"key":"CultistPotion"},{"floor":46,"key":"Block Potion"}],"is_trial":false,"path_per_floor":["M","M","M","?","M","E","?","R","T","M","R","E","R","E","R","B",null,"M","M","?","$","?","E","M","$","T","?","E","R","?","?","R","B",null,"M","M","M","M","$","E","M","R","T","E","$","M","M","?","R","B",null],"character_chosen":"WATCHER","items_purchased":["Ancient Tea Set","Eternal Feather"],"campfire_rested":0,"item_purchase_floors":[21,25],"current_hp_per_floor":[72,67,67,67,67,54,43,43,43,43,43,34,34,28,28,10,72,72,68,68,68,68,68,49,49,49,49,49,58,42,35,44,32,78,72,72,56,49,64,48,36,48,48,48,63,63,63,58,70,46],"gold":21,"neow_bonus":"","is_daily":true,"chose_seed":false,"campfire_upgraded":8,"win_rate":0.0,"timestamp":1608911974,"path_taken":["M","M","M","?","M","E","?","R","T","M","R","E","R","E","R","BOSS","M","M","?","$","?","E","M","$","T","?","E","R","?","?","R","BOSS","M","M","?","M","$","E","M","R","T","E","?","M","M","?","R","BOSS"],"items_purchased_type":["Relic","Relic"],"build_version":"2020-12-22","purchased_purges":1,"victory":true,"max_hp_per_floor":[72,72,72,72,72,72,72,72,72,72,72,72,72,72,72,72,72,72,75,75,75,75,78,78,78,78,78,78,78,78,78,78,78,78,78,78,78,78,78,78,78,78,78,78,78,78,78,78,78,78],"relic_stats":{"counters":[16,93],"Golden Idol":125,"Blue Candle":[0],"Dead Branch":[78],"StoneCalendar":[162],"Eternal Feather":42,"Question Card":15,"Smiling Mask":0,"Nunchaku":[5],"Gambling Chip":[8],"MealTicket":30,"Ectoplasm":483,"obtain_stats":[{"Golden Idol":0,"Nilry\u0027s Codex":30,"Blue Candle":0,"Dead Branch":26,"StoneCalendar":0,"Eternal Feather":25,"Incense Burner":48,"Question Card":0,"Ancient Tea Set":21,"Smiling Mask":23,"SlaversCollar":34,"CaptainsWheel":40,"Nunchaku":43,"Gambling Chip":44,"MealTicket":28,"Ectoplasm":0,"PureWater":0,"StrikeDummy":0},{"Golden Idol":0,"Nilry\u0027s Codex":4,"Blue Candle":0,"Dead Branch":3,"StoneCalendar":0,"Eternal Feather":3,"Incense Burner":15,"Question Card":0,"Ancient Tea Set":1,"Smiling Mask":2,"SlaversCollar":5,"CaptainsWheel":10,"Nunchaku":11,"Gambling Chip":12,"MealTicket":4,"Ectoplasm":0,"PureWater":0,"StrikeDummy":0},{"Golden Idol":0,"Nilry\u0027s Codex":18,"Blue Candle":0,"Dead Branch":13,"StoneCalendar":0,"Eternal Feather":13,"Incense Burner":86,"Question Card":0,"Ancient Tea Set":5,"Smiling Mask":9,"SlaversCollar":25,"CaptainsWheel":58,"Nunchaku":66,"Gambling Chip":71,"MealTicket":18,"Ectoplasm":0,"PureWater":0,"StrikeDummy":0}]},"card_choices":[{"not_picked":["Blood for Blood","Sword Boomerang"],"picked":"Wallop","floor":1.0},{"not_picked":["Consecrate","Second Wind","SashWhip"],"picked":"SKIP","floor":2.0},{"not_picked":["Burning Pact","WindmillStrike"],"picked":"Crescendo","floor":3.0},{"not_picked":["Consecrate","Evolve"],"picked":"Study","floor":5.0},{"not_picked":["Iron Wave","SandsOfTime"],"picked":"LessonLearned","floor":6.0},{"not_picked":["CrushJoints","Clash"],"picked":"Twin Strike","floor":10.0},{"not_picked":["Power Through","Iron Wave","Bloodletting"],"picked":"SKIP","floor":12.0},{"not_picked":["Blood for Blood","Iron Wave","CutThroughFate","Flex"],"picked":"SKIP","floor":14.0},{"not_picked":["Blood for Blood","Iron Wave","CutThroughFate","Flex"],"picked":"SKIP","floor":14.0},{"not_picked":["Fiend Fire","Blasphemy","Omniscience"],"picked":"Feed","floor":16.0},{"not_picked":["Havoc","Armaments","Cleave+1"],"picked":"Shrug It Off","floor":18.0},{"not_picked":["Prostrate","Thunderclap","Flex+1","Havoc+1"],"picked":"SKIP","floor":19},{"not_picked":["Thunderclap","SashWhip","DeusExMachina","Crescendo+1"],"picked":"SKIP","floor":23},{"not_picked":["FlurryOfBlows+1","FlyingSleeves","EmptyFist","BowlingBash"],"picked":"SKIP","floor":24},{"not_picked":["Consecrate","LikeWater","Thunderclap","Warcry+1"],"picked":"SKIP","floor":28},{"not_picked":["Brilliance","Ragnarok","Berserk"],"picked":"Juggernaut","floor":33},{"not_picked":["Sentinel+1","Flex","FlyingSleeves"],"picked":"Clothesline+1","floor":35},{"not_picked":["Halt+1","Sentinel+1","Ghostly Armor+1","Perfected Strike+1"],"picked":"SKIP","floor":36},{"not_picked":["Berserk","Clash","Sword Boomerang+1"],"picked":"ThirdEye+1","floor":37},{"not_picked":["BattleHymn","CutThroughFate","Prostrate+1"],"picked":"Barricade","floor":38},{"not_picked":["Cleave+1","Corruption","Searing Blow+1","JustLucky"],"picked":"SKIP","floor":40},{"not_picked":["Ghostly Armor+1","Consecrate+1","Whirlwind"],"picked":"Metallicize+1","floor":41},{"not_picked":["Omniscience","Inflame+1","Shrug It Off+1"],"picked":"Body Slam","floor":44},{"not_picked":["Havoc","InnerPeace","Sword Boomerang","Spot Weakness+1"],"picked":"SKIP","floor":46},{"not_picked":["Anger+1","Entrench","Vengeance+1","Infernal Blade+1"],"picked":"SKIP","floor":47},{"not_picked":["Power Through","WindmillStrike","SandsOfTime"],"picked":"Entrench+1","floor":48}],"player_experience":1199272,"relics_obtained":[{"floor":6.0,"key":"Blue Candle"},{"floor":9.0,"key":"StrikeDummy"},{"floor":12.0,"key":"Question Card"},{"floor":14.0,"key":"StoneCalendar"},{"floor":23,"key":"Smiling Mask"},{"floor":26,"key":"Dead Branch"},{"floor":28,"key":"MealTicket"},{"floor":30,"key":"Nilry\u0027s Codex"},{"floor":40,"key":"CaptainsWheel"},{"floor":43,"key":"Nunchaku"},{"floor":44,"key":"Gambling Chip"},{"floor":48,"key":"Incense Burner"}],"event_choices":[{"damage_healed":0.0,"max_hp_gain":0.0,"max_hp_loss":0.0,"gold_gain":0.0,"event_name":"Golden Idol","player_choice":"Take Wound","floor":4.0,"gold_loss":0.0,"damage_taken":0.0,"relics_obtained":["Golden Idol"],"cards_obtained":["Injury"]},{"damage_healed":0.0,"max_hp_gain":0.0,"max_hp_loss":0.0,"gold_gain":75.0,"event_name":"World of Goop","player_choice":"Gather Gold","floor":7.0,"gold_loss":0.0,"damage_taken":11.0},{"damage_healed":0,"gold_gain":0,"player_choice":"Ignored","damage_taken":0,"max_hp_gain":0,"max_hp_loss":0,"event_name":"Vampires","floor":20,"gold_loss":0},{"damage_healed":0,"gold_gain":0,"player_choice":"Simplicity","damage_taken":0,"max_hp_gain":0,"max_hp_loss":0,"event_name":"Back to Basics","floor":22,"gold_loss":0,"cards_upgraded":[]},{"damage_healed":0,"gold_gain":0,"player_choice":"Obtained Book","damage_taken":16,"max_hp_gain":0,"max_hp_loss":0,"event_name":"Cursed Tome","floor":30,"gold_loss":0},{"damage_healed":0,"gold_gain":0,"player_choice":"Damaged","damage_taken":7,"max_hp_gain":0,"max_hp_loss":0,"event_name":"Wheel of Change","floor":31,"gold_loss":0},{"damage_healed":0,"gold_gain":0,"player_choice":"Fight","damage_taken":0,"max_hp_gain":0,"max_hp_loss":0,"event_name":"Mysterious Sphere","floor":48,"gold_loss":0}],"is_beta":false,"boss_relics":[{"not_picked":["Busted Crown","Runic Pyramid"],"picked":"Ectoplasm"},{"not_picked":["VioletLotus","Astrolabe"],"picked":"SlaversCollar"}],"items_purged_floors":[21],"is_endless":false,"potions_floor_spawned":[1,2,3,14,16,23,24,33,38,41,46,47],"ascension_level":0}}