{"host":"1d6y8zc98uk3w627","time":1608859633,"event":{"mods":["AchievementEnabler","BaseMod","Colored Map","Colored Powertips","Downfall","Energized Spire","Minty Spire (QoL Compilation)","Replay The Spire","Spicy Shops","StSLib"],"gold_per_floor":[99,117,128,303,323,323,323,342,342,342,361,361,374,388,399,500,500,500,512,573,584,584,601,601,618,631,650,650,58,58,58,76,179,179,179,196,40,86,136,170,170,180,14,29,29,48,48,64,82,82,82,82],"floor_reached":50,"playtime":5172,"items_purged":["ReplayTheSpireMod:Splinters"],"score":547,"play_id":"1cf8b2e2-2139-49ed-9852-4e598490042e","local_time":"20201224202713","is_ascension_mode":false,"campfire_choices":[{"data":"hexamod:FastForward","floor":6,"key":"SMITH"},{"data":"hexamod:ExtraCrispy","floor":12,"key":"SMITH"},{"data":"hexamod:WildfireWeapon","floor":18,"key":"SMITH"},{"floor":28,"key":"REST"},{"floor":30,"key":"REST"},{"floor":35,"key":"RECALL"},{"floor":45,"key":"REST"},{"floor":47,"key":"REST"}],"circlet_count":0,"master_deck":["hexamod:Strike+1","hexamod:Strike+1","hexamod:Strike","hexamod:Defend+1","hexamod:Defend","hexamod:Defend+1","hexamod:Defend","hexamod:Sear+1","hexamod:Float+1","hexamod:RainOfEmbers+1","hexamod:AdvancingGuard","hexamod:FastForward+1","hexamod:SixthSeal","hexamod:ExtraCrispy+1","hexamod:FastForward","hexamod:ThermalTransfer","hexamod:ChargedBarrage+1","hexamod:WildfireWeapon+1","hexamod:RainOfEmbers","hexamod:SpectralAdrenaline","hexamod:FastForward+1","hexamod:Hexaguard+1","hexamod:ChargedBarrage","hexamod:HauntingEcho+1","hexamod:PhantomFireball+1","hexamod:CatchUp","hexamod:Again+1","hexamod:AdvancingGuard+1","hexamod:AdvancingGuard+1","RitualDagger+1","hexamod:VolcanoVisage","hexamod:PowerFromBeyond+1","hexamod:Hexaguard+1","hexamod:GhostflameBarrier+1","hexamod:Hexaguard+1","hexamod:Firestarter+1","hexamod:EmpoweredFlame","hexamod:GhostOfSpirePresent+1","hexamod:RadiantFlame+1","hexamod:RainOfEmbers+1","hexamod:HeatShield+1","hexamod:FifthSeal","hexamod:Rewind+1","hexamod:EmpoweringStance"],"relics":["hexamod:SpiritBrand","Vajra","Regal Pillow","Shuriken","Black Star","ReplayTheSpireMod:TigerMarble","Chemical X","Toxic Egg 2","Empty Cage","Replay:PocketPolymizer","Mango","Incense Burner","Toy Ornithopter","Snack Pack","Membership Card","Cauldron"],"acts_visited":["Exordium","TheCity","TheBeyond"],"potions_floor_usage":[14,16,26,27,32,33,33,38,39,42,46,50,50,50],"damage_taken":[{"damage":5,"enemies":"Small Slimes","floor":2,"turns":4},{"damage":0,"enemies":"Cultist","floor":3,"turns":3},{"damage":0,"enemies":"2 Louse","floor":5,"turns":2},{"damage":4,"enemies":"Large Slime","floor":8,"turns":3},{"damage":0,"enemies":"Red Slaver","floor":11,"turns":4},{"damage":17,"enemies":"3 Louse","floor":13,"turns":4},{"damage":7,"enemies":"Blue Slaver","floor":14,"turns":4},{"damage":0,"enemies":"Large Slime","floor":15,"turns":4},{"damage":8,"enemies":"downfall:Watcher","floor":16,"turns":8},{"damage":7,"enemies":"Chosen","floor":19,"turns":5},{"damage":16,"enemies":"Spheric Guardian","floor":21,"turns":5},{"damage":11,"enemies":"Snake Plant","floor":23,"turns":3},{"damage":19,"enemies":"Shelled Parasite and Fungi","floor":25,"turns":8},{"damage":23,"enemies":"Chosen and Byrds","floor":26,"turns":8},{"damage":2,"enemies":"Snake Plant","floor":27,"turns":4},{"damage":0,"enemies":"downfall:FleeingMerchant","floor":29,"turns":4},{"damage":14,"enemies":"3 Cultists","floor":32,"turns":5},{"damage":41,"enemies":"downfall:Ironclad","floor":33,"turns":8},{"damage":6,"enemies":"Orb Walker","floor":36,"turns":4},{"damage":0,"enemies":"downfall:FleeingMerchant","floor":37,"turns":4},{"damage":34,"enemies":"2 Orb Walkers","floor":38,"turns":5},{"damage":6,"enemies":"Mind Bloom Boss Battle","floor":39,"turns":6},{"damage":18,"enemies":"Nemesis","floor":40,"turns":7},{"damage":14,"enemies":"3 Darklings","floor":42,"turns":6},{"damage":0,"enemies":"downfall:FleeingMerchant","floor":43,"turns":4},{"damage":0,"enemies":"Maw","floor":44,"turns":6},{"damage":51,"enemies":"Transient","floor":46,"turns":5},{"damage":16,"enemies":"4 Shapes","floor":48,"turns":3},{"damage":28,"enemies":"Spire Growth","floor":49,"turns":6},{"damage":30,"enemies":"downfall:Defect","floor":50,"turns":8}],"seed_played":"-2646463044807768852","potions_obtained":[{"floor":8,"key":"hexamod:EctoCoolerPotion"},{"floor":11,"key":"hexamod:DoubleChargePotion"},{"floor":13,"key":"Guardian:BlockOnCardUsePotion"},{"floor":16,"key":"Dexterity Potion"},{"floor":20,"key":"EssenceOfSteel"},{"floor":26,"key":"Dexterity Potion"},{"floor":27,"key":"Strength Potion"},{"floor":32,"key":"SkillPotion"},{"floor":38,"key":"Elixir"},{"floor":40,"key":"Energy Potion"},{"floor":43,"key":"Flashbang"},{"floor":43,"key":"LiquidMemories"},{"floor":43,"key":"ColorlessPotion"},{"floor":49,"key":"Ancient Potion"}],"is_trial":false,"path_per_floor":["R_BF","M","M","?","M","R","T","M","?","?","M","R","M","M","M","B",null,"R_BF","M","?","M","?","M","T","M","M","M","R","$","R","?","M","B",null,"R","M","$","?","?","E","T","M","$","M","R","M","R","M","M","B"],"character_chosen":"THE_SPIRIT","items_purchased":["Chemical X","Toxic Egg 2","PowerPotion","hexamod:AdvancingGuard+1","AttackPotion","hexamod:GhostflameBarrier+1","hexamod:Hexaguard+1","Membership Card","Cauldron"],"campfire_rested":4,"item_purchase_floors":[29,29,29,29,37,37,37,43,43],"current_hp_per_floor":[75,70,70,70,70,70,70,66,66,63,63,63,46,39,39,31,75,75,68,68,59,59,48,48,29,6,4,41,41,75,69,55,14,75,75,69,69,35,43,25,25,16,16,16,57,11,52,36,8,0,0,0],"gold":82,"neow_bonus":"RANDOM_COMMON_RELIC","is_daily":false,"chose_seed":false,"campfire_upgraded":3,"win_rate":0.0,"timestamp":1608859633,"path_taken":["R_BF","M","M","?","M","R","T","M","?","?","M","R","M","M","M","BOSS","R_BF","M","?","M","?","M","T","M","?","M","R","$","R","?","M","BOSS","R","M","$","?","?","E","T","M","?","M","R","M","R","M","M","BOSS"],"items_purchased_type":["Relic","Relic","Potion","Card","Potion","Card","Card","Relic","Relic"],"build_version":"2020-12-22","purchased_purges":1,"victory":false,"max_hp_per_floor":[75,75,75,75,75,75,75,75,75,75,75,75,75,75,75,75,75,75,75,75,75,75,75,75,75,75,75,75,75,75,75,75,75,75,75,75,75,75,89,89,89,89,89,89,89,89,89,89,89,89,89,89],"card_choices":[{"not_picked":["hexamod:NightmareStrike","hexamod:ThermalTransfer"],"picked":"hexamod:RainOfEmbers","floor":2},{"not_picked":["hexamod:BurningTouch","hexamod:GhostLash"],"picked":"hexamod:AdvancingGuard","floor":3},{"not_picked":["hexamod:InspiringFlames","hexamod:NightmareStrike"],"picked":"hexamod:FastForward","floor":5},{"not_picked":["hexamod:InspiringFlames","hexamod:HeatMetal"],"picked":"hexamod:SixthSeal","floor":8},{"not_picked":["hexamod:GhostOfSpirePresent","hexamod:GhostLash"],"picked":"hexamod:ExtraCrispy","floor":11},{"not_picked":["hexamod:GhostShield","hexamod:GhostOfSpireFuture"],"picked":"hexamod:FastForward","floor":13},{"not_picked":["hexamod:GhostLash","hexamod:NightmareGuise"],"picked":"hexamod:ThermalTransfer","floor":14},{"not_picked":["hexamod:ThermalTransfer","hexamod:InspiringFlames"],"picked":"hexamod:ChargedBarrage","floor":15},{"not_picked":["hexamod:SearingWound","hexamod:HexaLevel"],"picked":"hexamod:WildfireWeapon","floor":16},{"not_picked":["hexamod:BurningTouch","hexamod:Hexaguard"],"picked":"hexamod:RainOfEmbers","floor":19},{"not_picked":["hexamod:Hexaguard","hexamod:PowerFromBeyond"],"picked":"hexamod:SpectralAdrenaline","floor":20},{"not_picked":["hexamod:ThermalTransfer","hexamod:GhostShield+1"],"picked":"hexamod:FastForward+1","floor":21},{"not_picked":["hexamod:InspiringFlames","hexamod:RadiantFlame"],"picked":"hexamod:ChargedBarrage","floor":23},{"not_picked":["hexamod:GhostLash","hexamod:SwordOfDarkness"],"picked":"hexamod:HauntingEcho","floor":25},{"not_picked":["hexamod:HeatCrush","hexamod:ThirdSeal"],"picked":"hexamod:PhantomFireball","floor":26},{"not_picked":["hexamod:BurningTouch+1","hexamod:GhostOfSpireFuture"],"picked":"hexamod:CatchUp","floor":27},{"not_picked":["hexamod:ExtraCrispy","hexamod:GhostLash"],"picked":"hexamod:Again+1","floor":29},{"not_picked":["hexamod:FifthSeal","hexamod:NightmareStrike+1"],"picked":"hexamod:Haunt+1","floor":32},{"not_picked":["hexamod:CrushingStance","hexamod:SixthSeal"],"picked":"hexamod:VolcanoVisage","floor":33},{"not_picked":["hexamod:SpectralAdrenaline+1","hexamod:FastForward+1"],"picked":"hexamod:PowerFromBeyond+1","floor":36},{"not_picked":["hexamod:SecondSeal","hexamod:SpectersWail"],"picked":"hexamod:Hexaguard+1","floor":37},{"not_picked":["hexamod:Haunt+1","hexamod:RetreatToShadows+1"],"picked":"hexamod:Firestarter+1","floor":38},{"not_picked":["hexamod:AdvancingGuard+1","hexamod:Firestarter+1"],"picked":"hexamod:EmpoweredFlame","floor":39},{"not_picked":["hexamod:PhantomFireball+1","hexamod:GiftsFromTheDead"],"picked":"hexamod:GhostOfSpirePresent+1","floor":40},{"not_picked":["hexamod:SecondSeal","hexamod:PhantomCloak+1"],"picked":"hexamod:RadiantFlame+1","floor":42},{"not_picked":["hexamod:RetreatToShadows+1","hexamod:NightmareGuise+1","hexamod:ShieldOfDarkness+1"],"picked":"SKIP","floor":43},{"not_picked":["hexamod:InspiringFlames+1","hexamod:HeatMetal+1"],"picked":"hexamod:RainOfEmbers","floor":44},{"not_picked":["hexamod:NightmareGuise+1","hexamod:AdvancingGuard+1"],"picked":"hexamod:HeatShield+1","floor":46},{"not_picked":["hexamod:GhostLash+1","hexamod:HauntingEcho"],"picked":"hexamod:Rewind+1","floor":48},{"not_picked":["hexamod:InspiringFlames+1","hexamod:BurningTouch+1"],"picked":"hexamod:EmpoweringStance","floor":49}],"player_experience":23817,"relics_obtained":[{"floor":7,"key":"Regal Pillow"},{"floor":20,"key":"ReplayTheSpireMod:TigerMarble"},{"floor":38,"key":"Replay:PocketPolymizer"},{"floor":39,"key":"Mango"},{"floor":40,"key":"Incense Burner"},{"floor":40,"key":"Toy Ornithopter"},{"floor":41,"key":"Snack Pack"}],"event_choices":[{"damage_healed":0,"gold_gain":0,"player_choice":"Donut","damage_taken":0,"max_hp_gain":5,"max_hp_loss":0,"event_name":"Big Fish","floor":1,"gold_loss":0},{"damage_healed":0,"gold_gain":0,"player_choice":"Success","damage_taken":3,"relics_obtained":["Shuriken"],"max_hp_gain":0,"max_hp_loss":0,"event_name":"Scrap Ooze","floor":10,"gold_loss":0},{"damage_healed":0,"gold_gain":0,"player_choice":"Fight","damage_taken":0,"max_hp_gain":0,"max_hp_loss":0,"event_name":"Mysterious Sphere","floor":38,"gold_loss":0}],"is_beta":false,"boss_relics":[{"not_picked":["Fusion Hammer","Replay:Drink Me"],"picked":"Black Star"},{"not_picked":["energizedSpire:RedRose","Snecko Eye"],"picked":"Empty Cage"}],"items_purged_floors":[29],"is_endless":false,"potions_floor_spawned":[8,11,13,16,23,26,27,32,38,40,44,49],"killed_by":"downfall:Defect","ascension_level":0}}