{"host":"ipmemxoioxoikew2","time":1608936821,"event":{"mods":["BaseMod","Infinite Spire","Minty Spire (QoL Compilation)","Replay The Spire","StSLib"],"gold_per_floor":[114,114,129,144,159,189,204,234,234,264,279,279,279],"floor_reached":12,"playtime":1207,"items_purged":[],"score":302,"play_id":"6a3175c1-c638-40b2-8cf4-ca4c666d22a8","local_time":"20201225235341","daily_mods":["Draft","Hoarder","Elite Swarm"],"is_ascension_mode":false,"campfire_choices":[],"circlet_count":0,"master_deck":["Second Wind","Second Wind","Second Wind","Thunderclap","Thunderclap","Thunderclap","Headbutt","Headbutt","Headbutt","Warcry","Warcry","Warcry","Thunderclap","Thunderclap","Thunderclap","Heavy Blade","Heavy Blade","Heavy Blade","Anger","Anger","Anger","Iron Wave","Iron Wave","Iron Wave","Armaments","Armaments","Armaments","Anger","Anger","Anger","Intimidate","Intimidate","Intimidate","Cleave","Cleave","Cleave","Intimidate","Intimidate","Intimidate","Headbutt","Headbutt","Headbutt","Power Through","Power Through","Power Through","Decay","Decay","Decay","Armaments","Armaments","Armaments","Pommel Strike","Pommel Strike","Pommel Strike","Pot Of Greed","Pot Of Greed","Pot Of Greed","Pot Of Greed","Pot Of Greed","Pot Of Greed","Pot Of Greed","Pot Of Greed","Pot Of Greed","Pot Of Greed","Pot Of Greed","Pot Of Greed","Pot Of Greed","Pot Of Greed","Pot Of Greed","Berserk","Berserk","Berserk","Seeing Red","Seeing Red","Seeing Red","Feed","Feed","Feed","Limit Break+1","Limit Break+1","Limit Break+1","Anger","Anger","Anger"],"relics":["Burning Blood","Grinning Jar","Replay:Wax Seal","Toxic Egg 2","Replay:Accelerometer"],"acts_visited":["Exordium"],"potions_floor_usage":[7,12],"damage_taken":[{"damage":7,"enemies":"Small Slimes","floor":1,"turns":2},{"damage":14,"enemies":"infinitespire:Voidling","floor":3,"turns":3},{"damage":0,"enemies":"2 Louse","floor":4,"turns":2},{"damage":0,"enemies":"Large Slime","floor":5,"turns":6},{"damage":11,"enemies":"3 Sentries","floor":6,"turns":4},{"damage":0,"enemies":"Exordium Wildlife","floor":7,"turns":2},{"damage":36,"enemies":"Gremlin Nob","floor":8,"turns":5},{"damage":20,"enemies":"Replay:BlueRogue","floor":10,"turns":6},{"damage":13,"enemies":"Blue Slaver","floor":11,"turns":4},{"damage":34,"enemies":"Lagavulin","floor":12,"turns":3}],"seed_played":"-567031674859551473","potions_obtained":[{"floor":4,"key":"PowerPotion"},{"floor":5,"key":"SteroidPotion"},{"floor":7,"key":"PowerPotion"},{"floor":11,"key":"Ancient Potion"}],"is_trial":false,"path_per_floor":["M","?","M","M","M","E","M","E","T","E","M","E"],"character_chosen":"IRONCLAD","items_purchased":[],"campfire_rested":0,"item_purchase_floors":[],"current_hp_per_floor":[79,79,71,77,80,75,80,50,50,36,29,0,0],"gold":279,"neow_bonus":"","is_daily":true,"chose_seed":false,"campfire_upgraded":0,"win_rate":0.0,"timestamp":1608936821,"path_taken":["M","?","M","M","?","E","M","E","T","E","M","E"],"items_purchased_type":[],"build_version":"2020-12-22","purchased_purges":0,"victory":false,"max_hp_per_floor":[80,80,80,80,80,80,80,80,80,80,80,80,80],"card_choices":[{"not_picked":["Havoc","Perfected Strike"],"picked":"Second Wind","floor":0},{"not_picked":["Run Through","Massacre"],"picked":"Thunderclap","floor":0},{"not_picked":["Disarm","Reckless Charge"],"picked":"Headbutt","floor":0},{"not_picked":["Reckless Charge","ReplayTheSpireMod:Muscle Training"],"picked":"Warcry","floor":0},{"not_picked":["Rampage","Combust"],"picked":"Thunderclap","floor":0},{"not_picked":["True Grit","Reckless Charge"],"picked":"Heavy Blade","floor":0},{"not_picked":["True Grit","Headbutt"],"picked":"Anger","floor":0},{"not_picked":["Clash","Evolve"],"picked":"Iron Wave","floor":0},{"not_picked":["Evolve","Twin Strike"],"picked":"Armaments","floor":0},{"not_picked":["Clash","Heavy Blade"],"picked":"Anger","floor":0},{"not_picked":["Clash","Flex"],"picked":"Intimidate","floor":0},{"not_picked":["True Grit","Massacre"],"picked":"Cleave","floor":0},{"not_picked":["Perfected Strike","Body Slam"],"picked":"Intimidate","floor":0},{"not_picked":["Combust","ReplayTheSpireMod:Strike From Hell"],"picked":"Headbutt","floor":0},{"not_picked":["Twin Strike","Run Through"],"picked":"Power Through","floor":0},{"not_picked":["ReplayTheSpireMod:Strike From Hell","Replay:Undeath\u0027s Touch","Entrench"],"picked":"SKIP","floor":1},{"not_picked":["Wild Strike","Whirlwind"],"picked":"Armaments","floor":3},{"not_picked":["Dual Wield","Flame Barrier"],"picked":"Pommel Strike","floor":4},{"not_picked":["Shockwave","Heavy Blade","ReplayTheSpireMod:Corrosion Curse"],"picked":"SKIP","floor":5},{"not_picked":["Exhume","Juggernaut"],"picked":"Berserk","floor":6},{"not_picked":["Sword Boomerang","Thunderclap"],"picked":"Seeing Red","floor":7},{"not_picked":["Juggernaut","Berserk"],"picked":"Feed","floor":8},{"not_picked":["Double Tap+1","Juggernaut"],"picked":"Limit Break+1","floor":10},{"not_picked":["Thunderclap","Replay:Undeath\u0027s Touch"],"picked":"Anger","floor":11}],"player_experience":742987,"relics_obtained":[{"floor":6,"key":"Grinning Jar"},{"floor":8,"key":"Replay:Wax Seal"},{"floor":9,"key":"Toxic Egg 2"},{"floor":10,"key":"Replay:Accelerometer"}],"event_choices":[{"damage_healed":0,"gold_gain":0,"player_choice":"Cursed","damage_taken":0,"max_hp_gain":0,"max_hp_loss":0,"event_name":"Wheel of Change","floor":2,"gold_loss":0,"cards_obtained":["Decay"]}],"is_beta":false,"boss_relics":[],"items_purged_floors":[],"is_endless":false,"potions_floor_spawned":[4,5,7,11],"killed_by":"Lagavulin","ascension_level":0}}