{"host":"xwa8eo9nbml0h97x","time":1608883459,"event":{"mods":["Aspiration","BaseMod","Colored Map","Colored Powertips","DeckTracker","Highlight Path","Hubris","Infinite Spire","Minty Spire (QoL Compilation)","Quick Restart","Random Character Button","Relic Sorter","Replay The Spire","StSLib","SuperFastMode","Synergy Search","The Cursed","The Disciple","The Jungle","The Runesmith"],"gold_per_floor":[118,129,129,129,148,176,188,222,268,268,13,13,113,125,125,227,227,237,237,237,252,262,287,287,302,325,344,361,361,361,361],"floor_reached":30,"playtime":1502,"items_purged":[],"score":287,"play_id":"b0f7f6ce-6d81-4010-a73d-093571e92847","local_time":"20201225050419","is_ascension_mode":false,"campfire_choices":[{"floor":10,"key":"REST"},{"floor":15,"key":"REST"},{"data":"Runesmith:ChaoticBlast","floor":24,"key":"SMITH"},{"data":"Runesmith:HeatedChisel","floor":29,"key":"SMITH"}],"circlet_count":0,"master_deck":["Runesmith:Strike_RS+1","Runesmith:Strike_RS+1","Runesmith:Strike_RS+1","Runesmith:Strike_RS+1","Runesmith:Defend_RS","Runesmith:Defend_RS","Runesmith:Defend_RS","Runesmith:Defend_RS","Runesmith:CraftFirestone","Runesmith:Fortify","Runesmith:ChiselStab+1","Runesmith:HeatExchange+1","Runesmith:HammerThrow+1","Runesmith:HeatedChisel+1","Runesmith:Grindstone","Runesmith:CraftMagma","Runesmith:ChiselStab","Runesmith:GrandSlam","Runesmith:CraftIncendium","Runesmith:ChaoticBlast+1","Runesmith:CraftIncendium+1","Runesmith:HeatedChisel","Runesmith:HeatedChisel+1"],"relics":["Runesmith:BrokenRuby","ReplayTheSpireMod:Ring of Sloth","Ring of Panic","Pear","Runesmith:MiniCore","Shuriken","Black Star","hubris:BottledHeart","Potion Belt","hubris:CuriousFeather","MealTicket"],"acts_visited":["Exordium","TheCity"],"potions_floor_usage":[14,14],"damage_taken":[{"damage":0,"enemies":"2 Louse","floor":1,"turns":3},{"damage":3,"enemies":"Small Slimes","floor":2,"turns":3},{"damage":0,"enemies":"Cultist","floor":5,"turns":3},{"damage":27,"enemies":"Gremlin Nob","floor":6,"turns":5},{"damage":24,"enemies":"Large Slime","floor":7,"turns":5},{"damage":13,"enemies":"Lagavulin","floor":8,"turns":4},{"damage":1,"enemies":"Exordium Thugs","floor":14,"turns":3},{"damage":58,"enemies":"The Guardian","floor":16,"turns":10},{"damage":22,"enemies":"Shell Parasite","floor":18,"turns":6},{"damage":0,"enemies":"2 Thieves","floor":21,"turns":4},{"damage":0,"enemies":"Cultist and Chosen","floor":22,"turns":4},{"damage":0,"enemies":"Book of Stabbing","floor":23,"turns":6},{"damage":0,"enemies":"Shelled Parasite and Fungi","floor":25,"turns":3},{"damage":0,"enemies":"Snake Plant","floor":27,"turns":4},{"damage":0,"enemies":"Cultist and Chosen","floor":28,"turns":5}],"seed_played":"2408535805760821079","potions_obtained":[{"floor":1,"key":"LifebloodPotion"},{"floor":5,"key":"Dexterity Potion"},{"floor":8,"key":"Adrenaline Potion"},{"floor":16,"key":"Languid Potion"},{"floor":22,"key":"SkillPotion"},{"floor":28,"key":"Energy Potion"}],"is_trial":false,"path_per_floor":["M","M","?","?","M","E","M","E","T","R","$","?","?","M","R","B",null,"M","AVR","?","M","M","E","R","M","T","M","M","R","?"],"character_chosen":"RUNESMITH_CLASS","items_purchased":["Shuriken"],"campfire_rested":2,"item_purchase_floors":[11],"current_hp_per_floor":[70,67,67,67,67,40,16,13,13,37,37,37,37,36,60,2,80,58,58,1,1,1,1,1,1,1,1,1,1,0,0],"gold":361,"neow_bonus":"","is_daily":false,"chose_seed":false,"campfire_upgraded":2,"win_rate":0.0,"timestamp":1608883459,"path_taken":["M","M","?","?","M","E","M","E","T","R","$","?","?","M","R","BOSS","M","AVR","?","M","M","E","R","M","T","M","M","R","?"],"items_purchased_type":["Relic"],"build_version":"2020-12-22","purchased_purges":0,"victory":false,"max_hp_per_floor":[70,70,70,70,70,70,70,80,80,80,80,80,80,80,80,80,80,80,80,1,1,1,1,1,1,1,1,1,1,1,1],"card_choices":[{"not_picked":["Runesmith:StaticCage","Runesmith:Grindstone"],"picked":"Runesmith:ChiselStab","floor":1},{"not_picked":["Runesmith:Overpower","Runesmith:Terraform"],"picked":"Runesmith:HeatExchange","floor":2},{"not_picked":["Runesmith:ElementalConversion","Runesmith:CraftReservo"],"picked":"Runesmith:HammerThrow","floor":5},{"not_picked":["Runesmith:EarthShield","Runesmith:HammerThrow"],"picked":"Runesmith:HeatedChisel","floor":6},{"not_picked":["Runesmith:Attraction","Runesmith:HeatExchange"],"picked":"Runesmith:Grindstone","floor":7},{"not_picked":["Runesmith:HeatedChisel","Runesmith:PoweredAnvil"],"picked":"Runesmith:CraftMagma","floor":8},{"not_picked":["Runesmith:Accelerate","Runesmith:CreatorForm"],"picked":"Runesmith:ChiselStab","floor":14},{"not_picked":["Runesmith:ArcReactor","Runesmith:FissionHammer"],"picked":"Runesmith:GrandSlam","floor":16},{"not_picked":["Runesmith:EnergizedChisel","Runesmith:Permafrost"],"picked":"Runesmith:CraftIncendium","floor":18},{"not_picked":["Runesmith:RunicBlueprint","Runesmith:CraftMagma+1","Runesmith:GoWithTheFlow"],"picked":"SKIP","floor":21},{"not_picked":["Runesmith:CraftSpiculum+1","Runesmith:PoweredAnvil"],"picked":"Runesmith:ChaoticBlast","floor":22},{"not_picked":["Runesmith:StaticCage+1","Runesmith:RuneHurl"],"picked":"Runesmith:CraftIncendium+1","floor":23},{"not_picked":["Runesmith:UnstableHammer+1","Runesmith:OneForEveryone","Runesmith:ChargedHammer+1"],"picked":"SKIP","floor":25},{"not_picked":["Runesmith:UnstableHammer+1","Runesmith:RunicBlueprint"],"picked":"Runesmith:HeatedChisel","floor":27},{"not_picked":["Runesmith:ShiftingStrike","Runesmith:StaticCage"],"picked":"Runesmith:HeatedChisel","floor":28}],"player_experience":0,"relics_obtained":[{"floor":3,"key":"ReplayTheSpireMod:Ring of Sloth"},{"floor":3,"key":"Ring of Panic"},{"floor":6,"key":"PreservedInsect"},{"floor":8,"key":"Pear"},{"floor":9,"key":"Runesmith:MiniCore"},{"floor":23,"key":"Potion Belt"},{"floor":23,"key":"hubris:CuriousFeather"},{"floor":26,"key":"MealTicket"}],"event_choices":[{"damage_healed":0,"gold_gain":100,"player_choice":"Pray","damage_taken":0,"max_hp_gain":0,"max_hp_loss":0,"event_name":"Golden Shrine","floor":13,"gold_loss":0}],"is_beta":false,"boss_relics":[{"not_picked":["Runesmith:CoreCrystal","Calling Bell"],"picked":"Black Star"}],"items_purged_floors":[],"is_endless":false,"potions_floor_spawned":[1,5,8,16,22,28],"ascension_level":0}}