{"host":"2461dio7vetlq1z3","time":1608906784,"event":{"mods":["2.2 Compatiblity","AchievementEnabler","Aspiration","BaseMod","Better Third Choice","Hermit","Minty Spire (QoL Compilation)","Relic Stats","Spicy Shops","StSLib","The Runesmith","Waifu the Spire"],"gold_per_floor":[119,119,135,19,19,19,51,67,113,113,144,144,177,177,177,177,177],"floor_reached":16,"playtime":541,"items_purged":[],"score":232,"play_id":"abbcfa95-5a6b-49e2-a102-4e29a729678b","local_time":"20201225153304","is_ascension_mode":true,"campfire_choices":[{"data":"Bash","floor":6.0,"key":"SMITH"},{"data":"Buffer","floor":10.0,"key":"SMITH"},{"floor":12,"key":"REST"},{"data":"True Grit","floor":15,"key":"SMITH"}],"circlet_count":0,"master_deck":["AscendersBane","Strike_R","Strike_R","Strike_R+1","Strike_R+1","Strike_R","Defend_R","Defend_R","Defend_R","Defend_R+1","Bash+1","Perfected Strike+1","Buffer+1","Dark Embrace","True Grit+1","Hemokinesis","Feed","Burning Pact"],"relics":["Sozu","MealTicket","Bottled Tornado","Gremlin Horn","Whetstone"],"acts_visited":["Exordium"],"potions_floor_usage":[],"damage_taken":[{"damage":3.0,"enemies":"2 Louse","floor":1.0,"turns":3.0},{"damage":5.0,"enemies":"Small Slimes","floor":3.0,"turns":3.0},{"damage":12.0,"enemies":"3 Sentries","floor":7.0,"turns":9.0},{"damage":0.0,"enemies":"Cultist","floor":8.0,"turns":3.0},{"damage":23,"enemies":"Gremlin Nob","floor":11,"turns":5},{"damage":12,"enemies":"3 Sentries","floor":13,"turns":8},{"damage":21,"enemies":"Hexaghost","floor":16,"turns":9}],"seed_played":"-5925768451224513104","potions_obtained":[],"is_trial":false,"path_per_floor":["M","?","M","$","?","R","E","M","T","R","E","R","E","?","R","B"],"character_chosen":"IRONCLAD","items_purchased":["Dark Embrace"],"campfire_rested":1,"item_purchase_floors":[4],"current_hp_per_floor":[65,51,46,61,38,38,26,26,26,26,3,25,16,20,20,0,0],"gold":177,"neow_bonus":"BOSS_RELIC","is_daily":false,"chose_seed":false,"campfire_upgraded":3,"win_rate":0.0,"timestamp":1608906784,"path_taken":["M","?","M","$","?","R","E","M","T","R","E","R","E","?","R","BOSS"],"items_purchased_type":["Card"],"build_version":"2020-12-22","purchased_purges":0,"victory":false,"max_hp_per_floor":[75,75,75,75,75,75,75,75,75,75,75,75,78,78,78,78,78],"relic_stats":{"Sozu":2,"Gremlin Horn":[2,2],"counters":[7,40],"MealTicket":15,"Whetstone":["Strike_R","Perfected Strike"],"obtain_stats":[{"Sozu":0,"Gremlin Horn":11,"MealTicket":2,"Whetstone":13,"Bottled Tornado":7,"Burning Blood":0},{"Sozu":0,"Gremlin Horn":5,"MealTicket":1,"Whetstone":6,"Bottled Tornado":3,"Burning Blood":0},{"Sozu":0,"Gremlin Horn":23,"MealTicket":3,"Whetstone":31,"Bottled Tornado":15,"Burning Blood":0}]},"card_choices":[{"not_picked":["Twin Strike","Thunderclap"],"picked":"Perfected Strike","floor":1.0},{"not_picked":["Warcry","Evolve","Thunderclap"],"picked":"SKIP","floor":3.0},{"not_picked":["Burning Pact","Sword Boomerang"],"picked":"True Grit","floor":7.0},{"not_picked":["Second Wind","Flame Barrier"],"picked":"Hemokinesis","floor":8.0},{"not_picked":["Dual Wield","Armaments"],"picked":"Feed","floor":11},{"not_picked":["Warcry","Headbutt"],"picked":"Burning Pact","floor":13}],"player_experience":936553,"relics_obtained":[{"floor":7.0,"key":"Bottled Tornado"},{"floor":11,"key":"Gremlin Horn"},{"floor":13,"key":"Whetstone"}],"event_choices":[{"damage_healed":61.0,"max_hp_gain":0.0,"max_hp_loss":75.0,"gold_gain":0.0,"event_name":"betterThird:BetterShining","player_choice":"Upgrade","floor":5.0,"gold_loss":0.0,"damage_taken":23.0,"cards_upgraded":["Strike_R","Defend_R"]}],"is_beta":false,"boss_relics":[],"items_purged_floors":[],"is_endless":false,"potions_floor_spawned":[7,11],"killed_by":"Hexaghost","ascension_level":20}}