{"host":"3z9xbwjeimmg738z","time":1608874456,"event":{"mods":["2.2 Compatiblity","Act Like it!","AlwaysNeverKeys","Aspiration","Bard","Bartender","BaseMod","Beaked The Cultist","Better Altar","Better Match","Better Note","Better Sensory Stone","Better Skull","Better Third Choice","CapriCore","ChefMod","Colored Powertips","Defuse TimeMaze Blight","Dio Mod","Displayed Cursed Tome","Emptier Cage","Faster Ascension Climbing","Fiend Mod","Gensokyo","GifTheSpireLib","Hallownest","Hubris","JesterMod","KinomotoSakuraMod(????)","Koishi","Mari Mod (Legacy)","Mari\u0027s V1 Patch","Marisa????????","Minty Spire (QoL Compilation)","Pale of the Ancients","Permanent Neow","Replay The Spire","Robot Space Explorer","Shop Mod","StSLib","Stuff the Spire","The Accelerator","The Construct","The Immortal","The Marked","The Mystic","The Saiyan","The Senshi","The Servant 0.9.4","TheArtist","Uncapped","Wandering Minibosses","vexMod"],"gold_per_floor":[116,133,58,70,139,207,207,246,246,259,259,299,315,315,315,315,315,448,448,459,64,177,196,207,238,252,286,311,311,337,361,381,381,381,506,506,521,532,550,475,582,582,615,632,657,689,269,269,302,322,322,322,341,356,15,15,15,28,28,28,28,28],"floor_reached":63,"playtime":3372,"items_purged":["theSenshi:SailorKick","theSenshi:SailorBlock"],"score":1834,"play_id":"56b24768-a02d-4930-a72f-5f5b2ab03ab9","local_time":"20201224213416","daily_mods":["ControlledChaos"],"is_ascension_mode":true,"campfire_choices":[{"floor":7,"key":"REST"},{"data":"theSenshi:SailorStarMakerAssists","floor":11,"key":"SMITH"},{"data":"theSenshi:SailorJupiterAssists","floor":17,"key":"SMITH"},{"data":"theSenshi:SailorPlanetAttack","floor":29,"key":"SMITH"},{"data":"theSenshi:UranusStrength","floor":34,"key":"SMITH"},{"data":"theSenshi:JupitersPower","floor":42,"key":"SMITH"},{"data":"theSenshi:SchoolBag","floor":48,"key":"SMITH"},{"data":"theSenshi:JupitersPower","floor":51,"key":"SMITH"},{"data":"theSenshi:MoonGorgeousMeditation","floor":57,"key":"SMITH"},{"data":"theSenshi:JupitersPower","floor":59,"key":"SMITH"}],"circlet_count":0,"master_deck":["theSenshi:SailorKick","theSenshi:SailorKick","theSenshi:SailorBlock","theSenshi:SailorBlock+1","theSenshi:SailorBlock","theSenshi:RoseThrow","theSenshi:MoonPrismPowerMakeUp","theSenshi:SailorStarMakerAssists+1","theSenshi:SteeledNerves+1","theSenshi:SailorStarHealerAssists","theSenshi:SailorJupiterAssists+1","theSenshi:SailorSaturnAssists","theSenshi:SailorUranusAssists","theSenshi:MoonHealingEscalation","theSenshi:SailorPlanetAttack+1","theSenshi:SailorStarFighterAssists+1","theSenshi:UranusStrength+1","Gensokyo:FourOfAKind","Gensokyo:FourOfAKind","Gensokyo:FourOfAKind","Gensokyo:FourOfAKind","theSenshi:JupitersPower+1","theSenshi:SailorChibiMoonAssists","theSenshi:YouCanTalk+1","theSenshi:NeptunesGrace+1","theSenshi:SailorVenusAssists+1","theSenshi:MoonGorgeousMeditation+1","theSenshi:SailorJupiterAssists+1","theSenshi:JupitersPower+1","Discovery","Secret Technique","theSenshi:SchoolBag+1","theSenshi:SchoolBag+1","theSenshi:EncouragingSpeech+1","theSenshi:NeptunesGrace+1","theSenshi:SchoolBag+1","theSenshi:JupitersPower+1"],"relics":["theSenshi:TransformationBroochRelic","Frozen Eye","vexMod:ConsolationPrize","aspiration:FrozenJewel","StuffTheSpire:Rhapsscallions","Akabeko","Ancient Tea Set","hubris:BlackHole","Mirror","Protect_Vest","Pantograph","Strawberry","hubris:TenFootPole","Honey Jar","Pet Ghost","theSenshi:TiaraRelic","Dream Catcher","theSenshi:SuperSailorFukuRelic","Bag of Preparation","paleoftheancients:Timepiece","paleoftheancients:KeyRelic","Anchor","Ice Cream","paleoftheancients:SoulOfTheCollector","ReplayTheSpireMod:Lightbulb","ClockworkSouvenir","Letter Opener","theSenshi:FeatherClipsRelic"],"acts_visited":["Hallownest:Greenpath","Gensokyo:Gensokyoer","Gensokyo:Gensokyoest","paleoftheancients:PaleOfTheAncients"],"potions_floor_usage":[6,18,52,52,52,62,62],"damage_taken":[{"damage":2,"enemies":"2_ Uuma","floor":1,"turns":5},{"damage":6,"enemies":"Hallownest:monsterHuskWarrior","floor":2,"turns":4},{"damage":12,"enemies":"Hallownest:2_MossCreeps","floor":4,"turns":4},{"damage":34,"enemies":"Hallownest:eliteCrystalGuardian","floor":6,"turns":6},{"damage":8,"enemies":"Hallownest:eliteMossKnight","floor":8,"turns":8},{"damage":0,"enemies":"Hallownest:MossCreep_and_Mosskin","floor":10,"turns":5},{"damage":8,"enemies":"Hallownest:eliteCrystalGuardian","floor":12,"turns":5},{"damage":0,"enemies":"Hallownest:monsterFoolEater","floor":13,"turns":4},{"damage":30,"enemies":"Hallownest:BossBrokenVessel","floor":18,"turns":10},{"damage":0,"enemies":"Gensokyo:3_Dogs","floor":20,"turns":4},{"damage":0,"enemies":"Gensokyo:Chomper","floor":23,"turns":2},{"damage":0,"enemies":"Gensokyo:Swordslinger","floor":24,"turns":3},{"damage":0,"enemies":"Gensokyo:Tenshi","floor":25,"turns":4},{"damage":0,"enemies":"Gensokyo:Slime_Group","floor":26,"turns":5},{"damage":0,"enemies":"Gensokyo:Koishi","floor":27,"turns":4},{"damage":0,"enemies":"Gensokyo:Reisen","floor":30,"turns":4},{"damage":12,"enemies":"Gensokyo:Wraith","floor":31,"turns":4},{"damage":0,"enemies":"Gensokyo:Swordslinger","floor":32,"turns":3},{"damage":28,"enemies":"Gensokyo:Kaguya","floor":35,"turns":7},{"damage":0,"enemies":"Gensokyo:3_Bats","floor":37,"turns":1},{"damage":0,"enemies":"Gensokyo:AncientGuardian","floor":38,"turns":2},{"damage":0,"enemies":"Gensokyo:Rafflesia","floor":39,"turns":5},{"damage":2,"enemies":"Gensokyo:Kasen","floor":43,"turns":4},{"damage":0,"enemies":"Gensokyo:AtlasGolem","floor":44,"turns":3},{"damage":0,"enemies":"Gensokyo:Doremy","floor":46,"turns":3},{"damage":0,"enemies":"Gensokyo:Marisa","floor":49,"turns":3},{"damage":0,"enemies":"Gensokyo:Sharpion","floor":50,"turns":1},{"damage":0,"enemies":"Gensokyo:Yuyuko","floor":52,"turns":3},{"damage":0,"enemies":"Gensokyo:Yuyuko","floor":53,"turns":2},{"damage":0,"enemies":"Gensokyo:Yuyuko","floor":54,"turns":1},{"damage":0,"enemies":"Gensokyo:Yuyuko","floor":58,"turns":4},{"damage":0,"enemies":"paleoftheancients:N","floor":62,"turns":2}],"seed_played":"-4099460556862823500","potions_obtained":[{"floor":1,"key":"FearPotion"},{"floor":4,"key":"BlessingOfTheForge"},{"floor":6,"key":"Block Potion"},{"floor":18,"key":"AttackPotion"},{"floor":20,"key":"BlessingOfTheForge"},{"floor":37,"key":"Strength Potion"},{"floor":49,"key":"AttackPotion"},{"floor":53,"key":"Weak Potion"}],"is_trial":true,"path_per_floor":["M","M","?","M","T","E","R","E","T","M","R","E","M","?","PTL","PTL","R","B",null,"M","$","?","M","M","E","M","E","T","R","E","M","M","?","R","B",null,"M","M","M","?","?","R","E","M","T","E","$","R","E","M","R","B","M","M","$","T","R","M","R","T","?","B",null],"character_chosen":"THE_SENSHI","items_purchased":["Mirror","theSenshi:SailorUranusAssists","Discovery","Secret Technique","theSenshi:SchoolBag","ReplayTheSpireMod:Lightbulb","ClockworkSouvenir"],"campfire_rested":1,"item_purchase_floors":[21,21,47,47,47,55,55],"current_hp_per_floor":[73,67,67,63,63,29,51,48,48,48,48,45,58,62,62,62,62,37,80,80,80,39,49,64,80,80,80,87,87,87,75,85,61,61,38,61,61,61,61,61,47,47,61,61,61,61,61,61,61,61,61,64,64,64,64,64,64,64,64,64,64,64],"gold":28,"neow_bonus":"","is_daily":false,"chose_seed":false,"campfire_upgraded":9,"win_rate":0.0,"timestamp":1608874456,"path_taken":["M","M","?","M","?","E","R","E","T","?","R","E","M","?","PTL","PTL","R","BOSS","M","?","?","?","M","E","M","E","T","R","E","M","M","?","R","BOSS","M","M","M","?","?","R","E","M","T","E","$","R","E","M","R","BOSS","M","M","?","T","R","M","R","T","?","BOSS"],"items_purchased_type":["Relic","Card","Card","Card","Card","Relic","Relic"],"build_version":"2020-12-22","purchased_purges":2,"victory":true,"max_hp_per_floor":[75,75,75,75,75,75,75,80,80,80,80,80,80,80,80,80,80,80,80,80,80,80,80,80,80,80,80,87,87,87,87,87,61,61,61,61,61,61,61,61,61,61,61,61,61,61,61,61,61,61,61,64,64,64,64,64,64,64,64,64,64,64],"card_choices":[{"not_picked":["theSenshi:SailorStarMakerAssists","theSenshi:OdangoHead","theSenshi:Overload"],"picked":"SKIP","floor":1},{"not_picked":["theSenshi:OdangoHead","theSenshi:Overload"],"picked":"theSenshi:SailorStarMakerAssists","floor":1},{"not_picked":["theSenshi:MoonsReflection","theSenshi:SchoolBag","theSenshi:MoonKick"],"picked":"SKIP","floor":2},{"not_picked":["theSenshi:SailorPlanetAttack+1","theSenshi:NeptunesGrace+1"],"picked":"theSenshi:SteeledNerves+1","floor":3},{"not_picked":["theSenshi:LunasBite","theSenshi:SailorPlanetAttack","theSenshi:MoonPower"],"picked":"SKIP","floor":4},{"not_picked":["theSenshi:MoonPrincessHalation","theSenshi:EncouragingSpeech","theSenshi:VenusGlamour"],"picked":"SKIP","floor":6},{"not_picked":["theSenshi:SailorChibiMoonAssists","theSenshi:MoonPunch"],"picked":"theSenshi:SailorStarHealerAssists","floor":8},{"not_picked":["theSenshi:MoonTiaraMagic","theSenshi:LateForSchool"],"picked":"theSenshi:SailorJupiterAssists","floor":10},{"not_picked":["theSenshi:GatheringStrength","theSenshi:SailorStarHealerAssists","theSenshi:MoonPunch"],"picked":"SKIP","floor":12},{"not_picked":["theSenshi:SchoolBag","theSenshi:MoonKick","theSenshi:LateForSchool"],"picked":"SKIP","floor":13},{"not_picked":["theSenshi:SilverMoonCrystalPowerKiss","theSenshi:StudyParty"],"picked":"theSenshi:SailorSaturnAssists","floor":18},{"not_picked":["theSenshi:MoonPower+1","theSenshi:TuxedoSmokingBomber+1","theSenshi:MoonTiaraMagic"],"picked":"SKIP","floor":20},{"not_picked":["theSenshi:SailorChibiMoonAssists+1","theSenshi:SailorJupiterAssists"],"picked":"theSenshi:MoonHealingEscalation","floor":23},{"not_picked":["theSenshi:MoonKick","theSenshi:SailorPlanetPower"],"picked":"theSenshi:SailorPlanetAttack","floor":24},{"not_picked":["theSenshi:LunasBite","theSenshi:MoonPrincessHalation","theSenshi:SailorV"],"picked":"SKIP","floor":25},{"not_picked":["theSenshi:TallSilhouette","theSenshi:MoonTwilightFlash+1","theSenshi:SailorMercuryAssists+1"],"picked":"SKIP","floor":26},{"not_picked":["theSenshi:SailorMercuryAssists+1","theSenshi:SailorStarMakerAssists"],"picked":"theSenshi:SailorStarFighterAssists+1","floor":27},{"not_picked":["theSenshi:MoonTiaraMagic","theSenshi:MoonGorgeousMeditation","theSenshi:MoonCrystalPowerMakeUp"],"picked":"SKIP","floor":30},{"not_picked":["theSenshi:LunasBite","theSenshi:SailorVenusAssists"],"picked":"theSenshi:UranusStrength","floor":31},{"not_picked":["theSenshi:MoonsReflection","theSenshi:MoonKick","theSenshi:MoonPrincessHalation+1"],"picked":"SKIP","floor":32},{"not_picked":["theSenshi:SailorSaturnAssists","theSenshi:MoonGorgeousMeditation"],"picked":"theSenshi:JupitersPower","floor":35},{"not_picked":["theSenshi:MoonPower","theSenshi:HesSoDreamy","theSenshi:TuxedoSmokingBomber+1"],"picked":"theSenshi:SailorChibiMoonAssists","floor":37},{"not_picked":["theSenshi:SailorV+1","theSenshi:MoonTiaraMagic","theSenshi:MoonsReflection"],"picked":"theSenshi:YouCanTalk","floor":38},{"not_picked":["theSenshi:MoonKick","theSenshi:SailorPlanetPower+1","theSenshi:SailorMercuryAssists+1"],"picked":"theSenshi:NeptunesGrace+1","floor":39},{"not_picked":["theSenshi:MoonPrincessHalation+1","theSenshi:Sidestep+1","theSenshi:MoonPower+1"],"picked":"theSenshi:SailorVenusAssists+1","floor":40},{"not_picked":["theSenshi:MoonTwilightFlash","theSenshi:LunasBite+1","theSenshi:MoonKick"],"picked":"theSenshi:MoonGorgeousMeditation","floor":43},{"not_picked":["theSenshi:SteeledNerves","theSenshi:MoonKick","theSenshi:MoonCosmicPowerMakeUp"],"picked":"theSenshi:SailorJupiterAssists+1","floor":44},{"not_picked":["theSenshi:SailorMercuryAssists","theSenshi:MoonKick+1","theSenshi:SailorSaturnAssists"],"picked":"theSenshi:JupitersPower","floor":46},{"not_picked":["theSenshi:SailorMarsAssists+1","theSenshi:SailorJupiterAssists+1","theSenshi:OdangoHead+1"],"picked":"theSenshi:SchoolBag+1","floor":49},{"not_picked":["theSenshi:MoonTiaraMagic+1","theSenshi:MoonPunch","theSenshi:TuxedoSmokingBomber+1"],"picked":"theSenshi:EncouragingSpeech+1","floor":50},{"not_picked":["theSenshi:TuxedoMaskAssists","theSenshi:TallSilhouette","theSenshi:SailorChibiMoonAssists"],"picked":"theSenshi:NeptunesGrace+1","floor":53},{"not_picked":["theSenshi:MoonPower+1","theSenshi:HesSoDreamy","theSenshi:SupersonicWaves"],"picked":"theSenshi:SchoolBag+1","floor":54},{"not_picked":["theSenshi:InTheNickOfTime","theSenshi:LunasBite+1","theSenshi:MoonCosmicPowerMakeUp+1"],"picked":"theSenshi:JupitersPower","floor":58}],"player_experience":457751,"relics_obtained":[{"floor":5,"key":"vexMod:ConsolationPrize"},{"floor":6,"key":"aspiration:FrozenJewel"},{"floor":8,"key":"StuffTheSpire:Rhapsscallions"},{"floor":9,"key":"Akabeko"},{"floor":12,"key":"Ancient Tea Set"},{"floor":25,"key":"Pantograph"},{"floor":28,"key":"Strawberry"},{"floor":30,"key":"hubris:TenFootPole"},{"floor":43,"key":"theSenshi:TiaraRelic"},{"floor":45,"key":"Dream Catcher"},{"floor":46,"key":"theSenshi:SuperSailorFukuRelic"},{"floor":49,"key":"Bag of Preparation"},{"floor":53,"key":"paleoftheancients:SoulOfTheCollector"},{"floor":54,"key":"paleoftheancients:SoulOfTheSilent"},{"floor":56,"key":"Letter Opener"},{"floor":58,"key":"paleoftheancients:SoulOfTheDefect"},{"floor":60,"key":"theSenshi:FeatherClipsRelic"}],"event_choices":[{"damage_healed":0,"gold_gain":0,"player_choice":"2","damage_taken":0,"max_hp_gain":0,"max_hp_loss":0,"event_name":"betterMatch:BetterMatch","floor":3,"gold_loss":0,"cards_obtained":["betterMatch:UncommonCard"]},{"damage_healed":4,"gold_gain":0,"player_choice":"LEAVE ","damage_taken":0,"relics_obtained":[],"max_hp_gain":0,"max_hp_loss":0,"event_name":"betterSkull:BetterSkull","floor":14,"gold_loss":0,"cards_upgraded":[]},{"damage_healed":0,"gold_gain":113,"player_choice":"RE GO UP ","damage_taken":46,"relics_obtained":["Protect_Vest"],"max_hp_gain":0,"max_hp_loss":0,"event_name":"betterSkull:BetterSkull","floor":22,"gold_loss":0,"cards_upgraded":["theSenshi:SailorBlock"]},{"damage_healed":0,"gold_gain":0,"player_choice":"2","damage_taken":0,"max_hp_gain":0,"max_hp_loss":0,"event_name":"betterMatch:BetterMatch","floor":40,"gold_loss":0,"cards_obtained":["betterMatch:CommonCard"]},{"damage_healed":0,"gold_gain":107,"player_choice":"RE UP GO ","damage_taken":36,"relics_obtained":["Pet Ghost"],"max_hp_gain":0,"max_hp_loss":0,"event_name":"betterSkull:BetterSkull","floor":41,"gold_loss":0,"cards_upgraded":["theSenshi:YouCanTalk"]}],"is_beta":false,"boss_relics":[{"not_picked":["beaked:MawFillet","vexMod:DeviousBotling"],"picked":"hubris:BlackHole"},{"not_picked":["vexMod:RockOfEvil","vexMod:CursedCompass"],"picked":"Honey Jar"}],"items_purged_floors":[21,47],"is_endless":false,"potions_floor_spawned":[1,4,6,18,20,23,27,30,37,49,53],"ascension_level":1}}