{"host":"zxkjcgzis4pm3za5","time":1608881406,"event":{"mods":["AchievementEnabler","BaseMod","Colored Map","Colored Powertips","Minty Spire (QoL Compilation)","Quick Restart","RNG Fix","Random Character Button","StSLib"],"gold_per_floor":[113,83,99,99,115,140,140,140,164,164,191,205,205,217,217,315,315,334,353,353,59,59,84,84,97,97,97,112,60,60,87,87,188,188,202,219,90,90,100,134,147,180,253,281,134,134,149,167,167,167,167],"floor_reached":50,"playtime":2224,"items_purged":["Storm of Steel"],"score":978,"play_id":"f6f3d8d4-ec2e-4493-ad34-b787e8f87a37","local_time":"20201225130006","is_ascension_mode":true,"campfire_choices":[{"data":"Noxious Fumes","floor":7.0,"key":"SMITH"},{"data":"Neutralize","floor":10.0,"key":"SMITH"},{"floor":13.0,"key":"REST"},{"data":"Footwork","floor":15.0,"key":"SMITH"},{"data":"Catalyst","floor":27.0,"key":"SMITH"},{"data":"Catalyst","floor":30.0,"key":"SMITH"},{"data":"Well Laid Plans","floor":32.0,"key":"SMITH"},{"floor":49.0,"key":"RECALL"}],"circlet_count":0,"master_deck":["AscendersBane","Defend_G+1","Defend_G","Defend_G+1","Defend_G","Defend_G","Survivor","Neutralize+1","Deadly Poison","Caltrops+1","Noxious Fumes+1","Blade Dance","Footwork+1","Tools of the Trade","Backflip","Tactician","Catalyst+1","Crippling Poison","Bite","Bite","Bite","Bite","Catalyst+1","Well Laid Plans+1","Acrobatics","Dodge and Roll","Wraith Form v2","PiercingWail","Footwork","Slice+1","Sadistic Nature","PanicButton"],"relics":["Ring of the Snake","Bag of Preparation","Omamori","Boot","Anchor","Calling Bell","Eternal Feather","Turnip","Nloth\u0027s Gift","OrangePellets","Mummified Hand","Bottled Tornado","Busted Crown","Matryoshka","Pen Nib","Shuriken","Bottled Lightning","Vajra","TwistedFunnel"],"acts_visited":["Exordium","TheCity","TheBeyond"],"potions_floor_usage":[],"damage_taken":[{"damage":9.0,"enemies":"Cultist","floor":1.0,"turns":6.0},{"damage":1.0,"enemies":"Small Slimes","floor":3.0,"turns":4.0},{"damage":0.0,"enemies":"2 Louse","floor":5.0,"turns":4.0},{"damage":21.0,"enemies":"Lagavulin","floor":6.0,"turns":8.0},{"damage":13.0,"enemies":"3 Sentries","floor":11.0,"turns":6.0},{"damage":3.0,"enemies":"Blue Slaver","floor":12.0,"turns":3.0},{"damage":0.0,"enemies":"Looter","floor":14.0,"turns":3.0},{"damage":13.0,"enemies":"The Guardian","floor":16.0,"turns":9.0},{"damage":3.0,"enemies":"Chosen","floor":18.0,"turns":5.0},{"damage":12.0,"enemies":"Shell Parasite","floor":19.0,"turns":6.0},{"damage":26.0,"enemies":"Slavers","floor":23.0,"turns":7.0},{"damage":0.0,"enemies":"Masked Bandits","floor":24.0,"turns":2.0},{"damage":8.0,"enemies":"Snake Plant","floor":25.0,"turns":4.0},{"damage":20.0,"enemies":"Cultist and Chosen","floor":28.0,"turns":5.0},{"damage":32.0,"enemies":"Automaton","floor":33.0,"turns":12.0},{"damage":4.0,"enemies":"Orb Walker","floor":35.0,"turns":4.0},{"damage":6.0,"enemies":"3 Shapes","floor":36.0,"turns":6.0},{"damage":11.0,"enemies":"Jaw Worm Horde","floor":39.0,"turns":6.0},{"damage":9.0,"enemies":"Giant Head","floor":40.0,"turns":8.0},{"damage":0.0,"enemies":"Maw","floor":41.0,"turns":6.0},{"damage":0.0,"enemies":"Nemesis","floor":42.0,"turns":9.0},{"damage":0.0,"enemies":"Reptomancer","floor":44.0,"turns":7.0},{"damage":13.0,"enemies":"Spire Growth","floor":47.0,"turns":4.0},{"damage":0.0,"enemies":"4 Shapes","floor":48.0,"turns":3.0},{"damage":53,"enemies":"Awakened One","floor":50,"turns":4}],"seed_played":"-1290810515293189396","potions_obtained":[{"floor":1.0,"key":"SteroidPotion"},{"floor":2.0,"key":"DuplicationPotion"},{"floor":2.0,"key":"Explosive Potion"},{"floor":14.0,"key":"BlessingOfTheForge"},{"floor":16.0,"key":"Poison Potion"},{"floor":19.0,"key":"SmokeBomb"},{"floor":33.0,"key":"FearPotion"},{"floor":36.0,"key":"Dexterity Potion"},{"floor":44.0,"key":"SpeedPotion"},{"floor":48.0,"key":"PowerPotion"}],"is_trial":false,"path_per_floor":["M","?","M","?","M","E","R","?","T","R","E","M","R","M","R","B",null,"M","M","?","$","?","E","?","M","T","R","M","$","R","T","R","B",null,"M","M","$","?","M","E","M","E","T","E","$","?","M","M","R","B"],"character_chosen":"THE_SILENT","items_purchased":["OrangePellets","Catalyst","Crippling Poison","Dodge and Roll","PiercingWail","TwistedFunnel"],"campfire_rested":1,"item_purchase_floors":[21,21,21,29,37,45],"current_hp_per_floor":[54,54,53,39,39,18,18,18,18,18,5,2,23,23,23,10,55,52,40,40,40,40,22,28,28,28,43,33,33,48,48,49,22,42,46,45,45,45,42,44,49,49,49,49,49,39,30,36,49,0,0],"gold":167,"neow_bonus":"RANDOM_COMMON_RELIC","is_daily":false,"chose_seed":false,"campfire_upgraded":6,"win_rate":0.0,"timestamp":1608881406,"path_taken":["M","?","M","?","?","E","R","?","T","R","E","M","R","M","R","BOSS","M","M","?","$","?","E","?","M","T","R","?","$","R","?","R","BOSS","M","M","$","?","M","E","M","E","T","E","$","?","?","M","R","BOSS"],"items_purchased_type":["Relic","Card","Card","Card","Card","Relic"],"build_version":"2020-12-22","purchased_purges":1,"victory":false,"max_hp_per_floor":[70,70,70,70,70,70,70,70,70,70,70,70,70,70,70,70,70,70,70,70,70,49,49,49,49,49,49,49,49,49,49,49,49,49,49,49,49,49,49,49,49,49,49,49,49,49,49,49,49,49,49],"card_choices":[{"not_picked":["PiercingWail","Masterful Stab"],"picked":"Deadly Poison","floor":1.0},{"not_picked":["Deadly Poison","Outmaneuver"],"picked":"Caltrops","floor":3.0},{"not_picked":["Flying Knee","Choke"],"picked":"Noxious Fumes","floor":5.0},{"not_picked":["Dagger Spray","Prepared"],"picked":"Blade Dance","floor":6.0},{"not_picked":["Blur","Cloak And Dagger"],"picked":"Footwork","floor":11.0},{"not_picked":["Slice","Prepared","Heel Hook"],"picked":"SKIP","floor":12.0},{"not_picked":["Dagger Throw","Blade Dance"],"picked":"Storm of Steel","floor":14.0},{"not_picked":["Phantasmal Killer","Glass Knife"],"picked":"Tools of the Trade","floor":16.0},{"not_picked":["Predator","Prepared"],"picked":"Backflip","floor":18.0},{"not_picked":["Calculated Gamble","Sucker Punch"],"picked":"Tactician","floor":19.0},{"not_picked":["Calculated Gamble","Flying Knee"],"picked":"Catalyst","floor":23.0},{"not_picked":["Heel Hook","Choke"],"picked":"Well Laid Plans","floor":25.0},{"not_picked":["Skewer","Dagger Spray"],"picked":"Acrobatics","floor":28.0},{"not_picked":["Adrenaline","Doppelganger"],"picked":"Wraith Form v2","floor":33.0},{"not_picked":["Riddle With Holes+1"],"picked":"SKIP","floor":35.0},{"not_picked":["Dagger Spray"],"picked":"SKIP","floor":36.0},{"not_picked":["Poisoned Stab"],"picked":"SKIP","floor":39.0},{"not_picked":[],"picked":"Footwork","floor":40.0},{"not_picked":["Dagger Spray"],"picked":"SKIP","floor":41.0},{"not_picked":["Acrobatics"],"picked":"SKIP","floor":42.0},{"not_picked":[],"picked":"Slice+1","floor":44.0},{"not_picked":[],"picked":"Sadistic Nature","floor":46.0},{"not_picked":[],"picked":"PanicButton","floor":46.0},{"not_picked":["Skewer+1"],"picked":"SKIP","floor":47.0},{"not_picked":["Poisoned Stab+1"],"picked":"SKIP","floor":48.0}],"player_experience":143379,"relics_obtained":[{"floor":6.0,"key":"Omamori"},{"floor":9.0,"key":"Boot"},{"floor":11.0,"key":"Anchor"},{"floor":17.0,"key":"Regal Pillow"},{"floor":17.0,"key":"Eternal Feather"},{"floor":17.0,"key":"Turnip"},{"floor":23.0,"key":"Mummified Hand"},{"floor":26.0,"key":"Bottled Tornado"},{"floor":40.0,"key":"Matryoshka"},{"floor":42.0,"key":"Pen Nib"},{"floor":43.0,"key":"Shuriken"},{"floor":43.0,"key":"Bottled Lightning"},{"floor":44.0,"key":"Vajra"}],"event_choices":[{"damage_healed":0.0,"max_hp_gain":0.0,"max_hp_loss":0.0,"gold_gain":0.0,"event_name":"The Woman in Blue","player_choice":"Bought 2 Potions","floor":2.0,"gold_loss":0.0,"damage_taken":0.0},{"damage_healed":0.0,"max_hp_gain":0.0,"max_hp_loss":0.0,"gold_gain":0.0,"event_name":"Shining Light","player_choice":"Entered Light","floor":4.0,"gold_loss":0.0,"damage_taken":14.0,"cards_upgraded":["Defend_G","Defend_G"]},{"damage_healed":0.0,"max_hp_gain":0.0,"max_hp_loss":0.0,"gold_gain":0.0,"event_name":"Living Wall","player_choice":"Grow","floor":8.0,"gold_loss":0.0,"damage_taken":0.0,"cards_upgraded":["Caltrops"]},{"damage_healed":0.0,"max_hp_gain":0.0,"max_hp_loss":0.0,"gold_gain":0.0,"event_name":"N\u0027loth","player_choice":"Traded Relic","floor":20.0,"relics_lost":["Regal Pillow"],"gold_loss":0.0,"damage_taken":0.0,"relics_obtained":["Nloth\u0027s Gift"]},{"damage_healed":0.0,"max_hp_gain":0.0,"max_hp_loss":21.0,"gold_gain":0.0,"event_name":"Vampires","player_choice":"Became a vampire","floor":22.0,"gold_loss":0.0,"damage_taken":0.0,"cards_obtained":["Bite","Bite","Bite","Bite","Bite"]},{"damage_healed":0.0,"max_hp_gain":0.0,"max_hp_loss":0.0,"gold_gain":0.0,"event_name":"Masked Bandits","player_choice":"Fought Bandits","floor":24.0,"gold_loss":0.0,"damage_taken":0.0},{"cards_removed":["Bite"],"damage_healed":0.0,"max_hp_gain":0.0,"max_hp_loss":0.0,"gold_gain":0.0,"event_name":"Falling","player_choice":"Removed Attack","floor":38.0,"gold_loss":0.0,"damage_taken":0.0},{"damage_healed":0.0,"max_hp_gain":0.0,"max_hp_loss":0.0,"gold_gain":0.0,"event_name":"SensoryStone","player_choice":"Memory 3","floor":46.0,"gold_loss":0.0,"damage_taken":10.0}],"is_beta":false,"boss_relics":[{"not_picked":["Black Star","Fusion Hammer"],"picked":"Calling Bell"},{"not_picked":["WristBlade","Runic Dome"],"picked":"Busted Crown"}],"items_purged_floors":[37],"is_endless":false,"potions_floor_spawned":[1,3,14,16,19,24,33,36,44,48],"killed_by":"Awakened One","ascension_level":10}}