{"host":"ymw71f7rc9ndansy","time":1608900024,"event":{"mods":["ATMod(°¢èªMod)","Act Like it!","Aspiration","BaseMod","DeckTracker","Hubris","Library of Ruina","Library of Ruina Extra","Minty Spire (QoL Compilation)","MostiFishMod","Remove Card Discount Mod","Replay The Spire","StSLib","TestMod","¡¾ÒÅÎï¿¨ÅÆ¡¿REMEMod","²ÐÁôÖ®Îï"],"gold_per_floor":[-1283,-1264,-1249,-1230,-1215,-1182,-1167,-1136,-1136,-1104,-1104,-1104,-1091,-1072,-1072,-993,-993,-993],"floor_reached":17,"playtime":518,"items_purged":[],"score":462,"play_id":"43bde9ad-6bfe-4012-a705-66c039bf0967","local_time":"20201225204024","is_ascension_mode":true,"campfire_choices":[{"data":"Coolheaded","floor":11,"key":"SMITH"},{"data":"Defragment","floor":15,"key":"SMITH"}],"circlet_count":0,"master_deck":["AscendersBane","Strike_B","Strike_B","Strike_B","Strike_B","Defend_B","Defend_B","Defend_B","Defend_B","Zap","Dualcast","AT_WaterDrop","DeusExMachina","Streamline","Turbo","Compile Driver","Mirror Shield","MostiFishMod:GatherIntelligence","Sweeping Beam","Coolheaded+1","Defragment+1","Electrodynamics","AT_RightCognition","AT_EmpoweredMortalDraw"],"relics":["Cracked Core","testmod-TestBox","DaveBox","REME_ComplimentaryCards","AT_ATBox","SynthV:MejaisSoulstealer","testmod-IWantAll","SynthV:TestCard","DataDisk","Vajra","Torii","AT_MortalBlade"],"acts_visited":["Exordium","TheCity"],"potions_floor_usage":[],"damage_taken":[{"damage":15,"enemies":"2 Louse","floor":1,"turns":3},{"damage":0,"enemies":"Cultist","floor":2,"turns":3},{"damage":0,"enemies":"Small Slimes","floor":3,"turns":2},{"damage":7,"enemies":"3 Louse","floor":4,"turns":2},{"damage":0,"enemies":"Large Slime","floor":5,"turns":3},{"damage":3,"enemies":"3 Sentries","floor":6,"turns":5},{"damage":3,"enemies":"Gremlin Gang","floor":7,"turns":4},{"damage":0,"enemies":"Gremlin Nob","floor":8,"turns":4},{"damage":0,"enemies":"3 Sentries","floor":10,"turns":3},{"damage":6,"enemies":"Blue Slaver","floor":13,"turns":2},{"damage":0,"enemies":"Exordium Wildlife","floor":14,"turns":2},{"damage":1,"enemies":"Hexaghost","floor":16,"turns":5}],"seed_played":"-6506161420702983237","potions_obtained":[{"floor":4,"key":"Strength Potion"},{"floor":10,"key":"Adrenaline Potion"},{"floor":13,"key":"testmod-TestPotion"}],"is_trial":false,"path_per_floor":["M","M","M","M","M","E","M","E","T","E","R","?","M","M","R","B",null],"character_chosen":"DEFECT","items_purchased":[],"campfire_rested":0,"item_purchase_floors":[],"current_hp_per_floor":[49,49,49,42,42,39,36,36,36,36,36,64,58,58,58,57,62,62],"gold":-993,"neow_bonus":"RANDOM_COLORLESS_2","is_daily":false,"chose_seed":false,"campfire_upgraded":2,"win_rate":0.0,"timestamp":1608900024,"path_taken":["M","M","M","M","M","E","M","E","T","E","R","?","?","M","R","BOSS"],"items_purchased_type":[],"build_version":"2020-12-22","purchased_purges":0,"victory":false,"max_hp_per_floor":[64,64,64,64,64,64,64,64,64,64,64,64,64,64,64,64,64,64],"card_choices":[{"not_picked":["Panic Button","Steam Power"],"picked":"Streamline","floor":1},{"not_picked":["Compile Driver","Conserve Battery","Beam Cell","Hologram"],"picked":"Turbo","floor":2},{"not_picked":["Force Field","Gash","BootSequence","Hologram"],"picked":"Compile Driver","floor":3},{"not_picked":["Compile Driver","Consume","Genetic Algorithm","Stack","Streamline"],"picked":"SKIP","floor":4},{"not_picked":["MostiFishMod:Impulse","Undo","Steam","AT_HeatAcrobatics","Conserve Battery"],"picked":"SKIP","floor":5},{"not_picked":["MostiFishMod:Overload","Chill","MostiFishMod:ReprogramOld","Undo"],"picked":"Mirror Shield","floor":6},{"not_picked":["Redo","Static Discharge","Chaos","Beam Cell"],"picked":"MostiFishMod:GatherIntelligence","floor":7},{"not_picked":["Steam","Consume","Beam Cell","Gash"],"picked":"Sweeping Beam","floor":8},{"not_picked":["Sweeping Beam","Go for the Eyes","Reprogram","Doom and Gloom"],"picked":"Coolheaded","floor":10},{"not_picked":["Beam Cell","Electrodynamics","Ball Lightning","AT_HeatAcrobatics"],"picked":"Defragment","floor":13},{"not_picked":["Beam Cell","Defragment","Ball Lightning","AT_HeatAcrobatics"],"picked":"Electrodynamics","floor":13},{"not_picked":["Hologram","AT_HeatAcrobatics","Barrage","AT_RobotInSpace","Redo"],"picked":"SKIP","floor":14},{"not_picked":["MostiFishMod:SeaWaves","MostiFishMod:GoodWordForIt","hubris:DoWhile","Multi-Cast"],"picked":"AT_RightCognition","floor":16}],"player_experience":990686,"relics_obtained":[{"floor":1,"key":"SynthV:TestCard"},{"floor":6,"key":"DataDisk"},{"floor":8,"key":"Vajra"},{"floor":10,"key":"Torii"}],"event_choices":[{"damage_healed":28,"gold_gain":0,"player_choice":"Full Heal","damage_taken":0,"max_hp_gain":0,"max_hp_loss":0,"event_name":"Wheel of Change","floor":12,"gold_loss":0}],"is_beta":false,"boss_relics":[{"not_picked":["testmod-PortableAltar","Fusion Hammer"],"picked":"AT_MortalBlade"}],"items_purged_floors":[],"is_endless":false,"potions_floor_spawned":[2,4,6,10,13],"ascension_level":20}}