{"host":"jksa5rawk3m4gilz","time":1608885444,"event":{"mods":["BaseMod","Colored Map","Highlight Path","Minty Spire (QoL Compilation)","Quick Restart"],"gold_per_floor":[19,35,116,126,146,146,173,173,244,244,272,237,254,272,272,351,401,420,435,435,435,435,435,468,408,431,431,431],"floor_reached":27,"playtime":1042,"items_purged":["Nirvana"],"score":423,"play_id":"a34e7593-765b-4022-8634-7cee08e5df7b","local_time":"20201225093724","is_ascension_mode":true,"campfire_choices":[{"data":"ForeignInfluence","floor":6.0,"key":"SMITH"},{"data":"PathToVictory","floor":8.0,"key":"SMITH"},{"data":"PathToVictory","floor":10.0,"key":"SMITH"},{"floor":15.0,"key":"REST"},{"data":"DeusExMachina","floor":23,"key":"SMITH"}],"circlet_count":0,"master_deck":["AscendersBane","Defend_P","Defend_P","Defend_P","Defend_P","Eruption+1","Vigilance","Conclude","PathToVictory+1","PathToVictory+1","ForeignInfluence+1","FearNoEvil","Collect","ClearTheMind","Vault","DeusExMachina+1","WreathOfFlame","PathToVictory"],"relics":["PureWater","Ornamental Fan","Strawberry","Mummified Hand","The Courier","Tiny House","Bottled Lightning","Damaru"],"acts_visited":["Exordium","TheCity"],"potions_floor_usage":[24],"damage_taken":[{"damage":0.0,"enemies":"Cultist","floor":1.0,"turns":3.0},{"damage":0.0,"enemies":"2 Louse","floor":2.0,"turns":3.0},{"damage":4.0,"enemies":"Jaw Worm","floor":4.0,"turns":3.0},{"damage":6.0,"enemies":"Exordium Wildlife","floor":5.0,"turns":5.0},{"damage":12.0,"enemies":"Lagavulin","floor":7.0,"turns":5.0},{"damage":35.0,"enemies":"3 Sentries","floor":11.0,"turns":9.0},{"damage":0.0,"enemies":"2 Fungi Beasts","floor":13.0,"turns":1.0},{"damage":14.0,"enemies":"Blue Slaver","floor":14.0,"turns":4.0},{"damage":38.0,"enemies":"Hexaghost","floor":16.0,"turns":8.0},{"damage":12,"enemies":"3 Byrds","floor":18,"turns":6},{"damage":24,"enemies":"Shell Parasite","floor":19,"turns":5},{"damage":56,"enemies":"Slavers","floor":24,"turns":10},{"damage":15,"enemies":"Snake Plant","floor":27,"turns":3}],"seed_played":"-4946835132762994668","potions_obtained":[{"floor":2.0,"key":"Fruit Juice"},{"floor":7.0,"key":"SmokeBomb"},{"floor":11.0,"key":"DuplicationPotion"},{"floor":14.0,"key":"Ambrosia"},{"floor":16.0,"key":"Explosive Potion"}],"is_trial":false,"path_per_floor":["M","M","T","M","M","R","E","R","T","R","E","?","M","M","R","B",null,"M","M","?","?","?","R","E","$","T","M"],"character_chosen":"WATCHER","items_purchased":[],"campfire_rested":1,"item_purchase_floors":[],"current_hp_per_floor":[65,70,70,66,60,60,55,55,55,55,20,41,41,27,52,14,72,60,36,65,65,65,65,9,9,9,0,0],"gold":431,"neow_bonus":"TRANSFORM_TWO_CARDS","is_daily":false,"chose_seed":false,"campfire_upgraded":4,"win_rate":0.0,"timestamp":1608885444,"path_taken":["M","M","?","M","M","R","E","R","T","R","E","?","?","M","R","BOSS","M","M","?","?","?","R","E","?","T","?"],"items_purchased_type":[],"build_version":"2020-12-22","purchased_purges":1,"victory":false,"max_hp_per_floor":[72,77,77,77,77,77,84,84,84,84,84,84,84,84,84,84,89,89,89,89,89,89,89,89,89,89,89,89],"card_choices":[{"not_picked":["EmptyFist","Halt"],"picked":"PathToVictory","floor":1.0},{"not_picked":["Nirvana","Protect"],"picked":"ForeignInfluence","floor":2.0},{"not_picked":["Crescendo","FlyingSleeves"],"picked":"Nirvana","floor":4.0},{"not_picked":["Study","FlurryOfBlows","Wallop"],"picked":"SKIP","floor":5.0},{"not_picked":["EmptyFist","Meditate"],"picked":"FearNoEvil","floor":7.0},{"not_picked":["Vengeance","Perseverance"],"picked":"Collect","floor":11.0},{"not_picked":["CutThroughFate","EmptyMind"],"picked":"ClearTheMind","floor":13.0},{"not_picked":["CutThroughFate","EmptyFist","Crescendo"],"picked":"SKIP","floor":14.0},{"not_picked":["Wish","MasterReality"],"picked":"Vault","floor":16.0},{"not_picked":["ReachHeaven","Swivel","Protect"],"picked":"SKIP","floor":18},{"not_picked":["EmptyBody","FearNoEvil+1","CrushJoints"],"picked":"SKIP","floor":19},{"not_picked":["Consecrate","BowlingBash","PathToVictory"],"picked":"SKIP","floor":24},{"not_picked":["Consecrate","BowlingBash"],"picked":"PathToVictory","floor":24}],"player_experience":2058385,"relics_obtained":[{"floor":3.0,"key":"Ornamental Fan"},{"floor":7.0,"key":"Strawberry"},{"floor":9.0,"key":"Mummified Hand"},{"floor":11.0,"key":"The Courier"},{"floor":24,"key":"Bottled Lightning"},{"floor":26,"key":"Damaru"}],"event_choices":[{"damage_healed":21.0,"max_hp_gain":0.0,"max_hp_loss":0.0,"gold_gain":0.0,"event_name":"The Cleric","player_choice":"Healed","floor":12.0,"gold_loss":35.0,"damage_taken":0.0},{"damage_healed":29,"gold_gain":0,"player_choice":"Heal","damage_taken":0,"max_hp_gain":0,"max_hp_loss":0,"event_name":"The Library","floor":20,"gold_loss":0},{"damage_healed":0,"gold_gain":0,"player_choice":"Ignored","damage_taken":0,"max_hp_gain":0,"max_hp_loss":0,"event_name":"Vampires","floor":21,"gold_loss":0},{"damage_healed":0,"gold_gain":0,"cards_transformed":["Strike_P","Strike_P"],"player_choice":"Became Test Subject","damage_taken":0,"max_hp_gain":0,"max_hp_loss":0,"event_name":"Drug Dealer","floor":22,"gold_loss":0,"cards_obtained":["DeusExMachina","WreathOfFlame"]}],"is_beta":false,"boss_relics":[{"not_picked":["Fusion Hammer","Coffee Dripper"],"picked":"Tiny House"}],"items_purged_floors":[25],"is_endless":false,"potions_floor_spawned":[2,7,11,14,16,18],"killed_by":"Snake Plant","ascension_level":13}}