{"host":"y0g3igjvi2dlgj2k","time":1608867316,"event":{"mods":["BaseMod","Colored Powertips","Defuse TimeMaze Blight","Minty Spire (QoL Compilation)","StSLib","The Animator"],"gold_per_floor":[121,135,146,158,158,158,198,198,223,239,265,280,295,295,295,295,295],"floor_reached":16,"playtime":1187,"items_purged":[],"score":106,"play_id":"0fa27332-6ce5-4a2c-ab09-9802827d72b6","local_time":"20201225043516","is_ascension_mode":false,"campfire_choices":[{"floor":6,"key":"REST"},{"floor":8,"key":"REST"},{"floor":15,"key":"REST"}],"circlet_count":0,"master_deck":["animator:Strike_GATE","animator:Defend_GATE","animator:Strike","animator:Strike","animator:Strike","animator:Defend","animator:Defend","animator:Defend","animator:TukaLunaMarceau","animator:Kuribayashi","animator:Bozes","animator:PandorasActor","animator:Entoma+2","animator:Tyuule+1","animator:Arpeggio","animator:RoyMustang","animator:Arpeggio"],"relics":["animator:TheMissingPiece","SacredBark","Blood Vial","Ice Cream","PreservedInsect","Bird Faced Urn"],"acts_visited":["Exordium"],"potions_floor_usage":[7],"damage_taken":[{"damage":2,"enemies":"Cultist","floor":1,"turns":4},{"damage":1,"enemies":"Jaw Worm","floor":2,"turns":5},{"damage":4,"enemies":"2 Louse","floor":3,"turns":3},{"damage":32,"enemies":"Exordium Thugs","floor":4,"turns":12},{"damage":18,"enemies":"Lagavulin","floor":7,"turns":8},{"damage":8,"enemies":"Looter","floor":10,"turns":5},{"damage":3,"enemies":"Red Slaver","floor":11,"turns":5},{"damage":12,"enemies":"Lots of Slimes","floor":12,"turns":3},{"damage":5,"enemies":"Large Slime","floor":13,"turns":7},{"damage":64,"enemies":"The Guardian","floor":16,"turns":9}],"seed_played":"-4593485108269155575","potions_obtained":[{"floor":1,"key":"AttackPotion"}],"is_trial":false,"path_per_floor":["M","M","M","M","?","R","E","R","T","M","M","M","M","T","R","B"],"character_chosen":"THE_ANIMATOR","items_purchased":[],"campfire_rested":3,"item_purchase_floors":[],"current_hp_per_floor":[64,63,59,30,30,50,32,52,52,46,45,37,34,34,55,0,0],"gold":295,"neow_bonus":"BOSS_RELIC","is_daily":false,"chose_seed":false,"campfire_upgraded":0,"win_rate":0.0,"timestamp":1608867316,"path_taken":["M","?","M","M","?","R","E","R","T","M","?","M","?","?","R","BOSS"],"items_purchased_type":[],"build_version":"2020-12-22","purchased_purges":0,"victory":false,"max_hp_per_floor":[66,66,66,69,69,69,69,69,69,69,69,71,71,71,71,71,71],"card_choices":[{"not_picked":["animator:SakuraMatou","animator:RoryMercury"],"picked":"animator:Bozes","floor":1},{"not_picked":["animator:Tyuule","animator:Guy"],"picked":"animator:PandorasActor","floor":2},{"not_picked":["animator:Pride","animator:Gillette"],"picked":"animator:Entoma","floor":3},{"not_picked":["animator:Kuribayashi","animator:YaoHaDucy"],"picked":"animator:Tyuule","floor":4},{"not_picked":["animator:Sloth","animator:ElricEdward"],"picked":"animator:Arpeggio","floor":7},{"not_picked":["animator:Raven","animator:Alexander","animator:Viivi"],"picked":"SKIP","floor":10},{"not_picked":["animator:MaesHughes","animator:Gillette"],"picked":"animator:RoyMustang","floor":11},{"not_picked":["animator:TukaLunaMarceau","animator:YaoHaDucy"],"picked":"animator:Arpeggio","floor":12},{"not_picked":["animator:Shigure","animator:Rider","animator:ChaikaTrabant"],"picked":"SKIP","floor":13}],"player_experience":127751,"relics_obtained":[{"floor":7,"key":"Blood Vial"},{"floor":7,"key":"Ice Cream"},{"floor":9,"key":"PreservedInsect"},{"floor":14,"key":"Bird Faced Urn"}],"event_choices":[{"damage_healed":0,"gold_gain":0,"player_choice":"Forge","damage_taken":0,"max_hp_gain":0,"max_hp_loss":0,"event_name":"Accursed Blacksmith","floor":5,"gold_loss":0,"cards_upgraded":["animator:Tyuule"]}],"is_beta":false,"boss_relics":[],"items_purged_floors":[],"is_endless":false,"potions_floor_spawned":[1,2,13],"killed_by":"The Guardian","ascension_level":0}}