{"host":"zig6x0mxqzam82fb","time":1608936278,"event":{"mods":["BaseMod","Block Reminder","Colored Map","Colored Powertips","Minty Spire (QoL Compilation)","Relic Stats"],"gold_per_floor":[118,129,129,140,140,140,165,165,165,202,277,314,314,340,340,454,454,478,500,527,527,547,547,569,81,81,102,121,17,17,17,17,122,122,141,162,162,187,33,33,19,38,38,38,38,38],"floor_reached":45,"playtime":2750,"items_purged":["Regret"],"score":479,"play_id":"07ebd72c-9465-4730-9a19-3f32beb78dc9","local_time":"20201225174438","is_ascension_mode":true,"campfire_choices":[{"data":"Spot Weakness","floor":6,"key":"SMITH"},{"floor":8,"key":"REST"},{"floor":13,"key":"REST"},{"floor":15,"key":"REST"},{"floor":23,"key":"REST"},{"floor":30,"key":"REST"},{"floor":32,"key":"REST"},{"floor":40,"key":"REST"}],"circlet_count":0,"master_deck":["Strike_R","Strike_R","Strike_R","Strike_R","Defend_R","Defend_R","Defend_R","Bash","Dual Wield+1","Spot Weakness+1","Offering","Hemokinesis","Shrug It Off","Uppercut","Offering","Dual Wield","Combust+1","Rage","Perfected Strike","Reckless Charge","Metallicize","Rupture","Demon Form","Armaments+1","Shrug It Off","Iron Wave+1","Battle Trance","Shrug It Off"],"relics":["Black Blood","Blue Candle","HornCleat","Darkstone Periapt","CeramicFish","StoneCalendar","Philosopher\u0027s Stone","Membership Card","Incense Burner","White Beast Statue","Pear","Vajra","Strange Spoon","InkBottle"],"acts_visited":["Exordium","TheCity","TheBeyond"],"potions_floor_usage":[7,12,12,22,27,27,28,31,33,38,42,45,45],"damage_taken":[{"damage":12,"enemies":"Jaw Worm","floor":1,"turns":3},{"damage":0,"enemies":"Small Slimes","floor":2,"turns":3},{"damage":11,"enemies":"2 Louse","floor":4,"turns":2},{"damage":31,"enemies":"Gremlin Nob","floor":7,"turns":4},{"damage":37,"enemies":"3 Sentries","floor":10,"turns":8},{"damage":9,"enemies":"Gremlin Nob","floor":12,"turns":3},{"damage":13,"enemies":"Red Slaver","floor":14,"turns":4},{"damage":71,"enemies":"The Guardian","floor":16,"turns":10},{"damage":49,"enemies":"3 Byrds","floor":18,"turns":4},{"damage":14,"enemies":"Shell Parasite","floor":19,"turns":2},{"damage":39,"enemies":"Snecko","floor":20,"turns":4},{"damage":49,"enemies":"Centurion and Healer","floor":22,"turns":5},{"damage":16,"enemies":"Snake Plant","floor":24,"turns":3},{"damage":42,"enemies":"Chosen and Byrds","floor":27,"turns":5},{"damage":25,"enemies":"3 Cultists","floor":28,"turns":5},{"damage":18,"enemies":"Colosseum Slavers","floor":31,"turns":3},{"damage":46,"enemies":"Champ","floor":33,"turns":9},{"damage":30,"enemies":"3 Shapes","floor":35,"turns":6},{"damage":8,"enemies":"Orb Walker","floor":36,"turns":3},{"damage":27,"enemies":"Jaw Worm Horde","floor":38,"turns":3},{"damage":72,"enemies":"4 Shapes","floor":42,"turns":7},{"damage":56,"enemies":"Awakened One","floor":45,"turns":6}],"seed_played":"-7957889561470771668","potions_obtained":[{"floor":2,"key":"Weak Potion"},{"floor":7,"key":"CultistPotion"},{"floor":12,"key":"Fruit Juice"},{"floor":14,"key":"FairyPotion"},{"floor":19,"key":"Strength Potion"},{"floor":20,"key":"GamblersBrew"},{"floor":24,"key":"BlessingOfTheForge"},{"floor":27,"key":"Weak Potion"},{"floor":28,"key":"Explosive Potion"},{"floor":33,"key":"PowerPotion"},{"floor":35,"key":"Weak Potion"},{"floor":36,"key":"Swift Potion"},{"floor":38,"key":"Swift Potion"},{"floor":42,"key":"Energy Potion"}],"is_trial":false,"path_per_floor":["M","M","?","M","?","R","E","R","T","E","?","E","R","M","R","B",null,"M","M","M","?","M","R","M","$","T","M","M","$","R","?","R","B",null,"M","M","?","M","$","R","$","M","T","?","B"],"character_chosen":"IRONCLAD","items_purchased":["Membership Card","Incense Burner","White Beast Statue","Regen Potion","Rupture","Vajra","FairyPotion","Strange Spoon","Battle Trance","Shrug It Off"],"campfire_rested":7,"item_purchase_floors":[25,25,25,25,29,29,39,39,39,41],"current_hp_per_floor":[66,72,72,67,67,67,42,63,63,32,32,34,57,50,73,8,77,34,26,27,77,34,57,47,47,57,35,16,16,42,30,56,16,87,69,73,73,58,58,84,84,24,24,24,0,0],"gold":38,"neow_bonus":"REMOVE_TWO","is_daily":false,"chose_seed":false,"campfire_upgraded":1,"win_rate":0.0,"timestamp":1608936278,"path_taken":["M","M","?","M","?","R","E","R","T","E","?","E","R","M","R","BOSS","M","M","M","?","?","R","M","$","T","?","M","$","R","?","R","BOSS","M","M","?","M","$","R","$","?","T","?","BOSS"],"items_purchased_type":["Relic","Relic","Relic","Potion","Card","Relic","Potion","Relic","Card","Card"],"build_version":"2020-12-22","purchased_purges":1,"victory":false,"max_hp_per_floor":[72,72,72,72,72,72,72,72,72,72,72,77,77,77,77,77,77,77,77,77,77,77,77,77,77,87,87,87,87,87,87,87,87,87,87,87,87,87,87,87,87,87,87,87,87,87],"relic_stats":{"Darkstone Periapt":0,"Strange Spoon":[1],"counters":[22,102],"Blue Candle":[9],"CeramicFish":162,"Black Blood":150,"StoneCalendar":[104],"obtain_stats":[{"Darkstone Periapt":9,"Pear":26,"Blue Candle":3,"CeramicFish":10,"Vajra":29,"Black Blood":34,"StoneCalendar":12,"Incense Burner":25,"Burning Blood":0,"White Beast Statue":25,"Strange Spoon":39,"HornCleat":7,"Philosopher\u0027s Stone":17,"Membership Card":25,"InkBottle":43},{"Darkstone Periapt":4,"Pear":13,"Blue Candle":2,"CeramicFish":5,"Vajra":15,"Black Blood":17,"StoneCalendar":6,"Incense Burner":13,"Burning Blood":0,"White Beast Statue":13,"Strange Spoon":20,"HornCleat":4,"Philosopher\u0027s Stone":8,"Membership Card":13,"InkBottle":21},{"Darkstone Periapt":12,"Pear":55,"Blue Candle":6,"CeramicFish":20,"Vajra":65,"Black Blood":77,"StoneCalendar":23,"Incense Burner":55,"Burning Blood":0,"White Beast Statue":55,"Strange Spoon":89,"HornCleat":12,"Philosopher\u0027s Stone":37,"Membership Card":55,"InkBottle":96}],"InkBottle":[1]},"card_choices":[{"not_picked":["Anger","Flex"],"picked":"Armaments","floor":1},{"not_picked":["Blood for Blood","Headbutt"],"picked":"Dual Wield","floor":2},{"not_picked":["Flex","Cleave"],"picked":"Spot Weakness","floor":4},{"not_picked":["Rupture","Carnage"],"picked":"Offering","floor":7},{"not_picked":["Body Slam","Feel No Pain"],"picked":"Hemokinesis","floor":10},{"not_picked":["Headbutt","Sword Boomerang"],"picked":"Shrug It Off","floor":12},{"not_picked":["Ghostly Armor","Dropkick"],"picked":"Uppercut","floor":14},{"not_picked":["Brutality","Exhume"],"picked":"Offering","floor":16},{"not_picked":["Flex","Body Slam"],"picked":"Burning Pact+1","floor":18},{"not_picked":["Armaments","Body Slam"],"picked":"Dual Wield","floor":19},{"not_picked":["Bloodletting","Spot Weakness"],"picked":"Combust+1","floor":20},{"not_picked":["Brutality","Headbutt"],"picked":"Rage","floor":22},{"not_picked":["Flex","Iron Wave"],"picked":"Perfected Strike","floor":24},{"not_picked":["Body Slam","Wild Strike"],"picked":"Reckless Charge","floor":27},{"not_picked":["Rage+1","Sword Boomerang"],"picked":"Metallicize","floor":28},{"not_picked":["Corruption","Limit Break"],"picked":"Demon Form","floor":33},{"not_picked":["Twin Strike","Headbutt+1"],"picked":"Armaments+1","floor":35},{"not_picked":["Clothesline","Thunderclap"],"picked":"Shrug It Off","floor":36},{"not_picked":["Wild Strike","Twin Strike+1"],"picked":"Iron Wave+1","floor":38},{"not_picked":["Anger","Headbutt+1","Dark Embrace+1"],"picked":"SKIP","floor":42}],"player_experience":328436,"relics_obtained":[{"floor":7,"key":"HornCleat"},{"floor":9,"key":"Darkstone Periapt"},{"floor":10,"key":"CeramicFish"},{"floor":12,"key":"StoneCalendar"},{"floor":26,"key":"Pear"},{"floor":43,"key":"InkBottle"}],"event_choices":[{"damage_healed":0,"gold_gain":0,"player_choice":"Box","damage_taken":0,"relics_obtained":["Blue Candle"],"max_hp_gain":0,"max_hp_loss":0,"event_name":"Big Fish","floor":3,"gold_loss":0,"cards_obtained":["Regret"]},{"damage_healed":0,"gold_gain":0,"player_choice":"Grow","damage_taken":0,"max_hp_gain":0,"max_hp_loss":0,"event_name":"Living Wall","floor":5,"gold_loss":0,"cards_upgraded":["Dual Wield"]},{"damage_healed":0,"gold_gain":75,"player_choice":"Gained Gold","damage_taken":0,"max_hp_gain":0,"max_hp_loss":0,"event_name":"Golden Wing","floor":11,"gold_loss":0},{"cards_removed":["Burning Pact"],"damage_healed":50,"gold_gain":0,"player_choice":"Offered Uncommon","damage_taken":0,"max_hp_gain":0,"max_hp_loss":0,"event_name":"Bonfire Elementals","floor":21,"gold_loss":0},{"damage_healed":0,"gold_gain":0,"player_choice":"Fight","damage_taken":0,"max_hp_gain":0,"max_hp_loss":0,"event_name":"Colosseum","floor":31,"gold_loss":0},{"damage_healed":0,"gold_gain":0,"player_choice":"Fled From Nobs","damage_taken":0,"max_hp_gain":0,"max_hp_loss":0,"event_name":"Colosseum","floor":31,"gold_loss":0},{"cards_removed":["Armaments"],"damage_healed":0,"gold_gain":0,"player_choice":"Card Removal","damage_taken":0,"max_hp_gain":0,"max_hp_loss":0,"event_name":"Wheel of Change","floor":37,"gold_loss":0},{"damage_healed":0,"gold_gain":0,"player_choice":"Took Portal","damage_taken":0,"max_hp_gain":0,"max_hp_loss":0,"event_name":"SecretPortal","floor":44,"gold_loss":0}],"is_beta":false,"boss_relics":[{"not_picked":["Astrolabe","Ectoplasm"],"picked":"Philosopher\u0027s Stone"},{"not_picked":["Snecko Eye","SlaversCollar"],"picked":"Black Blood"}],"items_purged_floors":[25],"is_endless":false,"potions_floor_spawned":[2,7,12,14,19,20,24,27,28,31,33,35,36,38,42],"killed_by":"Awakened One","ascension_level":2}}