{"host":"51f0ad793vly1w6u","time":1608865880,"event":{"mods":["BaseMod","Colored Map","DeckTracker","Minty Spire (QoL Compilation)","StSLib","SuperFastMode"],"gold_per_floor":[119,119,12,38,57,57,86,86,86,86,11,11,11],"floor_reached":12,"playtime":138,"items_purged":[],"score":148,"play_id":"770c207d-221e-48aa-b8f7-92469c955337","local_time":"20201225121120","is_ascension_mode":true,"campfire_choices":[{"data":"Eruption","floor":6,"key":"SMITH"},{"floor":10,"key":"REST"}],"circlet_count":0,"master_deck":["AscendersBane","Strike_P","Strike_P","Strike_P","Defend_P","Defend_P","Defend_P","Eruption+1","Vigilance","EmptyFist","BowlingBash","MentalFortress"],"relics":["PureWater","WingedGreaves","Damaru","Meat on the Bone","Frozen Egg 2"],"acts_visited":["Exordium"],"potions_floor_usage":[7],"damage_taken":[{"damage":3,"enemies":"2 Louse","floor":1,"turns":2},{"damage":0,"enemies":"Cultist","floor":5,"turns":2},{"damage":48,"enemies":"Lagavulin","floor":7,"turns":8},{"damage":17,"enemies":"3 Sentries","floor":12,"turns":5}],"seed_played":"-7442140165829368186","potions_obtained":[{"floor":1,"key":"Swift Potion"}],"is_trial":false,"path_per_floor":["M","?","$","T","M","R","E","?","T","R","?","E"],"character_chosen":"WATCHER","items_purchased":["EmptyFist","BowlingBash"],"campfire_rested":1,"item_purchase_floors":[3,3],"current_hp_per_floor":[40,68,68,68,68,68,20,13,13,33,33,16,16],"gold":11,"neow_bonus":"ONE_RARE_RELIC","is_daily":false,"chose_seed":false,"campfire_upgraded":1,"win_rate":0.0,"timestamp":1608865880,"path_taken":["M","?","?","?","M","R","E","?","T","R","?","E"],"items_purchased_type":["Card","Card"],"build_version":"2020-12-22","purchased_purges":0,"victory":false,"max_hp_per_floor":[68,68,68,68,68,68,68,68,68,68,68,68,68],"card_choices":[{"not_picked":["LikeWater","JustLucky"],"picked":"ForeignInfluence","floor":1},{"not_picked":["BowlingBash","ThirdEye","EmptyFist"],"picked":"SKIP","floor":5},{"not_picked":["SashWhip","CutThroughFate"],"picked":"MentalFortress","floor":7}],"player_experience":1377013,"relics_obtained":[{"floor":4,"key":"Damaru"},{"floor":7,"key":"Meat on the Bone"},{"floor":9,"key":"Frozen Egg 2"}],"event_choices":[{"cards_removed":["ForeignInfluence"],"damage_healed":28,"gold_gain":0,"player_choice":"Offered Uncommon","damage_taken":0,"max_hp_gain":0,"max_hp_loss":0,"event_name":"Bonfire Elementals","floor":2,"gold_loss":0},{"cards_removed":["Strike_P"],"damage_healed":0,"gold_gain":0,"player_choice":"Card Removal","damage_taken":7,"max_hp_gain":0,"max_hp_loss":0,"event_name":"Golden Wing","floor":8,"gold_loss":0},{"cards_removed":["Defend_P"],"damage_healed":0,"gold_gain":0,"player_choice":"Card Removal","damage_taken":0,"max_hp_gain":0,"max_hp_loss":0,"event_name":"The Cleric","floor":11,"gold_loss":75}],"is_beta":false,"boss_relics":[],"items_purged_floors":[],"is_endless":false,"potions_floor_spawned":[1],"killed_by":"3 Sentries","ascension_level":20}}