{"host":"x6yxbqobmk3v70g1","time":1608878963,"event":{"mods":["AchievementEnabler","Act Like it!","Aspiration","BaseMod","Downfall","Friendly Minions","Gensokyo","HololiveMod","KinomotoSakuraMod(????)","Kiyohime????","Koishi","Mari Mod (Legacy)","Mari\u0027s V1 Patch","Marisa????????","Minty Spire (QoL Compilation)","Prisma Mod","Rare Cards Sparkle","Reimu??????","Remilia??????","StSLib","The Animator","The Disciple","The Jungle","The Mystic","The Runesmith","The Senshi","The Servant 0.9.4","The Wild Card","WarShipGirlsR/????R mod"],"gold_per_floor":[99,99,99,99,99,124,176,176,176,188,188,188,199,199,219,321,321,321,336,350,257,257,257,257],"floor_reached":22,"playtime":1269,"items_purged":["Guardian:Strike_Guardian"],"score":205,"play_id":"58b69492-f7a7-408e-b2ab-4efec4727ab4","local_time":"20201225004923","is_ascension_mode":false,"campfire_choices":[{"data":"Guardian:TwinSlam","floor":1,"key":"SMITH"},{"data":"Guardian:MultiBeam","floor":8,"key":"SMITH"},{"data":"Guardian:DonusPower","floor":12,"key":"SMITH"},{"data":"Guardian:RevengeProtocol","floor":18,"key":"SMITH"}],"circlet_count":0,"master_deck":["Guardian:Strike_Guardian","Guardian:Strike_Guardian","Guardian:Strike_Guardian","Guardian:Defend_Guardian","Guardian:Defend_Guardian","Guardian:Defend_Guardian","Guardian:Defend_Guardian","Guardian:CurlUp","Guardian:TwinSlam+1","Guardian:Harden","Guardian:MultiBeam+1","Guardian:DonusPower+1","Guardian:SentryBeam","Guardian:RollAttack","Guardian:RevengeProtocol+1","Guardian:ChargeCore+1"],"relics":["Guardian:ModeShifter","downfall:HeartsMalice","ScarletDevilRocket","Omamori","YidongShenshe:ReiMu","aspiration:ServantSkillbook"],"acts_visited":["Exordium","TheCity"],"potions_floor_usage":[],"damage_taken":[{"damage":0,"enemies":"2 Louse","floor":2,"turns":1},{"damage":0,"enemies":"Jaw Worm","floor":5,"turns":1},{"damage":0,"enemies":"Lagavulin","floor":6,"turns":1},{"damage":0,"enemies":"Cultist","floor":9,"turns":1},{"damage":4,"enemies":"Blue Slaver","floor":10,"turns":4},{"damage":1,"enemies":"Large Slime","floor":13,"turns":7},{"damage":0,"enemies":"3 Louse","floor":15,"turns":2},{"damage":7,"enemies":"downfall:Watcher","floor":16,"turns":8},{"damage":0,"enemies":"Spheric Guardian","floor":19,"turns":3},{"damage":15,"enemies":"Snake Plant","floor":20,"turns":5},{"damage":0,"enemies":"downfall:FleeingMerchant","floor":21,"turns":4},{"damage":0,"enemies":"Snecko","floor":22,"turns":2}],"seed_played":"6459669858208072282","potions_obtained":[{"floor":6,"key":"LiquidMemories"},{"floor":10,"key":"SpeedPotion"},{"floor":13,"key":"Guardian:DefensiveModePotion"}],"is_trial":false,"path_per_floor":["R","M","?","?","M","E","T","R","M","M","?","R","M","?","M","B",null,"R","M","M","$","M"],"character_chosen":"GUARDIAN","items_purchased":[],"campfire_rested":0,"item_purchase_floors":[],"current_hp_per_floor":[80,80,80,80,80,80,80,80,80,76,76,76,75,75,75,68,80,80,80,65,65,65,65,65],"gold":257,"neow_bonus":"THREE_ENEMY_KILL","is_daily":false,"chose_seed":false,"campfire_upgraded":4,"win_rate":0.0,"timestamp":1608878963,"path_taken":["R","M","?","?","M","E","T","R","M","M","?","R","M","?","M","BOSS","R","M","M","?","M"],"items_purchased_type":[],"build_version":"2020-12-22","purchased_purges":1,"victory":false,"max_hp_per_floor":[80,80,80,80,80,80,80,80,80,80,80,80,80,80,80,80,80,80,80,80,80,80,80,80],"card_choices":[{"not_picked":["Guardian:PrismaticBarrier","Guardian:SentryBeam"],"picked":"Guardian:Gem_Red","floor":2},{"not_picked":["Guardian:Gem_Green","Guardian:Reroute"],"picked":"Guardian:Harden","floor":5},{"not_picked":["Guardian:ShieldSpikes","Guardian:Harden"],"picked":"Guardian:MultiBeam","floor":6},{"not_picked":["Guardian:Reroute","Guardian:Incinerate"],"picked":"Guardian:Gem_Cyan","floor":9},{"not_picked":["Guardian:Harden","Guardian:Gem_Cyan"],"picked":"Guardian:DonusPower","floor":10},{"not_picked":["Guardian:TemporalStrike","Guardian:ArmoredProtocol"],"picked":"Guardian:SentryBeam","floor":13},{"not_picked":["Guardian:Emergency","Guardian:Repulse"],"picked":"Guardian:RollAttack","floor":15},{"not_picked":["Guardian:StasisField","Guardian:SphericShield"],"picked":"Guardian:RevengeProtocol","floor":16},{"not_picked":["Shuttle","Guardian:Suspension","Guardian:Emergency","Guardian:Planning+1"],"picked":"SKIP","floor":19},{"not_picked":["TimeWarp","Guardian:Emergency","Guardian:Gem_Lightblue"],"picked":"Guardian:ChargeCore+1","floor":20},{"not_picked":["Rewind","Guardian:SentryBeam","Guardian:TemporalShield","Ricochet"],"picked":"SKIP","floor":21}],"player_experience":202875,"relics_obtained":[{"floor":6,"key":"ScarletDevilRocket"},{"floor":7,"key":"Omamori"}],"event_choices":[{"damage_healed":0,"gold_gain":0,"player_choice":"Take Tiny Shrine away","damage_taken":0,"relics_obtained":["YidongShenshe:ReiMu"],"max_hp_gain":0,"max_hp_loss":0,"event_name":"yidonshenshe","floor":11,"gold_loss":0,"cards_obtained":["Poor:ReiMu"]}],"is_beta":false,"boss_relics":[{"not_picked":["Guardian:StasisSlotReductionRelic","Cursed Key"],"picked":"aspiration:ServantSkillbook"}],"items_purged_floors":[21],"is_endless":false,"potions_floor_spawned":[6,10,13,19],"killed_by":"Snecko","ascension_level":0}}