{"host":"5bdt6s51dmpd4l3v","time":1608885584,"event":{"mods":["AchievementEnabler","BaseMod","Colored Map","Colored Powertips","Highlight Path","Minty Spire (QoL Compilation)","Quick Restart","Rare Cards Sparkle","StSLib"],"gold_per_floor":[117,117,267,281,293,293,324,324,393,404,25,45,45,56,56,56,56],"floor_reached":16,"playtime":466,"items_purged":["Doubt"],"score":179,"play_id":"c2fee7aa-84e2-4262-a74b-db9bde1352f0","local_time":"20201225163944","is_ascension_mode":true,"campfire_choices":[{"data":"Iron Wave","floor":6.0,"key":"SMITH"},{"data":"Armaments","floor":8.0,"key":"SMITH"},{"data":"Dual Wield","floor":13.0,"key":"SMITH"},{"data":"Entrench","floor":15.0,"key":"SMITH"}],"circlet_count":0,"master_deck":["AscendersBane","Strike_R","Strike_R","Strike_R","Strike_R","Strike_R","Defend_R","Defend_R","Defend_R","Defend_R","Bash","Body Slam+1","Iron Wave+1","Headbutt","Armaments+1","Dual Wield+1","Shrug It Off","Flame Barrier","Entrench+1"],"relics":["Burning Blood","NeowsBlessing","Bag of Preparation","Paper Frog","Eternal Feather"],"acts_visited":["Exordium"],"potions_floor_usage":[16],"damage_taken":[{"damage":0.0,"enemies":"Jaw Worm","floor":1.0,"turns":1.0},{"damage":0.0,"enemies":"Small Slimes","floor":4.0,"turns":1.0},{"damage":0.0,"enemies":"Cultist","floor":5.0,"turns":1.0},{"damage":32.0,"enemies":"Lagavulin","floor":7.0,"turns":8.0},{"damage":6.0,"enemies":"Exordium Thugs","floor":10.0,"turns":3.0},{"damage":12.0,"enemies":"Exordium Wildlife","floor":12.0,"turns":5.0},{"damage":0.0,"enemies":"Red Slaver","floor":14.0,"turns":4.0},{"damage":69,"enemies":"Slime Boss","floor":16,"turns":9}],"seed_played":"1693632819776320764","potions_obtained":[{"floor":1.0,"key":"Explosive Potion"},{"floor":5.0,"key":"Weak Potion"},{"floor":14.0,"key":"DuplicationPotion"}],"is_trial":false,"path_per_floor":["M","?","?","M","M","R","E","R","T","M","$","M","R","M","R","B"],"character_chosen":"IRONCLAD","items_purchased":["Shrug It Off","Eternal Feather"],"campfire_rested":0,"item_purchase_floors":[11,11],"current_hp_per_floor":[74,74,74,75,75,75,49,49,49,49,49,43,52,58,67,0,0],"gold":56,"neow_bonus":"THREE_ENEMY_KILL","is_daily":false,"chose_seed":false,"campfire_upgraded":4,"win_rate":0.0,"timestamp":1608885584,"path_taken":["M","?","?","M","M","R","E","R","T","M","$","M","R","M","R","BOSS"],"items_purchased_type":["Card","Relic"],"build_version":"2020-12-22","purchased_purges":1,"victory":false,"max_hp_per_floor":[75,75,75,75,75,75,75,75,75,75,75,75,75,75,75,75,75],"card_choices":[{"not_picked":["Sentinel","Thunderclap"],"picked":"Body Slam","floor":1.0},{"not_picked":["Thunderclap","Second Wind"],"picked":"Iron Wave","floor":4.0},{"not_picked":["Anger","Thunderclap"],"picked":"Headbutt","floor":5.0},{"not_picked":["Inflame","Clothesline"],"picked":"Armaments","floor":7.0},{"not_picked":["Armaments","Havoc"],"picked":"Dual Wield","floor":10.0},{"not_picked":["Armaments","Iron Wave"],"picked":"Flame Barrier","floor":12.0},{"not_picked":["Rupture","Perfected Strike"],"picked":"Entrench","floor":14.0}],"player_experience":227643,"relics_obtained":[{"floor":7.0,"key":"Bag of Preparation"},{"floor":9.0,"key":"Paper Frog"}],"event_choices":[{"damage_healed":0.0,"max_hp_gain":0.0,"max_hp_loss":0.0,"gold_gain":0.0,"event_name":"Living Wall","player_choice":"Grow","floor":2.0,"gold_loss":0.0,"damage_taken":0.0,"cards_upgraded":["Body Slam"]},{"damage_healed":0.0,"max_hp_gain":0.0,"max_hp_loss":0.0,"gold_gain":150.0,"event_name":"Liars Game","player_choice":"AGREE","floor":3.0,"gold_loss":0.0,"damage_taken":0.0,"cards_obtained":["Doubt"]}],"is_beta":false,"boss_relics":[],"items_purged_floors":[11],"is_endless":false,"potions_floor_spawned":[1,5,14],"killed_by":"Slime Boss","ascension_level":15}}