{"host":"bbld1ic1uj90ldt9","time":1608927393,"event":{"mods":["2.2 Compatiblity","AchievementEnabler","Act Like it!","BaseMod","Better Third Choice","Conspire","Downfall","Emptier Cage","Gensokyo","Hallownest","Hermit","Highlight Path","Hubris","Marisa????????","Minty Spire (QoL Compilation)","Random Character Button","Replay The Spire","StSLib","The Animator","The Bug Knight","The Cursed","The Disciple","The Hierophant","The Jungle","The Runesmith","The Servant 0.9.4"],"gold_per_floor":[115,115,115,115,115,143,165,165,165],"floor_reached":8,"playtime":518,"items_purged":[],"score":56,"play_id":"9e929abc-db10-4e7a-acb3-5b0fd0009b49","local_time":"20201225211633","is_ascension_mode":false,"campfire_choices":[],"circlet_count":0,"master_deck":["hierophant:Strike_Hierophant","hierophant:Strike_Hierophant","hierophant:Strike_Hierophant","hierophant:Strike_Hierophant","hierophant:Punish","hierophant:Defend_Hierophant","hierophant:Defend_Hierophant","hierophant:Defend_Hierophant","hierophant:Defend_Hierophant","hierophant:ChurchCoffers","hierophant:HolyVerse","Gensokyo:CrescentMoonSlash+1","hierophant:OrnateBuckler","hierophant:Zeal","hierophant:OrnateBuckler"],"relics":["hierophant:PropheticMaskRelic","hubris:Towel","Replay:Wax Seal"],"acts_visited":["Gensokyo:Gensokyo"],"potions_floor_usage":[],"damage_taken":[{"damage":1,"enemies":"Gensokyo:2_Kodama","floor":1,"turns":4},{"damage":0,"enemies":"Gensokyo:3_Fairies","floor":5,"turns":2},{"damage":60,"enemies":"Gensokyo:Aya","floor":6,"turns":10},{"damage":1,"enemies":"Gensokyo:Python","floor":7,"turns":3},{"damage":14,"enemies":"Gensokyo:Mamizou","floor":8,"turns":6}],"seed_played":"8010078563705729296","potions_obtained":[],"is_trial":false,"path_per_floor":["M","?","?","?","M","E","M","E"],"character_chosen":"HIEROPHANT","items_purchased":[],"campfire_rested":0,"item_purchase_floors":[],"current_hp_per_floor":[81,73,73,73,73,13,12,0,0],"gold":165,"neow_bonus":"TEN_PERCENT_HP_BONUS","is_daily":false,"chose_seed":false,"campfire_upgraded":0,"win_rate":0.0,"timestamp":1608927393,"path_taken":["M","?","?","?","M","E","?","E"],"items_purchased_type":[],"build_version":"2020-12-22","purchased_purges":0,"victory":false,"max_hp_per_floor":[82,82,82,82,82,82,82,82,82],"card_choices":[{"not_picked":["hierophant:AuricBeam","hierophant:Empathy"],"picked":"hierophant:HolyVerse","floor":1},{"not_picked":["hierophant:FieryStrike","hierophant:DisplayOfPower"],"picked":"hierophant:OrnateBuckler","floor":5},{"not_picked":["hierophant:LocustPlague","hierophant:Purify"],"picked":"hierophant:Zeal","floor":6},{"not_picked":["hierophant:FieryStrike","hierophant:DisplayOfPower"],"picked":"hierophant:OrnateBuckler","floor":7}],"player_experience":2159031,"relics_obtained":[{"floor":6,"key":"Replay:Wax Seal"}],"event_choices":[],"is_beta":false,"boss_relics":[],"items_purged_floors":[],"is_endless":false,"potions_floor_spawned":[],"killed_by":"Gensokyo:Mamizou","ascension_level":0}}