{"host":"wha9hktbkslqvblg","time":1608883516,"event":{"mods":["BaseMod","Colored Map","Minty Spire (QoL Compilation)","Relic Stats","SuperFastMode","everything is the same but u backflip on backflip"],"gold_per_floor":[113,113,124,49,67,67,67,117,142,153,166,178,178,198,198,198,198],"floor_reached":16,"playtime":208,"items_purged":["Strike_R"],"score":188,"play_id":"2e0e487c-1a81-4182-9791-37b7ef015173","local_time":"20201225170516","is_ascension_mode":true,"campfire_choices":[{"data":"Pommel Strike","floor":6,"key":"SMITH"},{"data":"Dual Wield","floor":15,"key":"SMITH"}],"circlet_count":0,"master_deck":["AscendersBane","Strike_R","Strike_R+1","Strike_R","Strike_R","Defend_R+1","Defend_R+1","Defend_R","Defend_R+1","Bash","Pommel Strike+1","Dual Wield+1","Hemokinesis"],"relics":["Burning Blood","NeowsBlessing","Sundial","War Paint","Mummified Hand"],"acts_visited":["Exordium"],"potions_floor_usage":[11],"damage_taken":[{"damage":0.0,"enemies":"Jaw Worm","floor":1.0,"turns":1.0},{"damage":0.0,"enemies":"Cultist","floor":3.0,"turns":1.0},{"damage":0,"enemies":"Small Slimes","floor":5,"turns":1},{"damage":10,"enemies":"Blue Slaver","floor":10,"turns":3},{"damage":21,"enemies":"Exordium Thugs","floor":11,"turns":6},{"damage":2,"enemies":"3 Louse","floor":12,"turns":4},{"damage":3,"enemies":"2 Fungi Beasts","floor":14,"turns":3},{"damage":2,"enemies":"Slime Boss","floor":16,"turns":3}],"seed_played":"7197379147662573198","potions_obtained":[{"floor":3,"key":"SkillPotion"},{"floor":5,"key":"Strength Potion"},{"floor":11,"key":"Energy Potion"},{"floor":12,"key":"LiquidMemories"}],"is_trial":false,"path_per_floor":["M","?","M","$","M","R","?","?","T","M","M","M","?","M","R","B"],"character_chosen":"IRONCLAD","items_purchased":[],"campfire_rested":0,"item_purchase_floors":[],"current_hp_per_floor":[74,74,75,75,75,75,52,52,52,48,33,37,11,14,14,12,12],"gold":198,"neow_bonus":"THREE_ENEMY_KILL","is_daily":false,"chose_seed":false,"campfire_upgraded":2,"win_rate":0.0,"timestamp":1608883516,"path_taken":["M","?","?","$","M","R","?","?","T","M","?","M","?","M","R","BOSS"],"items_purchased_type":[],"build_version":"2020-12-22","purchased_purges":1,"victory":false,"max_hp_per_floor":[75,75,75,75,75,75,75,75,75,75,75,75,75,75,75,75,75],"relic_stats":{"counters":[8,22],"Sundial":[4],"Mummified Hand":[0],"War Paint":["Defend_R","Defend_R"],"obtain_stats":[{"NeowsBlessing":0,"Sundial":2,"Mummified Hand":13,"War Paint":9,"Burning Blood":0},{"NeowsBlessing":0,"Sundial":1,"Mummified Hand":6,"War Paint":3,"Burning Blood":0},{"NeowsBlessing":0,"Sundial":1,"Mummified Hand":16,"War Paint":3,"Burning Blood":0}],"Burning Blood":31},"card_choices":[{"not_picked":["Armaments","Rage"],"picked":"Pommel Strike","floor":1.0},{"not_picked":["Havoc","Rupture","Inflame"],"picked":"SKIP","floor":3},{"not_picked":["Twin Strike","Anger"],"picked":"Pommel Strike","floor":5},{"not_picked":["Clash","Sentinel"],"picked":"Dual Wield","floor":10},{"not_picked":["Pommel Strike","Sever Soul","Headbutt"],"picked":"SKIP","floor":11},{"not_picked":["Heavy Blade","Searing Blow"],"picked":"Hemokinesis","floor":12},{"not_picked":["Combust","Clash","Hemokinesis"],"picked":"SKIP","floor":14}],"player_experience":893826,"relics_obtained":[{"floor":9,"key":"War Paint"}],"event_choices":[{"cards_removed":["Pommel Strike"],"damage_healed":0.0,"max_hp_gain":0.0,"max_hp_loss":0.0,"gold_gain":0.0,"event_name":"WeMeetAgain","player_choice":"Gave Card","floor":2.0,"gold_loss":0.0,"damage_taken":0.0,"relics_obtained":["Sundial"]},{"damage_healed":0,"gold_gain":0,"player_choice":"Entered Light","damage_taken":23,"max_hp_gain":0,"max_hp_loss":0,"event_name":"Shining Light","floor":7,"gold_loss":0,"cards_upgraded":["Strike_R","Defend_R"]},{"damage_healed":0,"gold_gain":50,"player_choice":"Pray","damage_taken":0,"max_hp_gain":0,"max_hp_loss":0,"event_name":"Golden Shrine","floor":8,"gold_loss":0},{"damage_healed":0,"gold_gain":0,"player_choice":"Success","damage_taken":26,"relics_obtained":["Mummified Hand"],"max_hp_gain":0,"max_hp_loss":0,"event_name":"Scrap Ooze","floor":13,"gold_loss":0}],"is_beta":false,"boss_relics":[],"items_purged_floors":[4],"is_endless":false,"potions_floor_spawned":[3,5,11,12],"killed_by":"Slime Boss","ascension_level":20}}