{"host":"6hzrz31j95f2y1pa","time":1608869270,"event":{"mods":["BaseMod","Colored Map","Downfall","Minty Spire (QoL Compilation)","StSLib"],"gold_per_floor":[99,118,128,141,158,168,168,186,200,232,232,251,266,295,314,410,410,335,351,366,376,43,53,53,153,171,187,187,272,272,18,34,136,136,136,150,150,168,312,347,399,413,210,224,74,86,114,114,129,129,129,162,33,33,33],"floor_reached":56,"playtime":3686,"items_purged":["champ:Defend","sneckomod:Bewildered","Clumsy"],"score":1676,"play_id":"cd8b4045-407f-4de1-b8c0-1334c5eda575","local_time":"20201224230750","is_ascension_mode":true,"campfire_choices":[{"data":"champ:Taunt","floor":1.0,"key":"SMITH"},{"floor":11.0,"key":"REST"},{"data":"champ:EnchantCrown","floor":18.0,"key":"SMITH"},{"floor":30.0,"key":"REST"},{"floor":35.0,"key":"RECALL"},{"data":"Apotheosis","floor":45.0,"key":"SMITH"},{"data":"champ:CalledShot","floor":54,"key":"SMITH"}],"circlet_count":0,"master_deck":["champ:Strike","champ:Strike","champ:Strike","champ:Strike","champ:Defend","champ:Defend","champ:Defend","champ:Execute","champ:Taunt+1","champ:DefensiveShout","champ:Lariat","champ:GladiatorStyle","champ:BringItOn","champ:DeathBlow","champ:TornadoPunch","champ:RageSigil","champ:CalledShot+1","champ:RecklessLeap","champ:StanceDance","champ:FlashCut","champ:EnchantCrown+1","champ:PreciseThrust","champ:ShieldSigil","champ:FlashCut+1","champ:BladeFlurry+1","champ:EnchantCrown","champ:ArenaPreparation","Apotheosis+1","champ:SteelEdge","champ:GladiatorsShout","expansioncontent:GuardianWhirl","expansioncontent:CaCaw","champ:ViciousMockery","champ:GladiatorStyle","champ:Haymaker","champ:HeartStrike","champ:RapidStrikes+1"],"relics":["champ:ChampionCrown","Gambling Chip","Bottled Tornado","champ:SignatureFinisher","Cursed Key","downfall:HeartBlessingGreen","Letter Opener","Eternal Feather","Potion Belt","Membership Card","Busted Crown","Lantern","Art of War","HandDrill","downfall:HeartBlessingRed","downfall:HeartBlessingBlue","White Beast Statue","Incense Burner","StrikeDummy"],"acts_visited":["Exordium","TheCity","TheBeyond","TheEnding"],"potions_floor_usage":[55,55],"damage_taken":[{"damage":6.0,"enemies":"Cultist","floor":2.0,"turns":4.0},{"damage":5.0,"enemies":"Jaw Worm","floor":3.0,"turns":4.0},{"damage":8.0,"enemies":"2 Louse","floor":4.0,"turns":4.0},{"damage":7.0,"enemies":"2 Fungi Beasts","floor":5.0,"turns":4.0},{"damage":38.0,"enemies":"Exordium Wildlife","floor":6.0,"turns":6.0},{"damage":10.0,"enemies":"3 Louse","floor":8.0,"turns":4.0},{"damage":17.0,"enemies":"Gremlin Gang","floor":9.0,"turns":4.0},{"damage":0.0,"enemies":"Lagavulin","floor":10.0,"turns":7.0},{"damage":17.0,"enemies":"2 Fungi Beasts","floor":12.0,"turns":3.0},{"damage":9.0,"enemies":"Red Slaver","floor":13.0,"turns":4.0},{"damage":40.0,"enemies":"Gremlin Nob","floor":14.0,"turns":4.0},{"damage":0.0,"enemies":"3 Louse","floor":15.0,"turns":2.0},{"damage":50.0,"enemies":"downfall:Watcher","floor":16.0,"turns":9.0},{"damage":27.0,"enemies":"Chosen","floor":19.0,"turns":5.0},{"damage":25.0,"enemies":"Shell Parasite","floor":20.0,"turns":4.0},{"damage":28.0,"enemies":"Sentry and Sphere","floor":21.0,"turns":6.0},{"damage":30.0,"enemies":"downfall:FleeingMerchant","floor":22.0,"turns":4.0},{"damage":32.0,"enemies":"Snake Plant","floor":23.0,"turns":3.0},{"damage":24.0,"enemies":"downfall:LadyInBlue","floor":25.0,"turns":11.0},{"damage":30.0,"enemies":"Snecko","floor":26.0,"turns":2.0},{"damage":31.0,"enemies":"Cultist and Chosen","floor":27.0,"turns":3.0},{"damage":0.0,"enemies":"Book of Stabbing","floor":28.0,"turns":1.0},{"damage":25.0,"enemies":"downfall:FleeingMerchant","floor":31.0,"turns":4.0},{"damage":41.0,"enemies":"Shelled Parasite and Fungi","floor":32.0,"turns":3.0},{"damage":45.0,"enemies":"downfall:Defect","floor":33.0,"turns":7.0},{"damage":26.0,"enemies":"3 Shapes","floor":36.0,"turns":3.0},{"damage":63.0,"enemies":"3 Darklings","floor":38.0,"turns":4.0},{"damage":25.0,"enemies":"downfall:FleeingMerchant","floor":39.0,"turns":4.0},{"damage":25.0,"enemies":"Reptomancer","floor":40.0,"turns":6.0},{"damage":61.0,"enemies":"Transient","floor":42.0,"turns":5.0},{"damage":51.0,"enemies":"Maw","floor":44.0,"turns":6.0},{"damage":19.0,"enemies":"Writhing Mass","floor":46.0,"turns":3.0},{"damage":46.0,"enemies":"Nemesis","floor":47.0,"turns":5.0},{"damage":44,"enemies":"4 Shapes","floor":49,"turns":5},{"damage":36,"enemies":"downfall:Ironclad","floor":50,"turns":6},{"damage":39,"enemies":"downfall:CharBossMerchant","floor":52,"turns":7},{"damage":121,"enemies":"downfall:NeowBoss","floor":55,"turns":16}],"seed_played":"-31933804278763195","potions_obtained":[{"floor":6.0,"key":"champ:CounterPotion"},{"floor":8.0,"key":"Block Potion"},{"floor":9.0,"key":"LiquidMemories"},{"floor":10.0,"key":"Swift Potion"},{"floor":14.0,"key":"FearPotion"},{"floor":15.0,"key":"sneckomod:MuddlingPotion"},{"floor":19.0,"key":"SteroidPotion"},{"floor":21.0,"key":"GamblersBrew"},{"floor":23.0,"key":"champ:OpenerPotion"},{"floor":25.0,"key":"champ:TechniquePotion"},{"floor":25.0,"key":"CultistPotion"},{"floor":26.0,"key":"SmokeBomb"},{"floor":32.0,"key":"ColorlessPotion"},{"floor":36.0,"key":"Regen Potion"},{"floor":38.0,"key":"Fruit Juice"},{"floor":42.0,"key":"LiquidBronze"},{"floor":46.0,"key":"DistilledChaos"},{"floor":49,"key":"Weak Potion"},{"floor":52,"key":"champ:TechniquePotion"}],"is_trial":false,"path_per_floor":["R","M","M","M","M","M","T","M","M","E","R","M","M","E","M","B",null,"R","M","M","M","$","M","T","?","M","M","E","?","R","$","M","B",null,"R","M","?","M","$","E","T","M","?","M","R","M","E","?","M","B",null,"E","$","R","B",null],"character_chosen":"THE_CHAMP","items_purchased":["Letter Opener","Membership Card","Apotheosis","Lantern","champ:GladiatorStyle","Energy Potion","HandDrill","champ:Haymaker","champ:HeartStrike","StrikeDummy"],"campfire_rested":2,"item_purchase_floors":[22,31,31,39,39,39,43,43,43,53],"current_hp_per_floor":[90,89,89,86,79,46,46,41,34,34,63,56,52,37,37,16,78,78,66,61,53,53,41,41,32,32,31,31,13,57,57,46,27,81,99,88,83,67,67,62,62,52,52,42,73,64,63,63,44,28,93,79,79,100,77],"gold":33,"neow_bonus":"TEN_PERCENT_HP_BONUS","is_daily":false,"chose_seed":false,"campfire_upgraded":4,"win_rate":0.0,"timestamp":1608869270,"path_taken":["R","M","M","M","M","M","T","M","?","E","R","M","M","E","M","BOSS","R","M","M","M","$","?","T","?","M","?","E","?","R","?","M","BOSS","R","M","?","M","$","E","T","M","?","M","R","M","E","?","M","BOSS","E","$","R","BOSS"],"items_purchased_type":["Relic","Relic","Card","Relic","Card","Potion","Relic","Card","Card","Relic"],"build_version":"2020-12-22","purchased_purges":3,"victory":true,"max_hp_per_floor":[99,99,99,99,99,99,99,99,99,99,99,99,99,99,99,99,99,99,99,99,99,99,99,99,99,99,99,99,99,99,99,99,99,99,99,99,99,104,104,104,104,104,104,104,114,114,114,114,114,114,114,114,114,114,114],"card_choices":[{"not_picked":["champ:Circumvent","champ:PerfectedStrike"],"picked":"champ:DefensiveShout","floor":2.0},{"not_picked":["champ:Encircle","champ:DefensiveShout"],"picked":"champ:Lariat","floor":3.0},{"not_picked":["champ:BladeFlurry","champ:Haymaker","champ:FocusedGladiator"],"picked":"SKIP","floor":4.0},{"not_picked":["champ:EndlessRage","champ:PerfectedStrike"],"picked":"champ:GladiatorStyle","floor":5.0},{"not_picked":["champ:GladiatorsShout","champ:GladiatorStyle"],"picked":"champ:BringItOn","floor":6.0},{"not_picked":["champ:DefensiveShout","champ:MurderStrike"],"picked":"champ:DeathBlow","floor":8.0},{"not_picked":["champ:FightOn","champ:FocusedBerserking"],"picked":"champ:TornadoPunch","floor":9.0},{"not_picked":["champ:Riposte","champ:Haymaker"],"picked":"champ:RageSigil","floor":10.0},{"not_picked":["champ:Riposte","champ:HeartStrike"],"picked":"champ:CalledShot","floor":12.0},{"not_picked":["champ:Backstep","champ:Control"],"picked":"champ:RecklessLeap","floor":13.0},{"not_picked":["champ:RageSigil","champ:Backstep"],"picked":"champ:StanceDance","floor":14.0},{"not_picked":["champ:FocusedDefense","champ:BerserkersShout"],"picked":"champ:FlashCut","floor":15.0},{"not_picked":["champ:LastStand","champ:EnchantShield"],"picked":"champ:EnchantCrown","floor":16.0},{"not_picked":["champ:PerfectedStrike+1","champ:FanOfKnives","champ:EnragedBash"],"picked":"SKIP","floor":19.0},{"not_picked":["champ:TornadoPunch+1","champ:SkillfulDodge"],"picked":"champ:PreciseThrust","floor":20.0},{"not_picked":["champ:TornadoPunch","champ:RageSigil","champ:EnragedBash"],"picked":"SKIP","floor":21.0},{"not_picked":["champ:StanceDance","champ:BladeFlurry"],"picked":"champ:ShieldSigil","floor":22.0},{"not_picked":["champ:Encircle","champ:PerfectedStrike+1"],"picked":"champ:FlashCut+1","floor":23.0},{"not_picked":["champ:TornadoPunch","champ:Aggression"],"picked":"champ:BladeFlurry+1","floor":25.0},{"not_picked":["champ:GutPunch","champ:EndlessRage","champ:CrookedStrike"],"picked":"SKIP","floor":26.0},{"not_picked":["champ:BerserkersShout","champ:HeartStrike"],"picked":"champ:EnchantCrown","floor":27.0},{"not_picked":["champ:FanOfKnives","champ:EnGarde+1"],"picked":"champ:ArenaPreparation","floor":31.0},{"not_picked":["champ:DefensiveStyle+1","champ:CrookedStrike","champ:FlashCut"],"picked":"SKIP","floor":32.0},{"not_picked":["champ:ShieldThrow","champ:EnchantCrown"],"picked":"champ:SteelEdge","floor":33.0},{"not_picked":["champ:GladiatorsShout"],"picked":"SKIP","floor":36.0},{"not_picked":[],"picked":"champ:GladiatorsShout","floor":36.0},{"not_picked":[],"picked":"expansioncontent:GuardianWhirl","floor":37.0},{"not_picked":[],"picked":"expansioncontent:CaCaw","floor":37.0},{"not_picked":["champ:FanOfKnives+1"],"picked":"SKIP","floor":38.0},{"not_picked":[],"picked":"champ:ViciousMockery","floor":39.0},{"not_picked":["champ:FocusedDefense+1"],"picked":"SKIP","floor":40.0},{"not_picked":["champ:DefensiveStyle"],"picked":"SKIP","floor":42.0},{"not_picked":["champ:RageSigil"],"picked":"SKIP","floor":44.0},{"not_picked":[],"picked":"champ:RapidStrikes+1","floor":46.0},{"not_picked":["champ:StrikeOfGenius"],"picked":"SKIP","floor":47.0},{"not_picked":["champ:Backstep+1"],"picked":"SKIP","floor":49},{"not_picked":["champ:Backstep+1"],"picked":"SKIP","floor":49},{"not_picked":["champ:CrookedStrike+1"],"picked":"SKIP","floor":52}],"player_experience":1241087,"relics_obtained":[{"floor":7.0,"key":"Gambling Chip"},{"floor":10.0,"key":"Bottled Tornado"},{"floor":14.0,"key":"champ:SignatureFinisher"},{"floor":24.0,"key":"Eternal Feather"},{"floor":25.0,"key":"Potion Belt"},{"floor":40.0,"key":"Art of War"},{"floor":47.0,"key":"White Beast Statue"},{"floor":52,"key":"Incense Burner"}],"event_choices":[{"damage_healed":0.0,"max_hp_gain":0.0,"max_hp_loss":0.0,"gold_gain":0.0,"event_name":"Mysterious Sphere","player_choice":"Ignored","floor":48.0,"gold_loss":0.0,"damage_taken":0.0}],"is_beta":false,"boss_relics":[{"not_picked":["Runic Dome","SlaversCollar"],"picked":"Cursed Key"},{"not_picked":["Pandora\u0027s Box","Empty Cage"],"picked":"Busted Crown"}],"items_purged_floors":[22,39,43],"is_endless":false,"potions_floor_spawned":[6,8,9,10,14,15,19,21,23,26,32,36,38,42,46,49,52],"ascension_level":7}}