{"host":"6xsbn6ynqlzwllfm","time":1608911725,"event":{"mods":["2.2 Compatiblity","BaseMod","Bestiary","Colored Map","Colored Powertips","Curses Come First","Downfall","Highlight Path","Keyboard Shortcuts","Minty Spire (QoL Compilation)","Quick Restart","Relic Stats","Slay the Relics Exporter","StSLib","SuperFastMode"],"gold_per_floor":[112,125,125,138,138,171,171,19,45,45,88,8,8,33,33,132,132,147,147,47,72,93,93,137,137,137,137,150,170,170,170,170,170,170],"floor_reached":33,"playtime":1111,"items_purged":["Strike_G","Strike_G"],"score":532,"play_id":"fa1525a3-8a16-40e4-bab2-6d5de276fd02","local_time":"20201225105525","is_ascension_mode":true,"campfire_choices":[{"floor":7.0,"key":"REST"},{"data":"Noxious Fumes","floor":10.0,"key":"SMITH"},{"data":"Terror","floor":13.0,"key":"SMITH"},{"data":"Blur","floor":15.0,"key":"SMITH"},{"data":"Leg Sweep","floor":23.0,"key":"SMITH"},{"floor":27,"key":"REST"},{"floor":30,"key":"REST"},{"data":"Neutralize","floor":32,"key":"SMITH"}],"circlet_count":0,"master_deck":["AscendersBane","Strike_G+1","Strike_G+1","Defend_G+1","Defend_G+1","Defend_G+1","Defend_G+1","Defend_G+1","Survivor","Neutralize+1","CurseOfTheBell","Blur+1","Slice","Blade Dance","Leg Sweep+1","Noxious Fumes+1","Terror+1","Dash","Die Die Die","Slice+1","PiercingWail","Blur","Blade Dance"],"relics":["Calling Bell","Potion Belt","Mercury Hourglass","Turnip","Golden Idol","Bag of Marbles","PreservedInsect","Juzu Bracelet","Runic Pyramid","Bronze Scales","Shuriken"],"acts_visited":["Exordium","TheCity"],"potions_floor_usage":[24,33,33],"damage_taken":[{"damage":0.0,"enemies":"2 Louse","floor":1.0,"turns":2.0},{"damage":0.0,"enemies":"Cultist","floor":2.0,"turns":4.0},{"damage":0.0,"enemies":"Small Slimes","floor":4.0,"turns":3.0},{"damage":44.0,"enemies":"Gremlin Nob","floor":6.0,"turns":5.0},{"damage":12.0,"enemies":"3 Sentries","floor":11.0,"turns":7.0},{"damage":0.0,"enemies":"Red Slaver","floor":14.0,"turns":4.0},{"damage":17.0,"enemies":"Slime Boss","floor":16.0,"turns":10.0},{"damage":1.0,"enemies":"Spheric Guardian","floor":18.0,"turns":6.0},{"damage":9.0,"enemies":"3 Byrds","floor":21.0,"turns":4.0},{"damage":1.0,"enemies":"Snecko","floor":22.0,"turns":6.0},{"damage":17,"enemies":"Slavers","floor":24,"turns":5},{"damage":6,"enemies":"3 Cultists","floor":28,"turns":5},{"damage":5,"enemies":"Centurion and Healer","floor":29,"turns":5},{"damage":42,"enemies":"Collector","floor":33,"turns":8}],"seed_played":"-5873481796665891857","potions_obtained":[{"floor":2.0,"key":"LiquidBronze"},{"floor":4.0,"key":"Explosive Potion"},{"floor":6.0,"key":"Block Potion"},{"floor":14.0,"key":"PowerPotion"},{"floor":22.0,"key":"Ancient Potion"},{"floor":24,"key":"SneckoOil"},{"floor":28,"key":"SneckoOil"}],"is_trial":false,"path_per_floor":["M","M","?","M","?","E","R","$","T","R","E","$","R","M","R","B",null,"M","?","$","M","M","R","E","?","T","R","M","M","R","?","R","B"],"character_chosen":"THE_SILENT","items_purchased":["Noxious Fumes","Dash"],"campfire_rested":3,"item_purchase_floors":[8,12],"current_hp_per_floor":[59,59,59,59,59,15,33,33,33,33,21,21,21,21,21,4,46,45,45,45,36,35,35,18,12,12,30,24,19,37,37,37,0,0],"gold":170,"neow_bonus":"BOSS_RELIC","is_daily":false,"chose_seed":false,"campfire_upgraded":5,"win_rate":0.0,"timestamp":1608911725,"path_taken":["M","M","?","M","?","E","R","$","T","R","E","$","R","M","R","BOSS","M","?","$","M","M","R","E","?","T","R","M","M","R","?","R","BOSS"],"items_purchased_type":["Card","Card"],"build_version":"2020-12-22","purchased_purges":2,"victory":false,"max_hp_per_floor":[66,66,60,60,60,60,60,60,60,60,60,60,60,60,60,60,60,60,60,60,60,60,60,60,60,60,60,60,60,60,60,60,60,60],"relic_stats":{"counters":[14,71],"Golden Idol":72,"Shuriken":[10],"Bronze Scales":[63],"Turnip":[15],"PreservedInsect":75,"Juzu Bracelet":2,"obtain_stats":[{"Calling Bell":0,"Potion Belt":0,"Golden Idol":3,"Shuriken":26,"Bronze Scales":24,"Turnip":0,"PreservedInsect":9,"Bag of Marbles":6,"Juzu Bracelet":11,"Ring of the Snake":0,"Mercury Hourglass":0,"Runic Pyramid":17},{"Calling Bell":0,"Potion Belt":0,"Golden Idol":2,"Shuriken":11,"Bronze Scales":11,"Turnip":0,"PreservedInsect":4,"Bag of Marbles":4,"Juzu Bracelet":5,"Ring of the Snake":0,"Mercury Hourglass":0,"Runic Pyramid":7},{"Calling Bell":0,"Potion Belt":0,"Golden Idol":6,"Shuriken":53,"Bronze Scales":53,"Turnip":0,"PreservedInsect":14,"Bag of Marbles":14,"Juzu Bracelet":20,"Ring of the Snake":0,"Mercury Hourglass":0,"Runic Pyramid":33}],"Mercury Hourglass":[344]},"card_choices":[{"not_picked":["Outmaneuver","Cloak And Dagger"],"picked":"Blur","floor":1.0},{"not_picked":["Prepared","Flechettes"],"picked":"Slice","floor":2.0},{"not_picked":["Dagger Throw","Crippling Poison"],"picked":"Blade Dance","floor":4.0},{"not_picked":["Deflect","Terror"],"picked":"Leg Sweep","floor":6.0},{"not_picked":["Calculated Gamble","Expertise"],"picked":"Terror","floor":11.0},{"not_picked":["Endless Agony","Infinite Blades","Choke"],"picked":"SKIP","floor":14.0},{"not_picked":["Venomology","A Thousand Cuts"],"picked":"Die Die Die","floor":16.0},{"not_picked":["Dagger Spray","Dash"],"picked":"Slice+1","floor":18.0},{"not_picked":["Bane","Slice","Escape Plan"],"picked":"SKIP","floor":21.0},{"not_picked":["Prepared","Predator"],"picked":"PiercingWail","floor":22.0},{"not_picked":["Quick Slash","Doppelganger"],"picked":"Blur","floor":24},{"not_picked":["Underhanded Strike","Dagger Throw"],"picked":"Blade Dance","floor":28},{"not_picked":["Underhanded Strike","Setup","Dagger Throw"],"picked":"SKIP","floor":29}],"player_experience":1250548,"relics_obtained":[{"floor":0.0,"key":"Potion Belt"},{"floor":0.0,"key":"Mercury Hourglass"},{"floor":0.0,"key":"Turnip"},{"floor":6.0,"key":"Bag of Marbles"},{"floor":9.0,"key":"PreservedInsect"},{"floor":11.0,"key":"Juzu Bracelet"},{"floor":24,"key":"Bronze Scales"},{"floor":26,"key":"Shuriken"}],"event_choices":[{"damage_healed":0.0,"max_hp_gain":0.0,"max_hp_loss":6.0,"gold_gain":0.0,"event_name":"Golden Idol","player_choice":"Lose Max HP","floor":3.0,"gold_loss":0.0,"damage_taken":0.0,"relics_obtained":["Golden Idol"]},{"cards_removed":["Strike_G"],"damage_healed":0.0,"max_hp_gain":0.0,"max_hp_loss":0.0,"gold_gain":0.0,"event_name":"Bonfire Elementals","player_choice":"Offered Basic","floor":5.0,"gold_loss":0.0,"damage_taken":0.0},{"damage_healed":0.0,"max_hp_gain":0.0,"max_hp_loss":0.0,"gold_gain":0.0,"event_name":"Vampires","player_choice":"Ignored","floor":19.0,"gold_loss":0.0,"damage_taken":0.0},{"damage_healed":0,"gold_gain":0,"player_choice":"","damage_taken":6,"max_hp_gain":0,"max_hp_loss":0,"event_name":"Knowing Skull","floor":25,"potions_obtained":[],"gold_loss":0,"cards_obtained":[]},{"damage_healed":0,"gold_gain":0,"player_choice":"Simplicity","damage_taken":0,"max_hp_gain":0,"max_hp_loss":0,"event_name":"Back to Basics","floor":31,"gold_loss":0,"cards_upgraded":["Strike_G","Strike_G","Defend_G","Defend_G","Defend_G","Defend_G","Defend_G"]}],"is_beta":false,"boss_relics":[{"not_picked":["Fusion Hammer","Pandora\u0027s Box"],"picked":"Runic Pyramid"}],"items_purged_floors":[8,20],"is_endless":false,"potions_floor_spawned":[2,4,6,14,22,24,28],"killed_by":"Collector","ascension_level":19}}