{"host":"Kdaddybrian","time":1608879562,"event":{"mods":["AchievementEnabler","BaseMod","Bestiary","Colored Powertips","Minty Spire (QoL Compilation)","Potion Indicator Mod","Quick Restart","Rare Cards Sparkle","Relic Stats","StSLib","Uncapped"],"gold_per_floor":[114,134,134,144,163,163,194,194,276,451,451,462,496,550,550,652,652,672,687,705,705,4,4,32,32,114,114,129,29,46,46,46,147,147,162,181,31,81,91,120,120,138,185,185,215,215,123,134,134,134,134,134,17,45,45],"floor_reached":56,"playtime":2978,"items_purged":["Doubt","Strike_G"],"score":1803,"play_id":"3b95f040-94a2-4a4c-a1cf-88630035fbbf","local_time":"20201225015922","is_ascension_mode":true,"campfire_choices":[{"data":"Dagger Spray","floor":6,"key":"SMITH"},{"data":"Adrenaline","floor":8,"key":"SMITH"},{"data":"Blade Dance","floor":11,"key":"SMITH"},{"data":"Blade Dance","floor":15,"key":"SMITH"},{"floor":23,"key":"REST"},{"floor":27,"key":"REST"},{"floor":32,"key":"REST"},{"floor":41,"key":"RECALL"},{"data":"Terror","floor":44,"key":"SMITH"},{"data":"Bullet Time","floor":46,"key":"SMITH"},{"data":"Corpse Explosion","floor":49,"key":"SMITH"},{"data":"Crippling Poison","floor":52,"key":"SMITH"}],"circlet_count":0,"master_deck":["AscendersBane","Strike_G+1","Strike_G+1","Strike_G+1","Strike_G+1","Defend_G+1","Defend_G+1","Defend_G+1","Defend_G+1","Defend_G+1","Survivor","Neutralize+1","Quick Slash","Dagger Throw","Dagger Spray+1","Blade Dance+1","Adrenaline+1","Blade Dance+1","Cloak And Dagger","Corpse Explosion+1","Terror+1","Leg Sweep+1","Escape Plan","Footwork+1","Master of Strategy","Finisher","Dash","Corpse Explosion","PiercingWail","Bullet Time+1","Leg Sweep","Noxious Fumes+1","PiercingWail","Acrobatics","Deflect","Caltrops+1","Storm of Steel","Crippling Poison+1","After Image+1","Dodge and Roll","Noxious Fumes+1"],"relics":["Ring of the Snake","PreservedInsect","Ginger","Frozen Egg 2","Boot","Orichalcum","Runic Pyramid","Enchiridion","Bronze Scales","HandDrill","Pen Nib","Snake Skull","Ornamental Fan","Coffee Dripper","FossilizedHelix","Akabeko","Unceasing Top","Gremlin Horn","Bag of Marbles"],"acts_visited":["Exordium","TheCity","TheBeyond","TheEnding"],"potions_floor_usage":[16,16,20,24,33,39,39,55,55],"damage_taken":[{"damage":0,"enemies":"2 Louse","floor":1,"turns":3},{"damage":0,"enemies":"Cultist","floor":2,"turns":4},{"damage":2,"enemies":"Small Slimes","floor":4,"turns":3},{"damage":1,"enemies":"Blue Slaver","floor":5,"turns":4},{"damage":26,"enemies":"Lagavulin","floor":7,"turns":6},{"damage":0,"enemies":"Exordium Thugs","floor":12,"turns":2},{"damage":0,"enemies":"Gremlin Nob","floor":13,"turns":2},{"damage":30,"enemies":"Hexaghost","floor":16,"turns":10},{"damage":22,"enemies":"Spheric Guardian","floor":18,"turns":5},{"damage":7,"enemies":"Shell Parasite","floor":19,"turns":5},{"damage":0,"enemies":"Snake Plant","floor":20,"turns":4},{"damage":2,"enemies":"Book of Stabbing","floor":24,"turns":3},{"damage":0,"enemies":"Centurion and Healer","floor":28,"turns":4},{"damage":0,"enemies":"Chosen and Byrds","floor":30,"turns":3},{"damage":37,"enemies":"Champ","floor":33,"turns":9},{"damage":0,"enemies":"3 Shapes","floor":35,"turns":3},{"damage":0,"enemies":"3 Darklings","floor":36,"turns":4},{"damage":0,"enemies":"Mind Bloom Boss Battle","floor":38,"turns":6},{"damage":23,"enemies":"Transient","floor":39,"turns":5},{"damage":7,"enemies":"Giant Head","floor":40,"turns":7},{"damage":0,"enemies":"Writhing Mass","floor":42,"turns":4},{"damage":0,"enemies":"Nemesis","floor":45,"turns":7},{"damage":0,"enemies":"Sphere and 2 Shapes","floor":48,"turns":2},{"damage":2,"enemies":"Donu and Deca","floor":50,"turns":7},{"damage":17,"enemies":"Shield and Spear","floor":54,"turns":4},{"damage":21,"enemies":"The Heart","floor":55,"turns":8}],"seed_played":"3108885583783674573","potions_obtained":[{"floor":4,"key":"Explosive Potion"},{"floor":7,"key":"Swift Potion"},{"floor":13,"key":"DistilledChaos"},{"floor":16,"key":"PowerPotion"},{"floor":18,"key":"Fire Potion"},{"floor":20,"key":"PowerPotion"},{"floor":24,"key":"Swift Potion"},{"floor":36,"key":"Poison Potion"},{"floor":45,"key":"PowerPotion"},{"floor":54,"key":"EssenceOfSteel"}],"is_trial":false,"path_per_floor":["M","M","?","M","M","R","E","R","T","?","R","M","E","T","R","B",null,"M","M","M","?","$","R","E","T","T","R","M","$","M","?","R","B",null,"M","M","$","?","M","E","R","M","T","R","E","R","?","M","R","B",null,"R","$","E","B",null],"character_chosen":"THE_SILENT","items_purchased":["Footwork+1","Bronze Scales","Master of Strategy","Finisher","HandDrill","FairyPotion","PiercingWail","After Image+1","Dodge and Roll"],"campfire_rested":3,"item_purchase_floors":[22,22,22,22,22,37,37,53,53],"current_hp_per_floor":[63,63,63,61,60,60,34,34,34,34,34,34,34,34,34,4,54,32,25,25,9,9,30,28,28,28,49,49,49,49,49,70,33,61,61,61,61,61,38,31,31,31,31,31,31,31,31,31,31,29,60,60,60,43,22],"gold":45,"neow_bonus":"RANDOM_COMMON_RELIC","is_daily":false,"chose_seed":false,"campfire_upgraded":8,"win_rate":0.0,"timestamp":1608879562,"path_taken":["M","M","?","M","?","R","E","R","T","?","R","M","E","?","R","BOSS","M","M","M","?","$","R","E","?","T","R","M","$","M","?","R","BOSS","M","M","$","?","M","E","R","M","T","R","E","R","?","M","R","BOSS","R","$","E","BOSS"],"items_purchased_type":["Card","Relic","Card","Card","Relic","Potion","Card","Card","Card"],"build_version":"2020-12-18","purchased_purges":2,"victory":true,"max_hp_per_floor":[70,70,70,70,70,70,70,70,70,70,70,70,70,70,70,70,70,70,70,70,70,70,70,70,70,70,70,70,70,70,70,70,70,70,70,70,70,70,70,70,70,70,70,70,70,70,70,70,70,70,70,70,70,70,70],"relic_stats":{"Gremlin Horn":[0,2],"counters":[26,124],"PreservedInsect":363,"Pen Nib":[21],"Snake Skull":[100],"Ginger":[15],"Orichalcum":[72],"Boot":[163],"Ornamental Fan":[196],"Bronze Scales":[293],"HandDrill":[36],"obtain_stats":[{"Gremlin Horn":47,"Enchiridion":21,"PreservedInsect":0,"Pen Nib":24,"Snake Skull":25,"Ginger":7,"Frozen Egg 2":9,"Orichalcum":14,"Boot":13,"Akabeko":40,"Ornamental Fan":26,"Bronze Scales":22,"HandDrill":22,"Coffee Dripper":34,"Bag of Marbles":54,"FossilizedHelix":38,"Unceasing Top":45,"Ring of the Snake":0,"Runic Pyramid":17},{"Gremlin Horn":22,"Enchiridion":11,"PreservedInsect":0,"Pen Nib":12,"Snake Skull":12,"Ginger":5,"Frozen Egg 2":5,"Orichalcum":7,"Boot":7,"Akabeko":20,"Ornamental Fan":12,"Bronze Scales":11,"HandDrill":11,"Coffee Dripper":15,"Bag of Marbles":25,"FossilizedHelix":18,"Unceasing Top":22,"Ring of the Snake":0,"Runic Pyramid":8},{"Gremlin Horn":103,"Enchiridion":48,"PreservedInsect":0,"Pen Nib":51,"Snake Skull":51,"Ginger":20,"Frozen Egg 2":20,"Orichalcum":24,"Boot":24,"Akabeko":92,"Ornamental Fan":51,"Bronze Scales":48,"HandDrill":48,"Coffee Dripper":67,"Bag of Marbles":116,"FossilizedHelix":80,"Unceasing Top":103,"Ring of the Snake":0,"Runic Pyramid":34}],"Unceasing Top":[2],"Ring of the Snake":[52]},"card_choices":[{"not_picked":["Dodge and Roll","Reflex"],"picked":"Quick Slash","floor":1},{"not_picked":["Riddle With Holes","Choke"],"picked":"Dagger Throw","floor":2},{"not_picked":["Endless Agony","Blur"],"picked":"Dagger Spray","floor":4},{"not_picked":["PiercingWail","Slice"],"picked":"Blade Dance","floor":5},{"not_picked":["Riddle With Holes","Expertise"],"picked":"Adrenaline","floor":7},{"not_picked":["Dodge and Roll","Dagger Throw"],"picked":"Blade Dance","floor":12},{"not_picked":["Deadly Poison","Sucker Punch"],"picked":"Cloak And Dagger","floor":13},{"not_picked":["Die Die Die","Phantasmal Killer"],"picked":"Corpse Explosion","floor":16},{"not_picked":["Sucker Punch","Heel Hook"],"picked":"Terror","floor":18},{"not_picked":["Flying Knee","Dagger Throw"],"picked":"Leg Sweep+1","floor":19},{"not_picked":["Riddle With Holes","Sucker Punch"],"picked":"Escape Plan","floor":20},{"not_picked":["Flying Knee","Dagger Spray"],"picked":"Dash","floor":24},{"not_picked":["Slice","Outmaneuver+1"],"picked":"Corpse Explosion","floor":28},{"not_picked":["Prepared","Underhanded Strike"],"picked":"PiercingWail","floor":30},{"not_picked":["Grand Finale","Doppelganger"],"picked":"Bullet Time","floor":33},{"not_picked":["Underhanded Strike","Sucker Punch+1"],"picked":"Leg Sweep","floor":35},{"not_picked":["Choke","Flechettes"],"picked":"Noxious Fumes+1","floor":36},{"not_picked":["Deadly Poison+1","Underhanded Strike+1"],"picked":"Acrobatics","floor":38},{"not_picked":["Deadly Poison","Blade Dance"],"picked":"Deflect","floor":39},{"not_picked":["PiercingWail","Underhanded Strike+1"],"picked":"Caltrops+1","floor":40},{"not_picked":["Prepared","Eviscerate+1","Dagger Spray+1"],"picked":"SKIP","floor":42},{"not_picked":["Predator+1","Sucker Punch"],"picked":"Storm of Steel","floor":45},{"not_picked":["Slice+1","Eviscerate+1"],"picked":"Crippling Poison","floor":48},{"not_picked":["Choke","Sucker Punch+1"],"picked":"Noxious Fumes+1","floor":54}],"player_experience":2911602,"relics_obtained":[{"floor":7,"key":"Ginger"},{"floor":9,"key":"Frozen Egg 2"},{"floor":13,"key":"Boot"},{"floor":14,"key":"Orichalcum"},{"floor":21,"key":"Enchiridion"},{"floor":24,"key":"Pen Nib"},{"floor":25,"key":"Snake Skull"},{"floor":26,"key":"Ornamental Fan"},{"floor":38,"key":"FossilizedHelix"},{"floor":40,"key":"Akabeko"},{"floor":45,"key":"Unceasing Top"},{"floor":54,"key":"Bag of Marbles"}],"event_choices":[{"damage_healed":0,"gold_gain":0,"player_choice":"Upgraded","damage_taken":0,"max_hp_gain":0,"max_hp_loss":0,"event_name":"Upgrade Shrine","floor":3,"gold_loss":0,"cards_upgraded":["Neutralize"]},{"damage_healed":0,"gold_gain":175,"player_choice":"AGREE","damage_taken":0,"max_hp_gain":0,"max_hp_loss":0,"event_name":"Liars Game","floor":10,"gold_loss":0,"cards_obtained":["Doubt"]},{"damage_healed":0,"gold_gain":0,"player_choice":"Obtained Book","damage_taken":16,"max_hp_gain":0,"max_hp_loss":0,"event_name":"Cursed Tome","floor":21,"gold_loss":0},{"damage_healed":0,"gold_gain":0,"player_choice":"Simplicity","damage_taken":0,"max_hp_gain":0,"max_hp_loss":0,"event_name":"Back to Basics","floor":31,"gold_loss":0,"cards_upgraded":["Strike_G","Strike_G","Strike_G","Strike_G","Defend_G","Defend_G","Defend_G","Defend_G","Defend_G"]},{"damage_healed":0,"gold_gain":0,"player_choice":"Fight","damage_taken":0,"max_hp_gain":0,"max_hp_loss":0,"event_name":"MindBloom","floor":38,"gold_loss":0},{"damage_healed":0,"gold_gain":0,"player_choice":"Paid Gold","damage_taken":0,"relics_obtained":["Gremlin Horn"],"max_hp_gain":0,"max_hp_loss":0,"event_name":"WeMeetAgain","floor":47,"gold_loss":92}],"is_beta":true,"boss_relics":[{"not_picked":["WristBlade","Ectoplasm"],"picked":"Runic Pyramid"},{"not_picked":["Tiny House","Empty Cage"],"picked":"Coffee Dripper"}],"items_purged_floors":[22,29],"is_endless":false,"potions_floor_spawned":[4,7,13,16,18,20,24,36,38,45,54],"ascension_level":10}}