{"host":"gx04ak8ofzo346nl","time":1608875978,"event":{"mods":["Bard","BaseMod","Colored Map","Conspire","Googly Eyes","Highlight Path","Minty Spire (QoL Compilation)","Replay The Spire","StSLib","The Servant 0.9.4"],"gold_per_floor":[122,149,173,202,229,241,253,296,308,320,357,379,391,438,450,561,573,605,627,649,661,673,673],"floor_reached":22,"playtime":1382,"items_purged":[],"score":271,"play_id":"c275793c-dd03-49f6-abfc-f8b00f59ff00","local_time":"20201224215938","is_ascension_mode":true,"campfire_choices":[{"data":"SurpressingFire","floor":6,"key":"SMITH"},{"data":"SurpressingFire","floor":10,"key":"SMITH"},{"data":"KidneyShot","floor":15,"key":"SMITH"}],"circlet_count":0,"master_deck":["Strike_S","Strike_S","Defend_S","Defend_S","Defend_S","Defend_S","KidneyShot+1","Exchange","SurpressingFire+1","Rearm","SurpressingFire+1","FanOfKnives","Starlight","Reset","Ricochet","SilverBlades","KillingDoll","Starlight","Rearm+1"],"relics":["Uniform","MawBank","Meat on the Bone","Boot","conspire:InfiniteJournal","conspire:RoyalGoblet"],"acts_visited":["Exordium","TheCity"],"potions_floor_usage":[8,11,14,16,16,16,20],"damage_taken":[{"damage":0,"enemies":"Small Slimes","floor":1,"turns":5},{"damage":0,"enemies":"2 Louse","floor":2,"turns":3},{"damage":0,"enemies":"Cultist","floor":3,"turns":4},{"damage":3,"enemies":"Blue Slaver","floor":4,"turns":6},{"damage":7,"enemies":"3 Louse","floor":5,"turns":4},{"damage":8,"enemies":"Lagavulin","floor":8,"turns":10},{"damage":4,"enemies":"Gremlin Nob","floor":11,"turns":5},{"damage":0,"enemies":"2 Fungi Beasts","floor":12,"turns":2},{"damage":3,"enemies":"Lagavulin","floor":14,"turns":8},{"damage":0,"enemies":"Slime Boss","floor":16,"turns":7},{"damage":17,"enemies":"Spheric Guardian","floor":18,"turns":5},{"damage":2,"enemies":"3 Byrds","floor":19,"turns":3},{"damage":18,"enemies":"3 Cultists","floor":20,"turns":5},{"damage":44,"enemies":"Masked Bandits","floor":22,"turns":3}],"seed_played":"-4850872896522668907","potions_obtained":[{"floor":1,"key":"Strength Potion"},{"floor":3,"key":"BlessingOfTheForge"},{"floor":5,"key":"Fire Potion"},{"floor":11,"key":"Dexterity Potion"},{"floor":12,"key":"Adrenaline Potion"},{"floor":14,"key":"Toxic Potion"},{"floor":19,"key":"PowerPotion"}],"is_trial":false,"path_per_floor":["M","M","M","M","M","R","?","E","T","R","E","M","$","E","R","B",null,"M","M","M","?","?"],"character_chosen":"THE_SERVANT","items_purchased":[],"campfire_rested":0,"item_purchase_floors":[],"current_hp_per_floor":[65,65,65,62,55,55,48,40,40,40,36,36,36,33,33,33,65,48,46,40,40,0,0],"gold":673,"neow_bonus":"RANDOM_COMMON_RELIC","is_daily":false,"chose_seed":false,"campfire_upgraded":3,"win_rate":0.0,"timestamp":1608875978,"path_taken":["M","M","M","M","M","R","?","E","T","R","E","M","$","E","R","BOSS","M","M","M","?","?"],"items_purchased_type":[],"build_version":"2020-12-22","purchased_purges":0,"victory":false,"max_hp_per_floor":[65,65,65,65,65,65,65,65,65,65,65,65,65,65,65,65,65,65,65,65,65,65,65],"card_choices":[{"not_picked":["DoubleEdge","ReturningBlade"],"picked":"SurpressingFire","floor":1},{"not_picked":["FastForward","TimeWarp"],"picked":"Rearm","floor":2},{"not_picked":["WasteNot","BottledTime"],"picked":"SurpressingFire","floor":3},{"not_picked":["Manipulate","Starlight"],"picked":"FanOfKnives","floor":4},{"not_picked":["BestPractice","Comet"],"picked":"Starlight","floor":5},{"not_picked":["Moondial","Deny"],"picked":"Reset","floor":8},{"not_picked":["Collapse","BottledTime"],"picked":"Ricochet","floor":11},{"not_picked":["Spin","InstantArmor"],"picked":"SilverBlades","floor":12},{"not_picked":["Spin","ShatteredReality","Defy"],"picked":"SKIP","floor":14},{"not_picked":["FlawlessForm","Deny"],"picked":"KillingDoll","floor":16},{"not_picked":["ShatteredReality","Unruled"],"picked":"Starlight","floor":18},{"not_picked":["Comet","Contraction+1"],"picked":"Rearm+1","floor":19},{"not_picked":["Read","Foresight","Luminosity+1"],"picked":"SKIP","floor":20}],"player_experience":188489,"relics_obtained":[{"floor":8,"key":"Meat on the Bone"},{"floor":11,"key":"Boot"},{"floor":14,"key":"conspire:InfiniteJournal"}],"event_choices":[{"cards_removed":["Strike_S"],"damage_healed":0,"gold_gain":0,"player_choice":"Card Removal","damage_taken":7,"max_hp_gain":0,"max_hp_loss":0,"event_name":"Golden Wing","floor":7,"gold_loss":0},{"cards_removed":["Strike_S"],"damage_healed":0,"gold_gain":0,"player_choice":"Elegance","damage_taken":0,"max_hp_gain":0,"max_hp_loss":0,"event_name":"Back to Basics","floor":21,"gold_loss":0},{"damage_healed":0,"gold_gain":0,"player_choice":"Fought Bandits","damage_taken":0,"max_hp_gain":0,"max_hp_loss":0,"event_name":"Masked Bandits","floor":22,"gold_loss":0}],"is_beta":false,"boss_relics":[{"not_picked":["Tiny House","SacredBark"],"picked":"conspire:RoyalGoblet"}],"items_purged_floors":[],"is_endless":false,"potions_floor_spawned":[1,3,5,11,12,14,19],"killed_by":"Masked Bandits","ascension_level":1}}