{"host":"lmshf3swj20gmdor","time":1608930155,"event":{"mods":["Aspiration","BaseMod","Conspire","Downfall","Hubris","Mad Scientist","Minty Spire (QoL Compilation)","Replay The Spire","Spikes Relics","StSLib","Synergy Search","The Construct"],"gold_per_floor":[119,119,119,50,65,403,403,439,439,465,465,465],"floor_reached":11,"playtime":375,"items_purged":[],"score":113,"play_id":"aec4cc6d-b8dc-4ac7-9f54-df1a4d0a2d4b","local_time":"20201225210235","is_ascension_mode":true,"campfire_choices":[{"data":"Genetic Algorithm","floor":7,"key":"SMITH"}],"circlet_count":0,"master_deck":["Strike_B","Strike_B","Strike_B","Strike_B","Defend_B","Defend_B","Defend_B+1","Defend_B","Zap","Dualcast","Static Discharge","Pain","Glacier","Genetic Algorithm+1","Tempest"],"relics":["Cracked Core","Golden Idol","WarpedTongs","Old Coin","Replay:Bandana","Regal Pillow"],"acts_visited":["Exordium"],"potions_floor_usage":[10,11],"damage_taken":[{"damage":3,"enemies":"2 Louse","floor":1,"turns":3},{"damage":4,"enemies":"Small Slimes","floor":5,"turns":3},{"damage":35,"enemies":"3 Sentries","floor":6,"turns":12},{"damage":17,"enemies":"Lagavulin","floor":8,"turns":10},{"damage":3,"enemies":"Cultist","floor":10,"turns":3},{"damage":8,"enemies":"3 Sentries","floor":11,"turns":6}],"seed_played":"-4299831024363326007","potions_obtained":[{"floor":6,"key":"Elixir"},{"floor":8,"key":"FearPotion"}],"is_trial":false,"path_per_floor":["M","?","?","$","M","E","R","E","T","M","E"],"character_chosen":"DEFECT","items_purchased":["Glacier"],"campfire_rested":0,"item_purchase_floors":[4],"current_hp_per_floor":[65,65,65,65,61,26,26,9,9,6,0,0],"gold":465,"neow_bonus":"RANDOM_EVENT","is_daily":false,"chose_seed":false,"campfire_upgraded":1,"win_rate":0.0,"timestamp":1608930155,"path_taken":["M","?","?","$","?","E","R","E","T","M","E"],"items_purchased_type":["Card"],"build_version":"2020-12-22","purchased_purges":0,"victory":false,"max_hp_per_floor":[75,69,69,69,69,69,69,69,69,69,69,69],"card_choices":[{"not_picked":["Go for the Eyes","Fusion"],"picked":"Static Discharge","floor":1},{"not_picked":["Fusion","White Noise"],"picked":"Genetic Algorithm","floor":5},{"not_picked":["Sweeping Beam","ReplayTheSpireMod:GoodbyeWorld","Double Energy"],"picked":"SKIP","floor":6},{"not_picked":["Sweeping Beam","ReplayTheSpireMod:Reroute Power","Turbo"],"picked":"SKIP","floor":8},{"not_picked":["ReplaySolidLightProjector","BootSequence"],"picked":"Tempest","floor":10}],"player_experience":845586,"relics_obtained":[{"floor":6,"key":"Old Coin"},{"floor":8,"key":"Replay:Bandana"},{"floor":9,"key":"Regal Pillow"}],"event_choices":[{"damage_healed":0,"gold_gain":0,"player_choice":"Lose Max HP","damage_taken":0,"relics_obtained":["Golden Idol"],"max_hp_gain":0,"max_hp_loss":6,"event_name":"Golden Idol","floor":2,"gold_loss":0},{"damage_healed":0,"gold_gain":0,"player_choice":"Rummage","damage_taken":0,"relics_obtained":["WarpedTongs"],"max_hp_gain":0,"max_hp_loss":0,"event_name":"Accursed Blacksmith","floor":3,"gold_loss":0,"cards_obtained":["Pain"]}],"is_beta":false,"boss_relics":[],"items_purged_floors":[],"is_endless":false,"potions_floor_spawned":[6,8],"killed_by":"3 Sentries","ascension_level":8}}