{"host":"pg2biz4zy3df4ctj","time":1608857672,"event":{"mods":["BaseMod","Minty Spire (QoL Compilation)","Quick Restart","Random Character Button"],"gold_per_floor":[20,20,20,36,52,83,83,117,117,117,117],"floor_reached":10,"playtime":333,"items_purged":[],"score":118,"play_id":"dc7c6bfd-e21f-4eac-8535-fcc1b7afceb6","local_time":"20201224165432","is_ascension_mode":true,"campfire_choices":[{"data":"Feed","floor":7,"key":"SMITH"}],"circlet_count":0,"master_deck":["AscendersBane","Strike_R","Strike_R","Strike_R","Strike_R","Strike_R","Defend_R","Defend_R","Defend_R","Defend_R","Bash","Offering","Hemokinesis","Feed+1","Spot Weakness","Fiend Fire"],"relics":["Burning Blood","Golden Idol","Omamori","Pocketwatch","Paper Frog"],"acts_visited":["Exordium"],"potions_floor_usage":[6],"damage_taken":[{"damage":12,"enemies":"Cultist","floor":1,"turns":3},{"damage":8,"enemies":"2 Louse","floor":4,"turns":2},{"damage":13,"enemies":"Jaw Worm","floor":5,"turns":3},{"damage":14,"enemies":"Gremlin Nob","floor":6,"turns":3},{"damage":35,"enemies":"3 Sentries","floor":8,"turns":7},{"damage":8,"enemies":"Lagavulin","floor":10,"turns":3}],"seed_played":"7617290945015390789","potions_obtained":[{"floor":1,"key":"Block Potion"},{"floor":5,"key":"Explosive Potion"},{"floor":6,"key":"ElixirPotion"}],"is_trial":false,"path_per_floor":["M","?","?","M","M","E","R","E","T","E"],"character_chosen":"IRONCLAD","items_purchased":[],"campfire_rested":0,"item_purchase_floors":[],"current_hp_per_floor":[66,46,46,47,40,32,32,7,7,0,0],"gold":117,"neow_bonus":"THREE_RARE_CARDS","is_daily":false,"chose_seed":false,"campfire_upgraded":1,"win_rate":0.0,"timestamp":1608857672,"path_taken":["M","?","?","M","?","E","R","E","T","E"],"items_purchased_type":[],"build_version":"2020-12-22","purchased_purges":0,"victory":false,"max_hp_per_floor":[80,80,80,83,83,83,83,87,87,87,87],"card_choices":[{"not_picked":["Brutality","Demon Form"],"picked":"Offering","floor":0.0},{"not_picked":["Carnage","Headbutt"],"picked":"Hemokinesis","floor":1},{"not_picked":["Iron Wave","Feel No Pain","Clothesline"],"picked":"SKIP","floor":4},{"not_picked":["Havoc","Seeing Red","Dark Embrace"],"picked":"SKIP","floor":5},{"not_picked":["Sword Boomerang","Clash"],"picked":"Spot Weakness","floor":6},{"not_picked":["Carnage","Cleave"],"picked":"Fiend Fire","floor":8}],"player_experience":565899,"relics_obtained":[{"floor":6,"key":"Omamori"},{"floor":8,"key":"Pocketwatch"},{"floor":9,"key":"Paper Frog"}],"event_choices":[{"damage_healed":0,"gold_gain":0,"player_choice":"Take Damage","damage_taken":20,"relics_obtained":["Golden Idol"],"max_hp_gain":0,"max_hp_loss":0,"event_name":"Golden Idol","floor":2,"gold_loss":0},{"damage_healed":0,"gold_gain":0,"player_choice":"1 cards matched","damage_taken":0,"max_hp_gain":0,"max_hp_loss":0,"event_name":"Match and Keep!","floor":3,"gold_loss":0,"cards_obtained":["Feed"]}],"is_beta":false,"boss_relics":[],"items_purged_floors":[],"is_endless":false,"potions_floor_spawned":[1,5,6],"killed_by":"Lagavulin","ascension_level":11}}