{"host":"v9ordiuf4xzdpttp","time":1608860828,"event":{"mods":["AchievementEnabler","Act Like it!","AlwaysNeverKeys","Aspiration","BaseMod","Better Third Choice","Better Vampires","BetterRewards","Colored Map","Conspire","Dio Mod","Downfall","Energized Spire","Gold Saver","GungeonMod","Hubris","Infinite Spire","Marked Mod","Melee Mod","Minty Spire (QoL Compilation)","Pale of the Ancients","Remove Card Discount Mod","Replay The Spire","SOS???????","Shop Mod","Small Relic Pack","Spicy Shops","StSLib","The Bladedancer","The Bug Knight","The Construct","The Hayseed","The Runesmith","The Servant 0.9.4","The Wild Card","???Mod??????Boss","??????REMEMod"],"gold_per_floor":[122,165,63,63,81,116,116,151,201,221,237,254,284,312,312,312,312],"floor_reached":16,"playtime":969,"items_purged":["Strike_B","Dualcast"],"score":122,"play_id":"90baa755-119d-4fe8-9e75-549721c121e3","local_time":"20201224204708","is_ascension_mode":false,"campfire_choices":[{"floor":7,"key":"REST"},{"floor":15,"key":"REST"}],"circlet_count":0,"master_deck":["Strike_B","Strike_B","Strike_B","Defend_B","Defend_B","Defend_B","Zap","hubris:DoWhile","Ball Lightning","Gash","Beam Cell","Multi-Cast+1","conspire:SharedLibrary","Steam","Ball Lightning","Go for the Eyes","Cold Snap","Steam","Ball Lightning","BootSequence"],"relics":["Cracked Core","REME_ComplimentaryCards","hubris:DeckOfHolding","DemoMod:Metronome","Blood Vial","Bronze Scales","Dead Branch"],"acts_visited":["Exordium"],"potions_floor_usage":[2,14,14,14],"damage_taken":[{"damage":15,"enemies":"Small Slimes","floor":1,"turns":3},{"damage":0,"enemies":"Cultist","floor":2,"turns":3},{"damage":8,"enemies":"conspire:RoseBush","floor":5,"turns":1},{"damage":9,"enemies":"Replay:BlueRogue","floor":6,"turns":5},{"damage":39,"enemies":"3 Sentries","floor":8,"turns":7},{"damage":0,"enemies":"Exordium Wildlife","floor":10,"turns":2},{"damage":6,"enemies":"3 Louse","floor":11,"turns":4},{"damage":0,"enemies":"Large Slime","floor":12,"turns":4},{"damage":14,"enemies":"Gremlin Nob","floor":13,"turns":4},{"damage":14,"enemies":"conspire:MimicChest","floor":14,"turns":4},{"damage":28,"enemies":"Hexaghost","floor":16,"turns":7}],"seed_played":"5716976757079473109","potions_obtained":[{"floor":1,"key":"REME_GoldPotion"},{"floor":5,"key":"LiquidMemories"},{"floor":8,"key":"Explosive Potion"},{"floor":12,"key":"Strength Potion"}],"is_trial":false,"path_per_floor":["M","M","$","?","M","E","R","E","T","M","M","M","E","?","R","B"],"character_chosen":"DEFECT","items_purchased":["Ball Lightning","Multi-Cast+1"],"campfire_rested":2,"item_purchase_floors":[0,3],"current_hp_per_floor":[60,60,60,60,52,43,65,26,26,28,24,26,14,2,24,0,0],"gold":312,"neow_bonus":"","is_daily":false,"chose_seed":false,"campfire_upgraded":0,"win_rate":0.0,"timestamp":1608860828,"path_taken":["M","M","$","?","M","E","R","E","T","?","M","M","E","?","R","BOSS"],"items_purchased_type":["Card","Card"],"build_version":"2020-12-22","purchased_purges":2,"victory":false,"max_hp_per_floor":[75,75,75,75,75,75,75,75,75,75,75,75,75,75,75,75,75],"card_choices":[{"not_picked":["Chaos","REME_DataAnalysis"],"picked":"Gash","floor":1},{"not_picked":["Leap","Heatsinks"],"picked":"Beam Cell","floor":2},{"not_picked":["Steam","Rebound"],"picked":"conspire:SharedLibrary","floor":5},{"not_picked":["REME_Compress","ReplayTheSpireMod:System Scan"],"picked":"Steam","floor":6},{"not_picked":["Panic Button","Compile Driver"],"picked":"Ball Lightning","floor":8},{"not_picked":["Coolheaded","Redo"],"picked":"Go for the Eyes","floor":10},{"not_picked":["Redo","Go for the Eyes"],"picked":"Cold Snap","floor":11},{"not_picked":["Hologram","Ball Lightning"],"picked":"Steam","floor":12},{"not_picked":["Steam","Force Field"],"picked":"Ball Lightning","floor":13},{"not_picked":["Beam Cell","Reprogram"],"picked":"BootSequence","floor":14}],"player_experience":217557,"relics_obtained":[{"floor":6,"key":"hubris:DeckOfHolding"},{"floor":8,"key":"DemoMod:Metronome"},{"floor":9,"key":"Blood Vial"},{"floor":13,"key":"Bronze Scales"},{"floor":14,"key":"Dead Branch"}],"event_choices":[{"cards_removed":["Defend_B"],"damage_healed":0,"gold_gain":0,"player_choice":"Offered Basic","damage_taken":0,"max_hp_gain":0,"max_hp_loss":0,"event_name":"Bonfire Elementals","floor":4,"gold_loss":0}],"is_beta":false,"boss_relics":[],"items_purged_floors":[0,3],"is_endless":false,"potions_floor_spawned":[1,5,8,12],"killed_by":"Hexaghost","ascension_level":0}}