{"host":"x1qj4d8ympd5jdqh","time":1608877220,"event":{"mods":["AchievementEnabler","AlwaysNeverKeys","BaseMod","Colored Map","Custom Start","DeckTracker","Highlight Path","Minty Spire (QoL Compilation)","StSLib","SuperFastMode"],"gold_per_floor":[116,129,140,140,157,157,186,186,213,240,255,255,286,286,286,286,286],"floor_reached":16,"playtime":416,"items_purged":[],"score":240,"play_id":"31296bd9-673f-4c27-9f03-3f7e61a48360","local_time":"20201225152020","is_ascension_mode":true,"campfire_choices":[{"data":"Uppercut","floor":6,"key":"SMITH"},{"floor":12,"key":"REST"},{"data":"Limit Break","floor":15,"key":"SMITH"}],"circlet_count":0,"master_deck":["AscendersBane","Strike_R","Strike_R","Strike_R","Strike_R","Defend_R","Defend_R","Defend_R","Defend_R","Bash","Uppercut+1","Shrug It Off","Blood for Blood","Disarm","Spot Weakness","Seeing Red","Limit Break+1","Fire Breathing"],"relics":["Burning Blood","Strawberry","Anchor","PreservedInsect","Omamori","Centennial Puzzle","Matryoshka","Happy Flower","Bag of Preparation"],"acts_visited":["Exordium"],"potions_floor_usage":[5,10],"damage_taken":[{"damage":10.0,"enemies":"Small Slimes","floor":1.0,"turns":3.0},{"damage":3.0,"enemies":"2 Louse","floor":2.0,"turns":4.0},{"damage":1.0,"enemies":"Jaw Worm","floor":3.0,"turns":5.0},{"damage":1,"enemies":"Lots of Slimes","floor":5,"turns":4},{"damage":24,"enemies":"3 Sentries","floor":7,"turns":10},{"damage":6,"enemies":"Gremlin Nob","floor":10,"turns":3},{"damage":41,"enemies":"Large Slime","floor":11,"turns":8},{"damage":14,"enemies":"3 Sentries","floor":13,"turns":5},{"damage":36,"enemies":"Hexaghost","floor":16,"turns":8}],"seed_played":"-2128951511602377504","potions_obtained":[{"floor":1.0,"key":"AttackPotion"},{"floor":2.0,"key":"Explosive Potion"},{"floor":3.0,"key":"FearPotion"},{"floor":13,"key":"SmokeBomb"}],"is_trial":false,"path_per_floor":["M","M","M","?","M","R","E","?","T","E","M","R","E","T","R","B"],"character_chosen":"IRONCLAD","items_purchased":[],"campfire_rested":1,"item_purchase_floors":[],"current_hp_per_floor":[71,74,79,79,82,82,64,53,53,53,18,42,34,34,34,0,0],"gold":286,"neow_bonus":"RANDOM_COMMON_RELIC","is_daily":false,"chose_seed":false,"campfire_upgraded":2,"win_rate":0.0,"timestamp":1608877220,"path_taken":["M","M","M","?","M","R","E","?","T","E","M","R","E","?","R","BOSS"],"items_purchased_type":[],"build_version":"2020-12-22","purchased_purges":0,"victory":false,"max_hp_per_floor":[82,82,82,82,82,82,82,82,82,82,82,82,82,82,82,82,82],"card_choices":[{"not_picked":["Clash","Thunderclap"],"picked":"Uppercut","floor":1.0},{"not_picked":["Iron Wave","Seeing Red"],"picked":"Shrug It Off","floor":2.0},{"not_picked":["Havoc","Evolve"],"picked":"Blood for Blood","floor":3.0},{"not_picked":["Heavy Blade","Twin Strike"],"picked":"Spot Weakness","floor":5},{"not_picked":["Carnage","Reckless Charge"],"picked":"Seeing Red","floor":7},{"not_picked":["True Grit","Combust"],"picked":"Limit Break","floor":10},{"not_picked":["Pommel Strike","Flame Barrier"],"picked":"Fire Breathing","floor":11},{"not_picked":["Body Slam","Bludgeon","Searing Blow"],"picked":"SKIP","floor":13}],"player_experience":1268856,"relics_obtained":[{"floor":7,"key":"Anchor"},{"floor":9,"key":"Omamori"},{"floor":10,"key":"Centennial Puzzle"},{"floor":13,"key":"Matryoshka"},{"floor":14,"key":"Happy Flower"},{"floor":14,"key":"Bag of Preparation"}],"event_choices":[{"damage_healed":0,"gold_gain":0,"cards_transformed":["Strike_R"],"player_choice":"Change","damage_taken":0,"max_hp_gain":0,"max_hp_loss":0,"event_name":"Living Wall","floor":4,"gold_loss":0,"cards_obtained":["Disarm"]},{"damage_healed":0,"gold_gain":0,"player_choice":"Success","damage_taken":11,"relics_obtained":["PreservedInsect"],"max_hp_gain":0,"max_hp_loss":0,"event_name":"Scrap Ooze","floor":8,"gold_loss":0}],"is_beta":false,"boss_relics":[],"items_purged_floors":[],"is_endless":false,"potions_floor_spawned":[1,2,3,13],"killed_by":"Hexaghost","ascension_level":20}}