{"host":"6to0pdz5g3mubtyg","time":1608860819,"event":{"mods":["Act Like it!","Aspiration","BaseMod","BetterRewards","Colored Map","Energized Spire","Hallownest","Highlight Path","Infinite Spire","Jorbs\u0027s Wanderer Trilogy","Minty Spire (QoL Compilation)","Shade Mod","StSLib","The Animator","The Blue Laboratory","The Bug Knight"],"gold_per_floor":[111,61,61,61,78,78,95,95,177,208,208,228,228,258,258,258,258],"floor_reached":16,"playtime":739,"items_purged":[],"score":119,"play_id":"1539f506-4c99-44fc-9b1e-7b437c13e9e7","local_time":"20201224184659","is_ascension_mode":true,"campfire_choices":[{"data":"Crippling Poison","floor":6.0,"key":"SMITH"},{"floor":15.0,"key":"REST"}],"circlet_count":0,"master_deck":["Strike_G","Strike_G","Strike_G","Strike_G","Defend_G","Defend_G","Defend_G","Defend_G","Survivor","Neutralize","Deadly Poison","Venomology","Crippling Poison+1","Dagger Spray","Bane","Dagger Spray"],"relics":["stsjorbsmod:BookOfTrialsRelic","NeowsBlessing","infinitespire:Cubic Diamond","aspiration:FrozenJewel","PreservedInsect","Blue Candle"],"acts_visited":["Exordium"],"potions_floor_usage":[16,16,16,16,16],"damage_taken":[{"damage":0.0,"enemies":"Jaw Worm","floor":1.0,"turns":1.0},{"damage":0.0,"enemies":"2 Louse","floor":5.0,"turns":1.0},{"damage":0.0,"enemies":"Cultist","floor":7.0,"turns":1.0},{"damage":20.0,"enemies":"Gremlin Nob","floor":10.0,"turns":4.0},{"damage":26.0,"enemies":"Large Slime","floor":12.0,"turns":5.0},{"damage":11.0,"enemies":"Lagavulin","floor":14.0,"turns":7.0},{"damage":52,"enemies":"The Guardian","floor":16,"turns":8}],"seed_played":"5615490439656521089","potions_obtained":[{"floor":5.0,"key":"ColorlessPotion"},{"floor":12.0,"key":"SteroidPotion"},{"floor":14.0,"key":"blueLaboratory:LouseDecoction"}],"is_trial":false,"path_per_floor":["M","?","?","$","M","R","M","?","T","E","?","M","?","E","R","B"],"character_chosen":"THE_SILENT","items_purchased":[],"campfire_rested":1,"item_purchase_floors":[],"current_hp_per_floor":[70,70,70,70,70,70,70,70,70,50,70,44,44,33,54,2,2],"gold":258,"neow_bonus":"THREE_ENEMY_KILL","is_daily":false,"chose_seed":false,"campfire_upgraded":1,"win_rate":0.0,"timestamp":1608860819,"path_taken":["M","?","?","$","?","R","M","?","T","E","?","M","?","E","R","BOSS"],"items_purchased_type":[],"build_version":"2020-12-22","purchased_purges":0,"victory":false,"max_hp_per_floor":[70,70,70,70,70,70,70,70,70,70,70,70,70,70,70,70,70],"card_choices":[{"not_picked":["Cloak And Dagger","Dagger Throw"],"picked":"Deadly Poison","floor":1.0},{"not_picked":["Acrobatics","Slice"],"picked":"Crippling Poison","floor":5.0},{"not_picked":["Blade Dance","PiercingWail"],"picked":"Dagger Spray","floor":7.0},{"not_picked":["Dodge and Roll","Deflect","Endless Agony"],"picked":"SKIP","floor":10.0},{"not_picked":["Deflect","Backflip"],"picked":"Bane","floor":12.0},{"not_picked":["Flying Knee","Dash"],"picked":"Dagger Spray","floor":14.0}],"player_experience":220867,"relics_obtained":[{"floor":9.0,"key":"aspiration:FrozenJewel"},{"floor":10.0,"key":"PreservedInsect"},{"floor":14.0,"key":"Blue Candle"}],"event_choices":[{"cards_removed":["Defend_G"],"damage_healed":0.0,"max_hp_gain":0.0,"max_hp_loss":0.0,"gold_gain":0.0,"event_name":"The Cleric","player_choice":"Card Removal","floor":2.0,"gold_loss":50.0,"damage_taken":0.0},{"damage_healed":0.0,"max_hp_gain":0.0,"max_hp_loss":0.0,"gold_gain":0.0,"cards_transformed":["Strike_G"],"event_name":"Transmorgrifier","player_choice":"Transformed","floor":3.0,"gold_loss":0.0,"damage_taken":0.0,"cards_obtained":["Venomology"]},{"damage_healed":23.0,"max_hp_gain":0.0,"max_hp_loss":0.0,"gold_gain":0.0,"event_name":"Big Fish","player_choice":"Banana","floor":11.0,"gold_loss":0.0,"damage_taken":0.0},{"damage_healed":0.0,"max_hp_gain":0.0,"max_hp_loss":0.0,"gold_gain":0.0,"event_name":"The Woman in Blue","player_choice":"Bought 0 Potions","floor":13.0,"gold_loss":0.0,"damage_taken":0.0}],"is_beta":false,"boss_relics":[],"items_purged_floors":[],"is_endless":false,"potions_floor_spawned":[5,12,14],"killed_by":"The Guardian","ascension_level":2}}