{"host":"BK","time":1608869864,"event":{"mods":["BaseMod","Highlight Path","Minty Spire (QoL Compilation)","StSLib"],"gold_per_floor":[118,136,61,77,34,34,65,84,84,119,119,131,146,146,146,146,146],"floor_reached":16,"playtime":727,"items_purged":[],"score":224,"play_id":"31c9ab39-fbed-4b93-bfb1-0a9ab524ed0d","local_time":"20201224211744","is_ascension_mode":true,"campfire_choices":[{"data":"Conclude","floor":6,"key":"SMITH"},{"floor":11,"key":"REST"},{"data":"FlurryOfBlows","floor":15,"key":"SMITH"}],"circlet_count":0,"master_deck":["AscendersBane","Strike_P","Strike_P","Strike_P","Defend_P","Defend_P","Defend_P","Defend_P","Eruption","Vigilance","CrushJoints+1","BowlingBash","Protect","Conclude+1","WaveOfTheHand","LessonLearned","FlurryOfBlows+1"],"relics":["Philosopher\u0027s Stone","Singing Bowl","TeardropLocket","Darkstone Periapt","White Beast Statue"],"acts_visited":["Exordium"],"potions_floor_usage":[13,16],"damage_taken":[{"damage":7,"enemies":"Small Slimes","floor":1,"turns":6},{"damage":13,"enemies":"Cultist","floor":2,"turns":5},{"damage":0,"enemies":"Jaw Worm","floor":4,"turns":3},{"damage":1,"enemies":"3 Sentries","floor":7,"turns":5},{"damage":7,"enemies":"Exordium Wildlife","floor":8,"turns":2},{"damage":2,"enemies":"Lagavulin","floor":10,"turns":5},{"damage":11,"enemies":"Red Slaver","floor":12,"turns":5},{"damage":7,"enemies":"Looter","floor":13,"turns":2},{"damage":40,"enemies":"Hexaghost","floor":16,"turns":9}],"seed_played":"-376868244262534359","potions_obtained":[{"floor":2,"key":"DuplicationPotion"},{"floor":7,"key":"Swift Potion"},{"floor":13,"key":"AttackPotion"}],"is_trial":false,"path_per_floor":["M","M","?","M","$","R","E","M","T","E","R","M","M","?","R","B"],"character_chosen":"WATCHER","items_purchased":["Conclude"],"campfire_rested":1,"item_purchase_floors":[5],"current_hp_per_floor":[54,41,41,41,41,41,42,35,35,33,54,43,38,38,38,0,0],"gold":146,"neow_bonus":"BOSS_RELIC","is_daily":false,"chose_seed":false,"campfire_upgraded":2,"win_rate":0.0,"timestamp":1608869864,"path_taken":["M","M","?","M","$","R","E","M","T","E","R","M","M","?","R","BOSS"],"items_purchased_type":["Card"],"build_version":"2020-12-18","purchased_purges":0,"victory":false,"max_hp_per_floor":[68,68,68,68,68,68,70,70,70,70,70,70,72,72,72,72,72],"card_choices":[{"not_picked":["Evaluate","ClearTheMind"],"picked":"CrushJoints","floor":1},{"not_picked":["JustLucky","FollowUp"],"picked":"BowlingBash","floor":2},{"not_picked":["FlyingSleeves","JustLucky"],"picked":"Protect","floor":4},{"not_picked":["SashWhip","Weave","JustLucky"],"picked":"Singing Bowl","floor":7},{"not_picked":["CutThroughFate","DevaForm"],"picked":"WaveOfTheHand","floor":8},{"not_picked":["SashWhip","BowlingBash"],"picked":"LessonLearned","floor":10},{"not_picked":["Protect","CutThroughFate"],"picked":"FlurryOfBlows","floor":12},{"not_picked":["FollowUp","Nirvana","FlurryOfBlows"],"picked":"Singing Bowl","floor":13}],"player_experience":2416261,"relics_obtained":[{"floor":7,"key":"Singing Bowl"},{"floor":9,"key":"TeardropLocket"},{"floor":10,"key":"Darkstone Periapt"}],"event_choices":[{"cards_removed":["Strike_P"],"damage_healed":0,"gold_gain":0,"player_choice":"Card Removal","damage_taken":0,"max_hp_gain":0,"max_hp_loss":0,"event_name":"The Cleric","floor":3,"gold_loss":75},{"damage_healed":0,"gold_gain":0,"player_choice":"Gave Potion","damage_taken":0,"relics_obtained":["White Beast Statue"],"max_hp_gain":0,"max_hp_loss":0,"event_name":"WeMeetAgain","floor":14,"gold_loss":0}],"is_beta":true,"boss_relics":[],"items_purged_floors":[],"is_endless":false,"potions_floor_spawned":[2,7,12,13],"killed_by":"Hexaghost","ascension_level":20}}