{"host":"sav7uxregyirlf69","time":1608872446,"event":{"mods":["AchievementEnabler","BaseMod","Colored Map","DeckTracker","Keyboard Shortcuts","Minty Spire (QoL Compilation)","READ ME - Guardian Mod","StSLib","SuperFastMode"],"gold_per_floor":[411,429,429,441,441,441,468,468,468,485,1,16,16,33,33,107,157,170,70,70,70,83,83,83],"floor_reached":23,"playtime":434,"items_purged":["Strike_G","Strike_G"],"score":382,"play_id":"d4c12aba-203f-420e-bf84-ae2130dd7491","local_time":"20201225140046","is_ascension_mode":true,"campfire_choices":[{"floor":6,"key":"REST"},{"floor":8,"key":"REST"},{"floor":15,"key":"REST"}],"circlet_count":0,"master_deck":["AscendersBane","Strike_G","Strike_G","Strike_G+1","Defend_G","Defend_G","Defend_G","Defend_G","Defend_G","Survivor+1","Neutralize","Dagger Spray","Dagger Throw","Predator","Crippling Poison","Panacea","Bouncing Flask","PiercingWail+1","Grand Finale+1","Escape Plan+1"],"relics":["Ring of the Snake","Old Coin","Pantograph","Molten Egg 2","Medical Kit","Bronze Scales","Tiny House"],"acts_visited":["Exordium","TheCity"],"potions_floor_usage":[14,16,16,23],"damage_taken":[{"damage":7,"enemies":"Small Slimes","floor":1,"turns":5},{"damage":2,"enemies":"2 Louse","floor":2,"turns":3},{"damage":4,"enemies":"Jaw Worm","floor":4,"turns":3},{"damage":30,"enemies":"Gremlin Nob","floor":7,"turns":4},{"damage":14,"enemies":"Large Slime","floor":10,"turns":7},{"damage":5,"enemies":"Red Slaver","floor":12,"turns":4},{"damage":6,"enemies":"Exordium Wildlife","floor":14,"turns":4},{"damage":15,"enemies":"Hexaghost","floor":16,"turns":9},{"damage":18,"enemies":"Shell Parasite","floor":18,"turns":8},{"damage":18,"enemies":"Spheric Guardian","floor":22,"turns":6},{"damage":35,"enemies":"Slavers","floor":23,"turns":4}],"seed_played":"-3436328673206457007","potions_obtained":[{"floor":2,"key":"SkillPotion"},{"floor":10,"key":"Block Potion"},{"floor":14,"key":"Poison Potion"},{"floor":17,"key":"DuplicationPotion"},{"floor":21,"key":"GhostInAJar"}],"is_trial":false,"path_per_floor":["M","M","?","M","?","R","E","R","T","M","$","M","$","M","R","B",null,"M","$","?","?","M","E"],"character_chosen":"THE_SILENT","items_purchased":["Medical Kit","Bronze Scales","Panacea"],"campfire_rested":3,"item_purchase_floors":[11,11,11],"current_hp_per_floor":[52,50,43,39,19,38,8,27,27,13,13,8,8,2,21,31,62,44,44,44,44,26,0,0],"gold":83,"neow_bonus":"ONE_RARE_RELIC","is_daily":false,"chose_seed":false,"campfire_upgraded":0,"win_rate":0.0,"timestamp":1608872446,"path_taken":["M","M","?","M","?","R","E","R","T","?","$","M","$","M","R","BOSS","M","$","?","?","M","E"],"items_purchased_type":["Relic","Relic","Card"],"build_version":"2020-12-22","purchased_purges":2,"victory":false,"max_hp_per_floor":[66,66,66,66,66,66,66,66,66,66,66,66,66,66,66,66,71,71,71,71,71,71,71,71],"card_choices":[{"not_picked":["Prepared","PiercingWail"],"picked":"Dagger Spray","floor":1},{"not_picked":["Calculated Gamble","Leg Sweep"],"picked":"Dagger Throw","floor":2},{"not_picked":["Quick Slash","Choke"],"picked":"Predator","floor":4},{"not_picked":["Concentrate","Blur"],"picked":"Crippling Poison","floor":7},{"not_picked":["Doppelganger","Endless Agony+1","Deadly Poison"],"picked":"SKIP","floor":10},{"not_picked":["Dodge and Roll","PiercingWail"],"picked":"Bouncing Flask","floor":12},{"not_picked":["Choke+1","Deadly Poison"],"picked":"PiercingWail","floor":14},{"not_picked":["Envenom","Storm of Steel"],"picked":"Grand Finale+1","floor":16},{"not_picked":["Outmaneuver","Leg Sweep"],"picked":"Escape Plan+1","floor":18},{"not_picked":["Dodge and Roll","Finisher+1","Distraction"],"picked":"SKIP","floor":22}],"player_experience":1009112,"relics_obtained":[{"floor":7,"key":"Pantograph"},{"floor":9,"key":"Molten Egg 2"}],"event_choices":[{"cards_removed":["Doubt"],"damage_healed":0,"gold_gain":0,"player_choice":"Card Removal","damage_taken":7,"max_hp_gain":0,"max_hp_loss":0,"event_name":"Golden Wing","floor":3,"gold_loss":0},{"damage_healed":0,"gold_gain":0,"player_choice":"Entered Light","damage_taken":20,"max_hp_gain":0,"max_hp_loss":0,"event_name":"Shining Light","floor":5,"gold_loss":0,"cards_upgraded":["Survivor","Strike_G"]},{"damage_healed":0,"gold_gain":0,"player_choice":"Ignored","damage_taken":0,"max_hp_gain":0,"max_hp_loss":0,"event_name":"Cursed Tome","floor":20,"gold_loss":0},{"damage_healed":0,"gold_gain":0,"player_choice":"Got Potions","damage_taken":0,"max_hp_gain":0,"max_hp_loss":0,"event_name":"Lab","floor":21,"gold_loss":0}],"is_beta":false,"boss_relics":[{"not_picked":["Philosopher\u0027s Stone","Snecko Eye"],"picked":"Tiny House"}],"items_purged_floors":[11,19],"is_endless":false,"potions_floor_spawned":[2,10,14,22],"killed_by":"Slavers","ascension_level":20}}