{"host":"0jm2u9rma46qko29","time":1608933670,"event":{"mods":["Act Like it!","BaseMod","Better Altar","Better Note","Better Skull","Better Third Choice","CapriCore","Hermit","JesterMod","Luminous","Marisa????????","Minty Spire (QoL Compilation)","Relic Stats","Robot Space Explorer","Shade Mod","StSLib","The Hierophant","Waifu the Spire"],"gold_per_floor":[112,10,21,37,37,37,67,80,80,114,114,140,140,153,153,256,256,275,291,56,106,122,122,122,122],"floor_reached":24,"playtime":1739,"items_purged":[],"score":259,"play_id":"8383371b-0cf4-43e5-867a-55e8f8f164db","local_time":"20201225160110","is_ascension_mode":true,"campfire_choices":[{"data":"Dualcast","floor":6,"key":"SMITH"},{"floor":15,"key":"REST"},{"data":"Zap","floor":23,"key":"SMITH"}],"circlet_count":0,"master_deck":["Strike_B","Strike_B","Strike_B","Strike_B","Defend_B","Defend_B","Defend_B","Defend_B","Zap+1","Dualcast+1","Buffer","Leap","Conserve Battery","Rebound","Barrage","Fission","Capacitor","Conserve Battery","Coolheaded","Sweeping Beam","Rip and Tear","Buffer","Genetic Algorithm+1","Glacier","Ball Lightning","Double Energy","FTL","Leap","Cold Snap+1","Self Repair"],"relics":["Cracked Core","Orichalcum","StrikeDummy","Unceasing Top","Prayer Wheel","Thread and Needle","Coffee Dripper","Oddly Smooth Stone"],"acts_visited":["Exordium","TheCity"],"potions_floor_usage":[7,12,16,18,24],"damage_taken":[{"damage":6,"enemies":"Cultist","floor":1,"turns":3},{"damage":12,"enemies":"Small Slimes","floor":3,"turns":4},{"damage":12,"enemies":"Jaw Worm","floor":4,"turns":4},{"damage":20,"enemies":"Gremlin Nob","floor":7,"turns":4},{"damage":4,"enemies":"Looter","floor":8,"turns":4},{"damage":20,"enemies":"3 Sentries","floor":10,"turns":7},{"damage":3,"enemies":"Lagavulin","floor":12,"turns":7},{"damage":0,"enemies":"2 Fungi Beasts","floor":14,"turns":4},{"damage":21,"enemies":"Slime Boss","floor":16,"turns":10},{"damage":11,"enemies":"3 Byrds","floor":18,"turns":3},{"damage":8,"enemies":"2 Thieves","floor":19,"turns":5},{"damage":3,"enemies":"Shelled Parasite and Fungi","floor":22,"turns":7},{"damage":63,"enemies":"Gremlin Leader","floor":24,"turns":9}],"seed_played":"7502949515141464018","potions_obtained":[{"floor":4,"key":"Swift Potion"},{"floor":8,"key":"Weak Potion"},{"floor":14,"key":"SteroidPotion"},{"floor":16,"key":"Fire Potion"},{"floor":18,"key":"Explosive Potion"},{"floor":19,"key":"DuplicationPotion"}],"is_trial":false,"path_per_floor":["M","$","M","M","?","R","E","M","T","E","?","E","?","M","R","B",null,"M","M","$","?","M","R","E"],"character_chosen":"DEFECT","items_purchased":["Conserve Battery","Rebound","Oddly Smooth Stone","FTL","Leap"],"campfire_rested":1,"item_purchase_floors":[2,2,20,20,20],"current_hp_per_floor":[69,69,57,45,70,70,50,46,46,26,26,23,23,23,45,24,75,64,56,56,56,53,53,0,0],"gold":122,"neow_bonus":"ONE_RANDOM_RARE_CARD","is_daily":false,"chose_seed":false,"campfire_upgraded":2,"win_rate":0.0,"timestamp":1608933670,"path_taken":["M","$","?","M","?","R","E","M","T","E","?","E","?","M","R","BOSS","M","M","$","?","M","R","E"],"items_purchased_type":["Card","Card","Relic","Card","Card"],"build_version":"2020-12-22","purchased_purges":0,"victory":false,"max_hp_per_floor":[75,75,75,75,75,75,75,75,75,75,75,75,75,75,75,75,75,75,75,75,75,75,75,75,75],"relic_stats":{"counters":[13,71],"Prayer Wheel":4,"Orichalcum":[96],"obtain_stats":[{"Oddly Smooth Stone":20,"Prayer Wheel":12,"Thread and Needle":13,"Coffee Dripper":17,"Orichalcum":7,"Cracked Core":0,"StrikeDummy":9,"Unceasing Top":10},{"Oddly Smooth Stone":11,"Prayer Wheel":7,"Thread and Needle":7,"Coffee Dripper":9,"Orichalcum":4,"Cracked Core":0,"StrikeDummy":5,"Unceasing Top":6},{"Oddly Smooth Stone":55,"Prayer Wheel":33,"Thread and Needle":33,"Coffee Dripper":47,"Orichalcum":15,"Cracked Core":0,"StrikeDummy":19,"Unceasing Top":26}],"Unceasing Top":[3]},"card_choices":[{"not_picked":["Redo","Steam Power"],"picked":"Leap","floor":1},{"not_picked":["Compile Driver","Stack"],"picked":"Barrage","floor":3},{"not_picked":["Go for the Eyes","Sweeping Beam"],"picked":"Fission","floor":4},{"not_picked":["Recycle","Turbo","Compile Driver"],"picked":"SKIP","floor":7},{"not_picked":["Chill","Turbo"],"picked":"Capacitor","floor":8},{"not_picked":["All For One","Redo"],"picked":"Conserve Battery","floor":10},{"not_picked":["Rebound","Capacitor"],"picked":"Coolheaded","floor":12},{"not_picked":["Rebound","Go for the Eyes"],"picked":"Sweeping Beam","floor":14},{"not_picked":["Static Discharge","Rebound"],"picked":"Rip and Tear","floor":14},{"not_picked":["All For One","Reboot"],"picked":"Buffer","floor":16},{"not_picked":["Scrape","Gash"],"picked":"Genetic Algorithm+1","floor":18},{"not_picked":["Rip and Tear","Steam+1"],"picked":"Glacier","floor":18},{"not_picked":["Sunder","Rebound"],"picked":"Ball Lightning","floor":19},{"not_picked":["Conserve Battery+1","Stack"],"picked":"Double Energy","floor":19},{"not_picked":["White Noise","Steam Power"],"picked":"Cold Snap+1","floor":22},{"not_picked":["Blizzard","Coolheaded+1"],"picked":"Self Repair","floor":22}],"player_experience":171754,"relics_obtained":[{"floor":7,"key":"Orichalcum"},{"floor":9,"key":"StrikeDummy"},{"floor":10,"key":"Unceasing Top"},{"floor":12,"key":"Prayer Wheel"}],"event_choices":[{"damage_healed":25,"gold_gain":0,"player_choice":"Banana","damage_taken":0,"max_hp_gain":0,"max_hp_loss":0,"event_name":"Big Fish","floor":5,"gold_loss":0},{"damage_healed":0,"gold_gain":0,"player_choice":"Ignored","damage_taken":0,"max_hp_gain":0,"max_hp_loss":0,"event_name":"Golden Wing","floor":11,"gold_loss":0},{"damage_healed":0,"gold_gain":0,"player_choice":"Searched \u00271\u0027 times","damage_taken":0,"relics_obtained":["Thread and Needle"],"max_hp_gain":0,"max_hp_loss":0,"event_name":"Dead Adventurer","floor":13,"gold_loss":0},{"damage_healed":0,"gold_gain":100,"player_choice":"Bet on Murderer","damage_taken":0,"max_hp_gain":0,"max_hp_loss":0,"event_name":"The Joust","floor":21,"gold_loss":50}],"is_beta":false,"boss_relics":[{"not_picked":["Velvet Choker","Fusion Hammer"],"picked":"Coffee Dripper"}],"items_purged_floors":[],"is_endless":false,"potions_floor_spawned":[4,8,14,16,18,19],"killed_by":"Gremlin Leader","ascension_level":4}}