{"host":"709gjpjg43u3i5a8","time":1608873910,"event":{"mods":["BaseMod","Colored Map","Colored Powertips","Downfall","Hermit","Hubris","Infinite Spire","Marisa????????","Minty Spire (QoL Compilation)","Remilia??????","StSLib","Td1madao Mod","The Animator","The Bug Knight","The Cursed","The Disciple","The Hierophant","The Jungle","The Servant 0.9.4"],"gold_per_floor":[114,114,133,149,164,164,94,106,153,153,185,198,55,55,55],"floor_reached":14,"playtime":955,"items_purged":["HollowMod:NailStrikeStart"],"score":92,"play_id":"aa354bac-19f0-428f-89ad-704f451b48b9","local_time":"20201224222510","is_ascension_mode":false,"campfire_choices":[{"data":"HollowMod:FocusHealStart","floor":6,"key":"SMITH"}],"circlet_count":0,"master_deck":["HollowMod:NailStrikeStart+1","HollowMod:NailStrikeStart+1","HollowMod:QuickDashStart","HollowMod:QuickDashStart","HollowMod:QuickDashStart","HollowMod:FocusHealStart+1","HollowMod:PogoStrike","HollowMod:PureNailStrike","HollowMod:MawleksShell","HollowMod:GrimmsGift","HollowMod:GoodIntentions","HollowMod:MidwifesHunger+1","HollowMod:CloakDash","HollowMod:SoulStrike","HollowMod:DashSlash","HollowMod:MidwifesHunger"],"relics":["HollowMod:VesselMask","infinitespire:Beetle Shell","Tiny Chest"],"acts_visited":["Exordium"],"potions_floor_usage":[8,11,11,12],"damage_taken":[{"damage":0,"enemies":"Cultist","floor":1,"turns":3},{"damage":0,"enemies":"2 Louse","floor":3,"turns":2},{"damage":6,"enemies":"Jaw Worm","floor":4,"turns":3},{"damage":7,"enemies":"Blue Slaver","floor":5,"turns":2},{"damage":20,"enemies":"Exordium Thugs","floor":8,"turns":5},{"damage":26,"enemies":"Gremlin Nob","floor":11,"turns":5},{"damage":5,"enemies":"Looter","floor":12,"turns":3},{"damage":32,"enemies":"Lagavulin","floor":14,"turns":8}],"seed_played":"-146340940017246240","potions_obtained":[{"floor":1,"key":"EntropicBrew"},{"floor":3,"key":"AttackPotion"},{"floor":12,"key":"FearPotion"}],"is_trial":false,"path_per_floor":["M","?","M","M","M","R","$","M","T","?","E","M","$","E"],"character_chosen":"THE_BUGKNIGHT","items_purchased":["HollowMod:MidwifesHunger","HollowMod:MidwifesHunger"],"campfire_rested":0,"item_purchase_floors":[7,13],"current_hp_per_floor":[60,45,45,39,32,32,32,22,22,22,8,22,22,0,0],"gold":55,"neow_bonus":"REMOVE_TWO","is_daily":false,"chose_seed":false,"campfire_upgraded":1,"win_rate":0.0,"timestamp":1608873910,"path_taken":["M","?","M","M","M","R","$","M","T","?","E","M","?","E"],"items_purchased_type":["Card","Card"],"build_version":"2020-12-22","purchased_purges":1,"victory":false,"max_hp_per_floor":[75,75,75,75,75,75,75,75,75,75,75,75,75,75,75],"card_choices":[{"not_picked":["HollowMod:HowlingWraiths","HollowMod:SiblingsShadow"],"picked":"HollowMod:PureNailStrike","floor":1},{"not_picked":["HollowMod:InfectedCysts","HollowMod:NewLittleFool"],"picked":"HollowMod:MawleksShell","floor":3},{"not_picked":["HollowMod:SiblingsShadow","HollowMod:HowlingWraiths"],"picked":"HollowMod:GrimmsGift","floor":4},{"not_picked":["HollowMod:AbyssShriek","HollowMod:CornifersMapStart"],"picked":"HollowMod:GoodIntentions","floor":5},{"not_picked":["HollowMod:CycloneSlash","HollowMod:ShapeofUnn"],"picked":"HollowMod:CloakDash","floor":8},{"not_picked":["HollowMod:SiblingsSouls","HollowMod:InfectedAttack"],"picked":"HollowMod:SoulStrike","floor":11},{"not_picked":["HollowMod:BrokenVessel","HollowMod:SharpenedShadows"],"picked":"HollowMod:DashSlash","floor":12}],"player_experience":387189,"relics_obtained":[{"floor":9,"key":"infinitespire:Beetle Shell"},{"floor":11,"key":"Tiny Chest"}],"event_choices":[{"damage_healed":0,"gold_gain":0,"player_choice":"Entered Light","damage_taken":15,"max_hp_gain":0,"max_hp_loss":0,"event_name":"Shining Light","floor":2,"gold_loss":0,"cards_upgraded":["HollowMod:NailStrikeStart","HollowMod:NailStrikeStart"]},{"damage_healed":0,"gold_gain":0,"player_choice":"Grow","damage_taken":0,"max_hp_gain":0,"max_hp_loss":0,"event_name":"Living Wall","floor":10,"gold_loss":0,"cards_upgraded":["HollowMod:MidwifesHunger"]}],"is_beta":false,"boss_relics":[],"items_purged_floors":[13],"is_endless":false,"potions_floor_spawned":[1,3,12],"killed_by":"Lagavulin","ascension_level":0}}