{"host":"ivx814w8r949vc3j","time":1608892519,"event":{"mods":["AchievementEnabler","Act Like it!","BaseMod","Bestiary","Colored Powertips","Marisa????????","Minty Spire (QoL Compilation)","StSLib","The Servant 0.9.4","UnlockEverythingMod"],"gold_per_floor":[118,118,35,35,49,49,63,76,76,93,18,37,48,82,82,180,180,194,39,59,71,71,71,71],"floor_reached":23,"playtime":1091,"items_purged":["Strike_MRS"],"score":195,"play_id":"1f61c8c3-6550-4bd8-97be-71c99a98aca8","local_time":"20201225113519","is_ascension_mode":false,"campfire_choices":[{"data":"StarBarrage","floor":6,"key":"SMITH"},{"data":"RefractionSpark","floor":15,"key":"SMITH"}],"circlet_count":0,"master_deck":["Strike_MRS","Strike_MRS","Strike_MRS","Defend_MRS","Defend_MRS","Defend_MRS","Defend_MRS","MasterSpark","UpSweep","StarBarrage+1","Madness","MagicChant","EnergyFlow","SuperPerseids","EventHorizon","RefractionSpark+1","MachineGunSpark","PropBag","PropBag"],"relics":["MiniHakkero","Letter Opener","Bag of Marbles","Frozen Egg 2","RampagingMagicTools","Vajra","Mercury Hourglass","AmplifyWand"],"acts_visited":["Exordium","TheCity"],"potions_floor_usage":[8,14,16,18],"damage_taken":[{"damage":0,"enemies":"Small Slimes","floor":1,"turns":3},{"damage":1,"enemies":"Jaw Worm","floor":5,"turns":2},{"damage":0,"enemies":"2 Louse","floor":7,"turns":3},{"damage":5,"enemies":"Gremlin Gang","floor":8,"turns":3},{"damage":8,"enemies":"Red Slaver","floor":10,"turns":2},{"damage":8,"enemies":"Lots of Slimes","floor":12,"turns":4},{"damage":18,"enemies":"Exordium Thugs","floor":13,"turns":4},{"damage":8,"enemies":"Lagavulin","floor":14,"turns":4},{"damage":15,"enemies":"Slime Boss","floor":16,"turns":8},{"damage":24,"enemies":"Spheric Guardian","floor":18,"turns":4},{"damage":20,"enemies":"2 Thieves","floor":20,"turns":4},{"damage":28,"enemies":"Centurion and Healer","floor":21,"turns":5},{"damage":17,"enemies":"Snecko","floor":23,"turns":2}],"seed_played":"2093726994851117750","potions_obtained":[{"floor":7,"key":"SkillPotion"},{"floor":8,"key":"AttackPotion"},{"floor":13,"key":"SneckoOil"},{"floor":16,"key":"FearPotion"},{"floor":18,"key":"FearPotion"}],"is_trial":false,"path_per_floor":["M","?","$","?","M","R","M","M","T","M","$","M","M","E","R","B",null,"M","$","M","M","$","M"],"character_chosen":"MARISA","items_purchased":["Madness","Vajra"],"campfire_rested":0,"item_purchase_floors":[3,19],"current_hp_per_floor":[82,70,70,70,69,69,69,64,64,56,56,48,30,22,22,7,82,58,58,38,10,10,0,0],"gold":71,"neow_bonus":"TEN_PERCENT_HP_BONUS","is_daily":false,"chose_seed":false,"campfire_upgraded":2,"win_rate":0.0,"timestamp":1608892519,"path_taken":["M","?","?","?","M","R","M","?","T","M","$","M","M","E","R","BOSS","M","$","M","M","$","M"],"items_purchased_type":["Card","Relic"],"build_version":"2020-12-22","purchased_purges":1,"victory":false,"max_hp_per_floor":[82,82,82,82,82,82,82,82,82,82,82,82,82,82,82,82,82,82,82,82,82,82,82,82],"card_choices":[{"not_picked":["UnstableBomb","SuperPerseids"],"picked":"StarBarrage","floor":1},{"not_picked":["DC","SporeBomb","LuminesStrike"],"picked":"SKIP","floor":5},{"not_picked":["6A","DC"],"picked":"MagicChant","floor":7},{"not_picked":["Acceleration","WitchOfGreed"],"picked":"EnergyFlow","floor":8},{"not_picked":["WitchLeyline","6A"],"picked":"SuperPerseids","floor":10},{"not_picked":["IllusionStar","GalacticHalo"],"picked":"EventHorizon","floor":12},{"not_picked":["GalacticHalo","BlazeAway"],"picked":"RefractionSpark","floor":13},{"not_picked":["GasGiant","MysteriousBeam","TreasureHunter"],"picked":"SKIP","floor":14},{"not_picked":["LuminesStrike+1","WitchOfGreed+1"],"picked":"MachineGunSpark","floor":18},{"not_picked":["MagicChant+1","SporeBomb+1"],"picked":"PropBag","floor":20},{"not_picked":["MysteriousBeam","ShootingEcho"],"picked":"PropBag","floor":21}],"player_experience":158283,"relics_obtained":[{"floor":9,"key":"Bag of Marbles"},{"floor":14,"key":"Frozen Egg 2"}],"event_choices":[{"damage_healed":0,"gold_gain":0,"player_choice":"Success","damage_taken":12,"relics_obtained":["Letter Opener"],"max_hp_gain":0,"max_hp_loss":0,"event_name":"Scrap Ooze","floor":2,"gold_loss":0},{"damage_healed":0,"gold_gain":0,"player_choice":"Ignored","damage_taken":0,"max_hp_gain":0,"max_hp_loss":0,"event_name":"NoteForYourself","floor":4,"gold_loss":0}],"is_beta":false,"boss_relics":[{"not_picked":["Astrolabe","Ectoplasm"],"picked":"RampagingMagicTools"}],"items_purged_floors":[11],"is_endless":false,"potions_floor_spawned":[7,8,13,16,18],"killed_by":"Snecko","ascension_level":0}}