{"host":"sc0o2qwpf9j16a4i","time":1608939377,"event":{"mods":["AchievementEnabler","BaseMod","BetterRewards","Block Reminder","Colored Map","Colored Powertips","Custom Start","Highlight Path","Minty Spire (QoL Compilation)","Relic Stats"],"gold_per_floor":[115,135,58,77,25,25,38,71,117,117,42,42,83,48,48,136,136,149,149,168,188,88,122,147,147,147,147,147,165,202,228,228,311,311,336,336,355,374,374,417,417,48,84,84,128,148,168,168,168],"floor_reached":48,"playtime":2116,"items_purged":["Strike_G","Strike_G","Defend_G"],"score":1480,"play_id":"c8bb883b-ba26-4086-81ee-bb214e9740e7","local_time":"20201226013617","is_ascension_mode":true,"campfire_choices":[{"floor":6,"key":"REST"},{"data":"Malaise","floor":12,"key":"SMITH"},{"data":"Neutralize","floor":15,"key":"SMITH"},{"data":"Wraith Form v2","floor":28,"key":"SMITH"},{"data":"Calculated Gamble","floor":32,"key":"SMITH"},{"floor":41,"key":"REST"}],"circlet_count":0,"master_deck":["AscendersBane","Strike_G","Defend_G","Defend_G","Defend_G","Defend_G","Survivor","Neutralize+1","Noxious Fumes+1","Dagger Spray","Quick Slash","Malaise+1","Backstab+1","PiercingWail","Malaise","Backflip","Deflect+1","Well Laid Plans","Wraith Form v2+1","Dash+1","Calculated Gamble+1","Wraith Form v2","Backflip","PiercingWail","Crippling Poison","Catalyst","Caltrops","Blur"],"relics":["Ring of the Snake","Akabeko","Singing Bowl","TwistedFunnel","White Beast Statue","Tough Bandages","Molten Egg 2","Strawberry","CeramicFish","Tiny Chest","Cursed Key","Boot","Smiling Mask","SlaversCollar","Centennial Puzzle","ClockworkSouvenir","FossilizedHelix"],"acts_visited":["Exordium","TheCity","TheBeyond"],"potions_floor_usage":[7,8,16,20,23,30,33,38,48,48],"damage_taken":[{"damage":0,"enemies":"Cultist","floor":1,"turns":3},{"damage":0,"enemies":"2 Louse","floor":2,"turns":1},{"damage":0,"enemies":"Small Slimes","floor":4,"turns":1},{"damage":12,"enemies":"Exordium Wildlife","floor":7,"turns":3},{"damage":1,"enemies":"3 Sentries","floor":8,"turns":7},{"damage":16,"enemies":"Gremlin Nob","floor":13,"turns":4},{"damage":16,"enemies":"The Guardian","floor":16,"turns":12},{"damage":8,"enemies":"Shell Parasite","floor":18,"turns":7},{"damage":1,"enemies":"3 Byrds","floor":20,"turns":4},{"damage":15,"enemies":"Sentry and Sphere","floor":21,"turns":7},{"damage":1,"enemies":"Book of Stabbing","floor":23,"turns":8},{"damage":0,"enemies":"Snecko","floor":24,"turns":6},{"damage":1,"enemies":"Centurion and Healer","floor":29,"turns":9},{"damage":0,"enemies":"Gremlin Leader","floor":30,"turns":7},{"damage":1,"enemies":"3 Cultists","floor":31,"turns":5},{"damage":28,"enemies":"Collector","floor":33,"turns":14},{"damage":0,"enemies":"3 Darklings","floor":35,"turns":4},{"damage":1,"enemies":"3 Shapes","floor":37,"turns":6},{"damage":10,"enemies":"Maw","floor":38,"turns":11},{"damage":25,"enemies":"Nemesis","floor":40,"turns":11},{"damage":10,"enemies":"Reptomancer","floor":45,"turns":9},{"damage":0,"enemies":"Transient","floor":46,"turns":6},{"damage":0,"enemies":"4 Shapes","floor":47,"turns":5},{"damage":69,"enemies":"2 Orb Walkers","floor":48,"turns":5}],"seed_played":"6965725360093733945","potions_obtained":[{"floor":1,"key":"DuplicationPotion"},{"floor":2,"key":"Regen Potion"},{"floor":7,"key":"DuplicationPotion"},{"floor":8,"key":"PowerPotion"},{"floor":16,"key":"SteroidPotion"},{"floor":20,"key":"Regen Potion"},{"floor":23,"key":"Energy Potion"},{"floor":30,"key":"EssenceOfSteel"},{"floor":33,"key":"Fire Potion"},{"floor":38,"key":"Ancient Potion"},{"floor":40,"key":"PowerPotion"},{"floor":46,"key":"PowerPotion"},{"floor":47,"key":"SkillPotion"}],"is_trial":false,"path_per_floor":["M","M","$","M","?","R","M","E","T","?","$","R","E","?","R","B",null,"M","?","M","M","$","E","M","T","T","?","R","M","E","M","R","B",null,"M","?","M","M","T","E","R","$","T","?","E","M","M","?"],"character_chosen":"THE_SILENT","items_purchased":["Noxious Fumes","Akabeko","Singing Bowl","TwistedFunnel","White Beast Statue","Tough Bandages","Dagger Spray","Malaise","ClockworkSouvenir","Catalyst","Caltrops"],"campfire_rested":2,"item_purchase_floors":[0,0,0,0,0,0,0,3,42,42,42],"current_hp_per_floor":[20,20,20,22,22,43,40,48,48,48,48,48,32,51,51,35,68,62,62,61,46,46,60,60,60,60,60,60,61,61,60,60,32,70,70,70,69,61,61,36,61,61,61,61,51,53,55,0,0],"gold":168,"neow_bonus":"","is_daily":false,"chose_seed":false,"campfire_upgraded":4,"win_rate":0.0,"timestamp":1608939377,"path_taken":["M","M","$","?","?","R","?","E","T","?","?","R","E","?","R","BOSS","M","?","M","?","$","E","M","?","T","?","R","M","E","?","R","BOSS","M","?","M","M","?","E","R","$","T","?","E","M","?","?"],"items_purchased_type":["Card","Relic","Relic","Relic","Relic","Relic","Card","Card","Relic","Card","Card"],"build_version":"2020-12-22","purchased_purges":3,"victory":false,"max_hp_per_floor":[68,68,68,70,70,70,70,79,79,79,79,79,79,79,79,79,79,81,81,81,81,81,81,81,81,81,81,81,83,83,83,83,83,83,83,83,83,85,85,85,85,85,85,85,85,87,89,89,89],"relic_stats":{"Tough Bandages":[255],"Centennial Puzzle":[6],"Singing Bowl":52,"counters":[67,372],"CeramicFish":144,"Tiny Chest":2,"Cursed Key":3,"Boot":[257],"Smiling Mask":75,"obtain_stats":[{"TwistedFunnel":0,"Singing Bowl":0,"CeramicFish":9,"Bag of Preparation":9,"Cursed Key":0,"Boot":10,"Smiling Mask":30,"Old Coin":40,"ClockworkSouvenir":46,"Blood Vial":43,"Dream Catcher":8,"Tough Bandages":0,"Centennial Puzzle":40,"Pantograph":24,"Strawberry":8,"Tiny Chest":13,"Toxic Egg 2":6,"Ring of the Snake":0,"Golden Idol":5,"Eternal Feather":47,"PreservedInsect":6,"The Courier":7,"Akabeko":0,"White Beast Statue":0,"SlaversCollar":34,"Busted Crown":34,"Ornamental Fan":9,"Bloody Idol":20,"Snecko Eye":17,"Pandora\u0027s Box":17,"Molten Egg 2":5,"Bag of Marbles":46,"Bottled Lightning":31,"FossilizedHelix":45},{"TwistedFunnel":43,"Singing Bowl":43,"CeramicFish":48,"Bag of Preparation":11,"Cursed Key":0,"Boot":23,"Smiling Mask":57,"Old Coin":39,"ClockworkSouvenir":40,"Blood Vial":39,"Dream Catcher":22,"Tough Bandages":43,"Centennial Puzzle":63,"Pantograph":31,"Strawberry":48,"Tiny Chest":49,"Toxic Egg 2":21,"Ring of the Snake":0,"Golden Idol":3,"Eternal Feather":41,"PreservedInsect":4,"The Courier":11,"Akabeko":43,"White Beast Statue":43,"SlaversCollar":59,"Busted Crown":35,"Ornamental Fan":22,"Bloody Idol":15,"Snecko Eye":14,"Pandora\u0027s Box":27,"Molten Egg 2":46,"Bag of Marbles":40,"Bottled Lightning":34,"FossilizedHelix":64},{"TwistedFunnel":217,"Singing Bowl":217,"CeramicFish":232,"Bag of Preparation":65,"Cursed Key":0,"Boot":119,"Smiling Mask":296,"Old Coin":192,"ClockworkSouvenir":197,"Blood Vial":192,"Dream Catcher":116,"Tough Bandages":217,"Centennial Puzzle":347,"Pantograph":146,"Strawberry":232,"Tiny Chest":236,"Toxic Egg 2":110,"Ring of the Snake":0,"Golden Idol":13,"Eternal Feather":203,"PreservedInsect":21,"The Courier":65,"Akabeko":217,"White Beast Statue":217,"SlaversCollar":315,"Busted Crown":169,"Ornamental Fan":116,"Bloody Idol":90,"Snecko Eye":84,"Pandora\u0027s Box":131,"Molten Egg 2":222,"Bag of Marbles":197,"Bottled Lightning":161,"FossilizedHelix":356}],"Ring of the Snake":[125]},"card_choices":[{"not_picked":["Blade Dance","Acrobatics","Caltrops"],"picked":"Singing Bowl","floor":1},{"not_picked":["Underhanded Strike","Reflex"],"picked":"Quick Slash","floor":2},{"not_picked":["Blur","Blade Dance","Flying Knee"],"picked":"Singing Bowl","floor":4},{"not_picked":["Deadly Poison","Slice+1"],"picked":"Backstab+1","floor":7},{"not_picked":["Prepared","Cloak And Dagger","Quick Slash+1"],"picked":"Singing Bowl","floor":8},{"not_picked":["Terror","Phantasmal Killer"],"picked":"PiercingWail","floor":13},{"not_picked":["Phantasmal Killer","After Image"],"picked":"Malaise","floor":16},{"not_picked":["Eviscerate+1","Cloak And Dagger","Caltrops"],"picked":"Singing Bowl","floor":18},{"not_picked":["PiercingWail","Dagger Throw+1"],"picked":"Backflip","floor":20},{"not_picked":["Underhanded Strike+1","Blade Dance"],"picked":"Deflect+1","floor":21},{"not_picked":["Acrobatics","Prepared"],"picked":"Well Laid Plans","floor":23},{"not_picked":["Flying Knee+1","Endless Agony+1"],"picked":"Wraith Form v2","floor":24},{"not_picked":["Outmaneuver","Concentrate","Poisoned Stab+1"],"picked":"Singing Bowl","floor":29},{"not_picked":["Endless Agony+1","Reflex"],"picked":"Dash+1","floor":30},{"not_picked":["Flying Knee+1","Underhanded Strike+1"],"picked":"Calculated Gamble","floor":31},{"not_picked":["Glass Knife+1","After Image"],"picked":"Wraith Form v2","floor":33},{"not_picked":["Endless Agony+1","Dagger Throw+1"],"picked":"Backflip","floor":35},{"not_picked":["Blade Dance","Concentrate"],"picked":"PiercingWail","floor":37},{"not_picked":["Backstab+1","Escape Plan","Cloak And Dagger"],"picked":"Singing Bowl","floor":38},{"not_picked":["Phantasmal Killer","Cloak And Dagger"],"picked":"Crippling Poison","floor":40},{"not_picked":["Skewer+1","All Out Attack+1"],"picked":"Blur","floor":45},{"not_picked":["Underhanded Strike+1","Dagger Throw+1","Outmaneuver"],"picked":"Singing Bowl","floor":46},{"not_picked":["Underhanded Strike+1","Blade Dance","All Out Attack+1"],"picked":"Singing Bowl","floor":47}],"player_experience":373107,"relics_obtained":[{"floor":8,"key":"Strawberry"},{"floor":9,"key":"CeramicFish"},{"floor":13,"key":"Tiny Chest"},{"floor":23,"key":"Boot"},{"floor":30,"key":"Smiling Mask"},{"floor":40,"key":"Centennial Puzzle"},{"floor":45,"key":"FossilizedHelix"}],"event_choices":[{"damage_healed":0,"gold_gain":0,"player_choice":"Paid Gold","damage_taken":0,"relics_obtained":["Molten Egg 2"],"max_hp_gain":0,"max_hp_loss":0,"event_name":"WeMeetAgain","floor":5,"gold_loss":52},{"damage_healed":0,"gold_gain":0,"player_choice":"Grow","damage_taken":0,"max_hp_gain":0,"max_hp_loss":0,"event_name":"Living Wall","floor":10,"gold_loss":0,"cards_upgraded":["Noxious Fumes"]},{"damage_healed":19,"gold_gain":0,"player_choice":"Healed","damage_taken":0,"max_hp_gain":0,"max_hp_loss":0,"event_name":"The Cleric","floor":14,"gold_loss":35},{"cards_removed":["Strike_G"],"damage_healed":0,"gold_gain":0,"player_choice":"Card Removal","damage_taken":0,"max_hp_gain":0,"max_hp_loss":0,"event_name":"Wheel of Change","floor":19,"gold_loss":0},{"damage_healed":0,"gold_gain":0,"player_choice":"Got Potions","damage_taken":0,"max_hp_gain":0,"max_hp_loss":0,"event_name":"Lab","floor":27,"gold_loss":0},{"cards_removed":["Strike_G"],"damage_healed":0,"gold_gain":0,"player_choice":"Card Removal","damage_taken":0,"max_hp_gain":0,"max_hp_loss":0,"event_name":"Wheel of Change","floor":36,"gold_loss":0},{"cards_removed":["Clumsy"],"damage_healed":0,"gold_gain":0,"player_choice":"Removed Curses","damage_taken":0,"max_hp_gain":0,"max_hp_loss":0,"event_name":"Fountain of Cleansing","floor":44,"gold_loss":0},{"damage_healed":0,"gold_gain":0,"player_choice":"Fight","damage_taken":0,"max_hp_gain":0,"max_hp_loss":0,"event_name":"Mysterious Sphere","floor":48,"gold_loss":0}],"is_beta":false,"boss_relics":[{"not_picked":["Sozu","Astrolabe"],"picked":"Cursed Key"},{"not_picked":["Fusion Hammer","WristBlade"],"picked":"SlaversCollar"}],"items_purged_floors":[11,22,42],"is_endless":false,"potions_floor_spawned":[1,2,4,7,8,13,16,18,20,21,23,24,29,30,31,33,35,37,38,40,45,46,47],"killed_by":"2 Orb Walkers","ascension_level":20}}