{"host":"qvl114e0jmbc6yhm","time":1608864399,"event":{"mods":["Act Like it!","BaseMod","Hermit","Highlight Path","Hubris","Jedi Mod","Marisa????????","Marked Mod","Minty Spire (QoL Compilation)","Permanent Neow","Random Character Button","Relic Sorter","Relic Stats","Replay The Spire","Shop Mod","Spicy Shops","StSLib","The Jungle","The Runesmith"],"gold_per_floor":[117,136,149,40,40,40,56,56,107,142,157,189,139,153,153,229,329,348,348,348,348,366,366,366],"floor_reached":23,"playtime":944,"items_purged":[],"score":384,"play_id":"0b579804-7285-4020-b229-09929d67bab2","local_time":"20201224214639","is_ascension_mode":true,"campfire_choices":[{"data":"BattleHymn","floor":6,"key":"SMITH"},{"data":"Vigilance","floor":8,"key":"SMITH"},{"data":"Wireheading","floor":15,"key":"SMITH"}],"circlet_count":0,"master_deck":["AscendersBane","Strike_P+1","Strike_P+1","Strike_P+1","Defend_P+1","Defend_P+1","Defend_P+1","Defend_P+1","Eruption","Vigilance+1","Wireheading+1","BattleHymn+1","Meditate+1","EmptyFist+1","FlyingSleeves","MasterReality"],"relics":["Busted Crown","Art of War","ReplayTheSpireMod:TigerMarble","Replay:Mystery Machine","Replay:Wanted Poster","MutagenicStrength"],"acts_visited":["Exordium","TheCity"],"potions_floor_usage":[16,18],"damage_taken":[{"damage":0,"enemies":"Small Slimes","floor":1,"turns":6},{"damage":2,"enemies":"Jaw Worm","floor":2,"turns":4},{"damage":7,"enemies":"2 Louse","floor":3,"turns":3},{"damage":6,"enemies":"Looter","floor":7,"turns":2},{"damage":0,"enemies":"Lagavulin","floor":10,"turns":5},{"damage":0,"enemies":"Large Slime","floor":11,"turns":3},{"damage":10,"enemies":"Gremlin Nob","floor":12,"turns":3},{"damage":2,"enemies":"Blue Slaver","floor":14,"turns":2},{"damage":21,"enemies":"Fading Forest","floor":16,"turns":11},{"damage":15,"enemies":"3 Byrds","floor":18,"turns":6},{"damage":14,"enemies":"Shell Parasite","floor":22,"turns":4},{"damage":22,"enemies":"Book of Stabbing","floor":23,"turns":3}],"seed_played":"610364868253215521","potions_obtained":[{"floor":2,"key":"Elixir"},{"floor":3,"key":"BottledMiracle"},{"floor":16,"key":"Energy Potion"},{"floor":22,"key":"SteroidPotion"}],"is_trial":false,"path_per_floor":["M","M","M","$","?","R","M","R","T","E","M","E","?","M","R","B",null,"M","?","?","?","M","E"],"character_chosen":"WATCHER","items_purchased":["Meditate+1","EmptyFist"],"campfire_rested":0,"item_purchase_floors":[4,4],"current_hp_per_floor":[61,59,52,52,38,38,32,32,32,32,32,22,22,20,20,15,55,40,40,40,28,14,0,0],"gold":366,"neow_bonus":"BOSS_RELIC","is_daily":false,"chose_seed":false,"campfire_upgraded":3,"win_rate":0.0,"timestamp":1608864399,"path_taken":["M","M","M","$","?","R","M","R","T","E","M","E","?","M","R","BOSS","M","?","?","?","M","E"],"items_purchased_type":["Card","Card"],"build_version":"2020-12-22","purchased_purges":0,"victory":false,"max_hp_per_floor":[68,68,68,68,68,68,68,68,68,68,68,68,68,68,68,68,68,68,68,68,73,73,73,73],"relic_stats":{"Busted Crown":22,"counters":[12,52],"Art of War":[3],"obtain_stats":[{"Replay:Wanted Poster":17,"Busted Crown":0,"MutagenicStrength":20,"Art of War":9,"ReplayTheSpireMod:TigerMarble":10,"PureWater":0,"Replay:Mystery Machine":12},{"Replay:Wanted Poster":9,"Busted Crown":0,"MutagenicStrength":10,"Art of War":4,"ReplayTheSpireMod:TigerMarble":5,"PureWater":0,"Replay:Mystery Machine":7},{"Replay:Wanted Poster":39,"Busted Crown":0,"MutagenicStrength":45,"Art of War":15,"ReplayTheSpireMod:TigerMarble":20,"PureWater":0,"Replay:Mystery Machine":26}]},"card_choices":[{"not_picked":["MarkedMod:Acupuncture"],"picked":"SKIP","floor":1},{"not_picked":[],"picked":"Wireheading","floor":2},{"not_picked":[],"picked":"BattleHymn","floor":3},{"not_picked":[],"picked":"FlyingSleeves","floor":7},{"not_picked":["MarkedMod:Acupuncture"],"picked":"SKIP","floor":10},{"not_picked":["JustLucky"],"picked":"SKIP","floor":11},{"not_picked":["JustLucky"],"picked":"SKIP","floor":12},{"not_picked":["BattleHymn"],"picked":"SKIP","floor":14},{"not_picked":[],"picked":"MasterReality","floor":16},{"not_picked":["ForeignInfluence"],"picked":"SKIP","floor":18},{"not_picked":["Prostrate"],"picked":"SKIP","floor":22}],"player_experience":2398286,"relics_obtained":[{"floor":9,"key":"Art of War"},{"floor":10,"key":"ReplayTheSpireMod:TigerMarble"},{"floor":12,"key":"Replay:Mystery Machine"}],"event_choices":[{"damage_healed":0,"gold_gain":0,"player_choice":"Entered Light","damage_taken":14,"max_hp_gain":0,"max_hp_loss":0,"event_name":"Shining Light","floor":5,"gold_loss":0,"cards_upgraded":["Strike_P","EmptyFist"]},{"cards_removed":["Strike_P"],"damage_healed":0,"gold_gain":0,"player_choice":"Card Removal","damage_taken":0,"max_hp_gain":0,"max_hp_loss":0,"event_name":"The Cleric","floor":13,"gold_loss":50},{"damage_healed":0,"gold_gain":0,"player_choice":"Simplicity","damage_taken":0,"max_hp_gain":0,"max_hp_loss":0,"event_name":"Back to Basics","floor":19,"gold_loss":0,"cards_upgraded":["Strike_P","Strike_P","Defend_P","Defend_P","Defend_P","Defend_P"]},{"damage_healed":0,"gold_gain":0,"player_choice":"Inject Mutagens","damage_taken":0,"relics_obtained":["MutagenicStrength"],"max_hp_gain":0,"max_hp_loss":0,"event_name":"Drug Dealer","floor":20,"gold_loss":0},{"damage_healed":0,"gold_gain":0,"player_choice":"Shed Blood","damage_taken":17,"max_hp_gain":5,"max_hp_loss":0,"event_name":"Forgotten Altar","floor":21,"gold_loss":0}],"is_beta":false,"boss_relics":[{"not_picked":["ReplayTheSpireMod:DimensionalGlitch","jedi:battlestandard"],"picked":"Replay:Wanted Poster"}],"items_purged_floors":[],"is_endless":false,"potions_floor_spawned":[2,3,14,16,22],"killed_by":"Book of Stabbing","ascension_level":14}}