{"host":"wkq136ike0ligh15","time":1608926464,"event":{"mods":["Bard","BaseMod","Clockwork Mod","Minty Spire (QoL Compilation)","StSLib"],"gold_per_floor":[113,19,37,37,61,91,109,122,122,122,156,175,175,210,210,333,333,351,375,13,13,13,54,70,70,95,118,118,142,142,155,155,280,280,305,305,143,159,179,217,238,257,257,257,38,81,81,137,137,137,137,137,11,47,47,47],"floor_reached":55,"playtime":2073,"items_purged":["Writhe"],"score":767,"play_id":"52da5205-010e-4e30-a1c9-fe5ac8b8c214","local_time":"20201225150104","is_ascension_mode":false,"campfire_choices":[{"floor":13.0,"key":"REST"},{"floor":15.0,"key":"RECALL"},{"floor":25.0,"key":"REST"},{"floor":30.0,"key":"REST"},{"floor":32.0,"key":"REST"},{"floor":44.0,"key":"REST"},{"floor":49.0,"key":"REST"},{"data":"Predator","floor":52.0,"key":"SMITH"}],"circlet_count":0,"master_deck":["Strike_G+1","Strike_G+1","Strike_G+1","Strike_G+1","Strike_G+1","Defend_G+1","Defend_G+1","Defend_G+1","Defend_G+1","Defend_G+1","Survivor","Neutralize","Choke","Backstab","Flying Knee","Underhanded Strike","Calculated Gamble","Flying Knee","Outmaneuver","Predator+1","Dodge and Roll+1","Unload","Corpse Explosion+1","Terror+1","Acrobatics+1","Flying Knee","Slice","Prepared+1","Prepared+1","Masterful Stab+1","Quick Slash+1","Terror+1","Bullet Time+1","CurseOfTheBell","Quick Slash+1","Noxious Fumes","Trip+1","Skewer+1","Distraction+1","Eviscerate+1","Poisoned Stab+1","Blade Dance+1","Blur+1","Caltrops+1","Doubt","Caltrops+1","Dagger Throw+1","Accuracy"],"relics":["Busted Crown","Orichalcum","Ornamental Fan","Toxic Egg 2","Golden Idol","Bottled Lightning","Mercury Hourglass","SlaversCollar","HornCleat","Kunai","Molten Egg 2","Bag of Preparation","Calling Bell","Lantern","Pear","The Specimen","Nunchaku","TwistedFunnel","Tingsha","Unceasing Top","Vajra"],"acts_visited":["Exordium","TheCity","TheBeyond","TheEnding"],"potions_floor_usage":[],"damage_taken":[{"damage":0.0,"enemies":"Cultist","floor":1.0,"turns":4.0},{"damage":0.0,"enemies":"2 Louse","floor":3.0,"turns":2.0},{"damage":13.0,"enemies":"3 Sentries","floor":6.0,"turns":7.0},{"damage":2.0,"enemies":"Jaw Worm","floor":7.0,"turns":3.0},{"damage":1.0,"enemies":"3 Louse","floor":8.0,"turns":4.0},{"damage":14.0,"enemies":"Gremlin Nob","floor":11.0,"turns":4.0},{"damage":3.0,"enemies":"Exordium Thugs","floor":12.0,"turns":3.0},{"damage":12.0,"enemies":"3 Sentries","floor":14.0,"turns":6.0},{"damage":28.0,"enemies":"The Guardian","floor":16.0,"turns":17.0},{"damage":17.0,"enemies":"2 Thieves","floor":18.0,"turns":4.0},{"damage":19.0,"enemies":"3 Byrds","floor":19.0,"turns":3.0},{"damage":22.0,"enemies":"Slavers","floor":23.0,"turns":4.0},{"damage":3.0,"enemies":"Centurion and Healer","floor":24.0,"turns":3.0},{"damage":11.0,"enemies":"Snake Plant","floor":27.0,"turns":2.0},{"damage":6.0,"enemies":"Sentry and Sphere","floor":29.0,"turns":5.0},{"damage":10.0,"enemies":"3 Cultists","floor":31.0,"turns":4.0},{"damage":39.0,"enemies":"Automaton","floor":33.0,"turns":8.0},{"damage":0.0,"enemies":"3 Darklings","floor":35.0,"turns":4.0},{"damage":1.0,"enemies":"Orb Walker","floor":38.0,"turns":3.0},{"damage":0.0,"enemies":"3 Darklings","floor":39.0,"turns":4.0},{"damage":60.0,"enemies":"Giant Head","floor":40.0,"turns":8.0},{"damage":2.0,"enemies":"Transient","floor":41.0,"turns":5.0},{"damage":3.0,"enemies":"Sphere and 2 Shapes","floor":42.0,"turns":5.0},{"damage":15.0,"enemies":"Reptomancer","floor":46.0,"turns":5.0},{"damage":25.0,"enemies":"2 Orb Walkers","floor":48.0,"turns":3.0},{"damage":63.0,"enemies":"Awakened One","floor":50.0,"turns":11.0},{"damage":8.0,"enemies":"Shield and Spear","floor":54.0,"turns":2.0},{"damage":68,"enemies":"The Heart","floor":55,"turns":3}],"seed_played":"-3307399729465370524","potions_obtained":[{"floor":1.0,"key":"PowerPotion"},{"floor":6.0,"key":"Regen Potion"},{"floor":8.0,"key":"Poison Potion"},{"floor":16.0,"key":"Fire Potion"},{"floor":23.0,"key":"DuplicationPotion"},{"floor":24.0,"key":"Weak Potion"},{"floor":33.0,"key":"Ancient Potion"},{"floor":35.0,"key":"Dexterity Potion"},{"floor":41.0,"key":"Strength Potion"}],"is_trial":false,"path_per_floor":["M","$","M","?","T","E","M","M","T","?","E","M","R","E","R","B",null,"M","M","$","?","?","E","M","R","T","M","?","M","R","M","R","B",null,"M","?","$","M","M","E","M","M","T","R","$","E","?","?","R","B",null,"R","$","E","B"],"character_chosen":"THE_SILENT","items_purchased":["Backstab","Flying Knee","HornCleat","Flying Knee","Slice","Noxious Fumes","Trip+1","TwistedFunnel","Blur+1","Dagger Throw+1"],"campfire_rested":6,"item_purchase_floors":[2,2,20,20,20,37,37,45,45,53],"current_hp_per_floor":[70,70,70,56,56,43,50,49,49,49,35,32,51,39,39,11,65,48,29,29,29,50,28,25,44,44,33,33,27,46,36,55,16,75,75,75,75,74,74,14,12,9,9,31,31,16,75,50,72,9,75,75,75,67,0,0],"gold":47,"neow_bonus":"BOSS_RELIC","is_daily":false,"chose_seed":false,"campfire_upgraded":1,"win_rate":0.0,"timestamp":1608926464,"path_taken":["M","?","M","?","?","E","M","M","T","?","E","?","R","E","R","BOSS","M","M","$","?","?","E","M","R","T","M","?","M","R","M","R","BOSS","M","?","?","M","M","E","M","M","T","R","$","E","?","?","R","BOSS","R","$","E","BOSS"],"items_purchased_type":["Card","Card","Relic","Card","Card","Card","Card","Relic","Card","Card"],"build_version":"2020-12-22","purchased_purges":1,"victory":false,"max_hp_per_floor":[70,70,70,70,70,70,70,70,70,65,65,65,65,65,65,65,65,65,65,65,65,65,65,65,65,65,65,65,65,65,65,65,65,75,75,75,75,75,75,75,75,75,75,75,75,75,75,75,75,75,75,75,75,75,75,75],"card_choices":[{"not_picked":[],"picked":"Choke","floor":1.0},{"not_picked":[],"picked":"Underhanded Strike","floor":3.0},{"not_picked":[],"picked":"Calculated Gamble","floor":6.0},{"not_picked":[],"picked":"Flying Knee","floor":7.0},{"not_picked":[],"picked":"Outmaneuver","floor":8.0},{"not_picked":[],"picked":"Predator","floor":11.0},{"not_picked":[],"picked":"Dodge and Roll+1","floor":12.0},{"not_picked":[],"picked":"Unload","floor":14.0},{"not_picked":[],"picked":"Corpse Explosion+1","floor":16.0},{"not_picked":[],"picked":"Terror+1","floor":18.0},{"not_picked":[],"picked":"Acrobatics+1","floor":19.0},{"not_picked":[],"picked":"Prepared+1","floor":23.0},{"not_picked":[],"picked":"Prepared+1","floor":24.0},{"not_picked":[],"picked":"Masterful Stab+1","floor":27.0},{"not_picked":[],"picked":"Quick Slash+1","floor":29.0},{"not_picked":[],"picked":"Terror+1","floor":31.0},{"not_picked":[],"picked":"Bullet Time+1","floor":33.0},{"not_picked":[],"picked":"Quick Slash+1","floor":35.0},{"not_picked":[],"picked":"Skewer+1","floor":38.0},{"not_picked":[],"picked":"Distraction+1","floor":39.0},{"not_picked":[],"picked":"Eviscerate+1","floor":40.0},{"not_picked":[],"picked":"Poisoned Stab+1","floor":41.0},{"not_picked":[],"picked":"Blade Dance+1","floor":42.0},{"not_picked":[],"picked":"Caltrops+1","floor":46.0},{"not_picked":[],"picked":"Caltrops+1","floor":48.0},{"not_picked":[],"picked":"Accuracy","floor":54.0}],"player_experience":243161,"relics_obtained":[{"floor":5.0,"key":"Orichalcum"},{"floor":6.0,"key":"Ornamental Fan"},{"floor":9.0,"key":"Toxic Egg 2"},{"floor":11.0,"key":"Bottled Lightning"},{"floor":14.0,"key":"Mercury Hourglass"},{"floor":23.0,"key":"Molten Egg 2"},{"floor":26.0,"key":"Bag of Preparation"},{"floor":34.0,"key":"Lantern"},{"floor":34.0,"key":"Pear"},{"floor":34.0,"key":"The Specimen"},{"floor":40.0,"key":"Nunchaku"},{"floor":46.0,"key":"Tingsha"},{"floor":48.0,"key":"Unceasing Top"},{"floor":54.0,"key":"Vajra"}],"event_choices":[{"damage_healed":0.0,"max_hp_gain":0.0,"max_hp_loss":0.0,"gold_gain":0.0,"event_name":"Shining Light","player_choice":"Entered Light","floor":4.0,"gold_loss":0.0,"damage_taken":14.0,"cards_upgraded":["Strike_G","Defend_G"]},{"damage_healed":0.0,"max_hp_gain":0.0,"max_hp_loss":5.0,"gold_gain":0.0,"event_name":"Golden Idol","player_choice":"Lose Max HP","floor":10.0,"gold_loss":0.0,"damage_taken":0.0,"relics_obtained":["Golden Idol"]},{"damage_healed":0.0,"max_hp_gain":0.0,"max_hp_loss":0.0,"gold_gain":0.0,"event_name":"The Mausoleum","player_choice":"Opened","floor":21.0,"gold_loss":0.0,"damage_taken":0.0,"relics_obtained":["Kunai"],"cards_obtained":["Writhe"]},{"damage_healed":21.0,"max_hp_gain":0.0,"max_hp_loss":0.0,"gold_gain":0.0,"event_name":"The Library","player_choice":"Heal","floor":22.0,"gold_loss":0.0,"damage_taken":0.0},{"damage_healed":0.0,"max_hp_gain":0.0,"max_hp_loss":0.0,"gold_gain":0.0,"event_name":"Back to Basics","player_choice":"Simplicity","floor":28.0,"gold_loss":0.0,"damage_taken":0.0,"cards_upgraded":["Strike_G","Strike_G","Strike_G","Strike_G","Defend_G","Defend_G","Defend_G","Defend_G"]},{"damage_healed":0.0,"max_hp_gain":0.0,"max_hp_loss":0.0,"gold_gain":0.0,"event_name":"The Woman in Blue","player_choice":"Bought 0 Potions","floor":36.0,"gold_loss":0.0,"damage_taken":0.0},{"damage_healed":59.0,"max_hp_gain":0.0,"max_hp_loss":0.0,"gold_gain":0.0,"event_name":"MindBloom","player_choice":"Heal","floor":47.0,"gold_loss":0.0,"damage_taken":0.0,"cards_obtained":["Doubt"]},{"damage_healed":0.0,"max_hp_gain":0.0,"max_hp_loss":0.0,"gold_gain":0.0,"event_name":"Mysterious Sphere","player_choice":"Fight","floor":48.0,"gold_loss":0.0,"damage_taken":0.0}],"is_beta":false,"boss_relics":[{"not_picked":["Philosopher\u0027s Stone","Fusion Hammer"],"picked":"SlaversCollar"},{"not_picked":["Sozu","Velvet Choker"],"picked":"Calling Bell"}],"items_purged_floors":[53],"is_endless":false,"potions_floor_spawned":[1,6,8,16,23,24,33,35,39,41],"killed_by":"The Heart","ascension_level":0}}