{"host":"qxeepl7ydvsgmfdb","time":1608877644,"event":{"mods":["AchievementEnabler","BaseMod","Colored Powertips","Minty Spire (QoL Compilation)","Quick Restart","slay the spire mod where everything is the same but ironclad has a cowboy hat"],"gold_per_floor":[114,189,209,384,161,194,224,238,238,238,150,177,195,39,39,143,143,158,158,171,181,192,192,192],"floor_reached":23,"playtime":708,"items_purged":["Doubt"],"score":271,"play_id":"29514ed7-de16-4686-9ce5-5a192bfb1ad9","local_time":"20201225012724","is_ascension_mode":true,"campfire_choices":[{"data":"Redo","floor":10.0,"key":"SMITH"},{"floor":15.0,"key":"REST"}],"circlet_count":0,"master_deck":["Strike_B","Strike_B","Strike_B","Strike_B+1","Defend_B","Defend_B","Defend_B","Defend_B","Zap","Dualcast","Redo+1","Melter","Cold Snap","Sweeping Beam","Genetic Algorithm","Flash of Steel+1","BootSequence","CurseOfTheBell","Stack+1","Capacitor+1","Electrodynamics"],"relics":["Cracked Core","NeowsBlessing","Oddly Smooth Stone","Torii","Odd Mushroom","Question Card","Whetstone","DataDisk","Calling Bell","Omamori","Meat on the Bone","Prayer Wheel"],"acts_visited":["Exordium","TheCity"],"potions_floor_usage":[20,20,23,23],"damage_taken":[{"damage":0.0,"enemies":"2 Louse","floor":1.0,"turns":1.0},{"damage":0.0,"enemies":"Jaw Worm","floor":3.0,"turns":1.0},{"damage":0.0,"enemies":"Gremlin Nob","floor":6.0,"turns":1.0},{"damage":20.0,"enemies":"The Mushroom Lair","floor":7.0,"turns":5.0},{"damage":0.0,"enemies":"Cultist","floor":8.0,"turns":3.0},{"damage":23.0,"enemies":"Lagavulin","floor":12.0,"turns":6.0},{"damage":2.0,"enemies":"Blue Slaver","floor":13.0,"turns":3.0},{"damage":24.0,"enemies":"Hexaghost","floor":16.0,"turns":13.0},{"damage":1.0,"enemies":"Chosen","floor":18.0,"turns":4.0},{"damage":6,"enemies":"Shell Parasite","floor":20,"turns":3},{"damage":47,"enemies":"Centurion and Healer","floor":21,"turns":8},{"damage":24,"enemies":"Cultist and Chosen","floor":22,"turns":5},{"damage":23,"enemies":"Book of Stabbing","floor":23,"turns":4}],"seed_played":"-8236809689758386641","potions_obtained":[{"floor":3.0,"key":"ColorlessPotion"},{"floor":7.0,"key":"Block Potion"},{"floor":16.0,"key":"Strength Potion"},{"floor":18.0,"key":"Fire Potion"},{"floor":21,"key":"PowerPotion"},{"floor":22,"key":"DistilledChaos"}],"is_trial":false,"path_per_floor":["M","?","M","?","$","E","?","M","T","R","$","E","M","$","R","B",null,"M","?","M","M","M","E"],"character_chosen":"DEFECT","items_purchased":["Oddly Smooth Stone","Flash of Steel","DataDisk"],"campfire_rested":1,"item_purchase_floors":[5,11,14],"current_hp_per_floor":[75,64,64,64,64,64,44,44,44,44,44,21,19,19,41,17,75,74,74,68,33,21,0,0],"gold":192,"neow_bonus":"THREE_ENEMY_KILL","is_daily":false,"chose_seed":false,"campfire_upgraded":1,"win_rate":0.0,"timestamp":1608877644,"path_taken":["M","?","M","?","$","E","?","M","T","R","$","E","M","?","R","BOSS","M","?","M","M","M","E"],"items_purchased_type":["Relic","Card","Relic"],"build_version":"2020-12-22","purchased_purges":1,"victory":false,"max_hp_per_floor":[75,75,75,75,75,75,75,75,75,75,75,75,75,75,75,75,75,75,75,75,75,75,75,75],"card_choices":[{"not_picked":["Self Repair","Aggregate"],"picked":"Redo","floor":1.0},{"not_picked":["Rebound","Static Discharge"],"picked":"Melter","floor":3.0},{"not_picked":["Skim","Gash"],"picked":"Cold Snap","floor":6.0},{"not_picked":["Gash","Force Field"],"picked":"Sweeping Beam","floor":7.0},{"not_picked":["Heatsinks","Recycle"],"picked":"Genetic Algorithm","floor":8.0},{"not_picked":["Consume","Amplify","Coolheaded","Steam Power"],"picked":"SKIP","floor":12.0},{"not_picked":["Loop","Gash","Double Energy"],"picked":"BootSequence","floor":13.0},{"not_picked":["Conserve Battery","Redo","Biased Cognition"],"picked":"Stack+1","floor":18.0},{"not_picked":["Genetic Algorithm","Hologram","Steam","Conserve Battery"],"picked":"SKIP","floor":18.0},{"not_picked":["Auto Shields","Cold Snap","Aggregate"],"picked":"Capacitor+1","floor":20},{"not_picked":["Glacier","Compile Driver","Scrape","Go for the Eyes"],"picked":"SKIP","floor":20},{"not_picked":["Self Repair+1","Reprogram+1","Coolheaded"],"picked":"Electrodynamics","floor":21},{"not_picked":["Compile Driver+1","Consume+1","Conserve Battery","Streamline"],"picked":"SKIP","floor":21},{"not_picked":["Sunder","Steam Power","Turbo","Heatsinks"],"picked":"SKIP","floor":22},{"not_picked":["Consume+1","Compile Driver","Static Discharge+1","Double Energy"],"picked":"SKIP","floor":22}],"player_experience":365691,"relics_obtained":[{"floor":6.0,"key":"Torii"},{"floor":7.0,"key":"Odd Mushroom"},{"floor":9.0,"key":"Question Card"},{"floor":12.0,"key":"Whetstone"},{"floor":17.0,"key":"Omamori"},{"floor":17.0,"key":"Meat on the Bone"},{"floor":17.0,"key":"Prayer Wheel"}],"event_choices":[{"damage_healed":0.0,"max_hp_gain":0.0,"max_hp_loss":0.0,"gold_gain":75.0,"event_name":"World of Goop","player_choice":"Gather Gold","floor":2.0,"gold_loss":0.0,"damage_taken":11.0},{"damage_healed":0.0,"max_hp_gain":0.0,"max_hp_loss":0.0,"gold_gain":175.0,"event_name":"Liars Game","player_choice":"AGREE","floor":4.0,"gold_loss":0.0,"damage_taken":0.0,"cards_obtained":["Doubt"]},{"damage_healed":0.0,"max_hp_gain":0.0,"max_hp_loss":0.0,"gold_gain":0.0,"event_name":"Mushrooms","player_choice":"Fought Mushrooms","floor":7.0,"gold_loss":0.0,"damage_taken":0.0},{"damage_healed":0.0,"max_hp_gain":0.0,"max_hp_loss":0.0,"gold_gain":0.0,"event_name":"Vampires","player_choice":"Ignored","floor":19.0,"gold_loss":0.0,"damage_taken":0.0}],"is_beta":false,"boss_relics":[{"not_picked":["Runic Pyramid","Sozu"],"picked":"Calling Bell"}],"items_purged_floors":[5],"is_endless":false,"potions_floor_spawned":[3,7,16,18,21,22],"killed_by":"Book of Stabbing","ascension_level":4}}