{"host":"g9y2ptialarrkhtq","time":1608907515,"event":{"mods":["BaseMod","Minty Spire (QoL Compilation)","StSLib","≤–¡Ù÷ÆŒÔ"],"gold_per_floor":[116,116,132,149,77,107,107,133,133,133,57,57,73,90,90,194,194,213,213,312,312,312,312,330,360,360,360,360,373,156,166,166,265,265,279,355,372,384,191,225,275,275,325,325,345,345,370,397,397,397,397,397,42,72,72],"floor_reached":56,"playtime":3762,"items_purged":["PlaceholderMod:BaseDefend+1","PlaceholderMod:ParasiteChange"],"score":1351,"play_id":"b847e930-119c-4609-879e-98d9cd63e9ac","local_time":"20201225224515","is_ascension_mode":false,"campfire_choices":[{"floor":7.0,"key":"REST"},{"floor":10.0,"key":"REST"},{"floor":15.0,"key":"REST"},{"data":"PlaceholderMod:Assimilation","floor":23.0,"key":"SMITH"},{"data":"PlaceholderMod:DoublePoint","floor":28,"key":"SMITH"},{"floor":32,"key":"REST"},{"floor":42,"key":"RECALL"},{"data":"PlaceholderMod:Crystallization","floor":49,"key":"SMITH"},{"data":"PlaceholderMod:ThreeBenzyolStart","floor":52,"key":"SMITH"}],"circlet_count":0,"master_deck":["PlaceholderMod:BaseStrike+1","PlaceholderMod:BaseStrike+1","PlaceholderMod:BaseStrike+1","PlaceholderMod:BaseDefend+1","PlaceholderMod:BaseDefend+1","PlaceholderMod:BaseDefend+1","PlaceholderMod:BaseDefend+1","PlaceholderMod:PoisonWhip","PlaceholderMod:HardStrike","PlaceholderMod:DoublePoint+1","PlaceholderMod:DiffusionPoison","PlaceholderMod:PoisonBlast","PlaceholderMod:ThreeBenzyolStart+1","PlaceholderMod:DissolvingSpikes","PlaceholderMod:Assimilation+1","CurseOfTheBell","PlaceholderMod:Corrosion+1","PlaceholderMod:StressReaction+1","PlaceholderMod:EnergyAbsorb+1","PlaceholderMod:CycleAttack+1","PlaceholderMod:PoisonAbsorb+1","PlaceholderMod:Eat+1","PlaceholderMod:Crystallization+1","PlaceholderMod:MultipleOxi+1","PlaceholderMod:FastReaction+1","PlaceholderMod:DiffusionChemical+1","PlaceholderMod:MultiReaction+1","PlaceholderMod:Crystallization+1","PlaceholderMod:Activation+1","PlaceholderMod:AngryAttack+1"],"relics":["PlaceholderMod:Tancle","NeowsBlessing","Mummified Hand","Odd Mushroom","Matryoshka","Calling Bell","Omamori","Letter Opener","WingedGreaves","Toxic Egg 2","Potion Belt","Molten Egg 2","Ancient Tea Set","Akabeko","Orichalcum","Juzu Bracelet","Snecko Eye","Pantograph","Nunchaku","Gambling Chip","Bottled Flame","PreservedInsect","Bag of Marbles","PlaceholderMod:DeVermisMysteriis"],"acts_visited":["Exordium","TheCity","TheBeyond","TheEnding"],"potions_floor_usage":[25,25,25,41,50,55,55],"damage_taken":[{"damage":0.0,"enemies":"2 Louse","floor":1.0,"turns":1.0},{"damage":0.0,"enemies":"Cultist","floor":3.0,"turns":1.0},{"damage":0.0,"enemies":"Jaw Worm","floor":4.0,"turns":1.0},{"damage":31.0,"enemies":"Lagavulin","floor":6.0,"turns":6.0},{"damage":14.0,"enemies":"The Mushroom Lair","floor":8.0,"turns":4.0},{"damage":11.0,"enemies":"3 Louse","floor":13.0,"turns":3.0},{"damage":16.0,"enemies":"Large Slime","floor":14.0,"turns":6.0},{"damage":34.0,"enemies":"Hexaghost","floor":16.0,"turns":6.0},{"damage":17.0,"enemies":"2 Thieves","floor":18.0,"turns":4.0},{"damage":3.0,"enemies":"Chosen","floor":24.0,"turns":3.0},{"damage":25,"enemies":"Gremlin Leader","floor":25,"turns":4},{"damage":25,"enemies":"Centurion and Healer","floor":29,"turns":5},{"damage":6,"enemies":"3 Cultists","floor":31,"turns":5},{"damage":23,"enemies":"Collector","floor":33,"turns":8},{"damage":9,"enemies":"Orb Walker","floor":35,"turns":4},{"damage":15,"enemies":"3 Darklings","floor":37,"turns":4},{"damage":0,"enemies":"Transient","floor":38,"turns":5},{"damage":0,"enemies":"Nemesis","floor":40,"turns":5},{"damage":12,"enemies":"Mind Bloom Boss Battle","floor":41,"turns":4},{"damage":0,"enemies":"4 Shapes","floor":45,"turns":2},{"damage":0,"enemies":"Giant Head","floor":47,"turns":6},{"damage":3,"enemies":"Nemesis","floor":48,"turns":5},{"damage":0,"enemies":"Donu and Deca","floor":50,"turns":3},{"damage":1,"enemies":"Shield and Spear","floor":54,"turns":2},{"damage":59,"enemies":"The Heart","floor":55,"turns":5}],"seed_played":"-4056291478993781165","potions_obtained":[{"floor":3.0,"key":"DuplicationPotion"},{"floor":13.0,"key":"Block Potion"},{"floor":14.0,"key":"SteroidPotion"},{"floor":16.0,"key":"FearPotion"},{"floor":18.0,"key":"Explosive Potion"},{"floor":33,"key":"Strength Potion"},{"floor":37,"key":"SpeedPotion"},{"floor":41,"key":"DistilledChaos"},{"floor":54,"key":"AttackPotion"}],"is_trial":false,"path_per_floor":["M","?","M","M","$","E","R","?","T","R","$","?","M","M","R","B",null,"M","?","?","?","?","R","M","E","T","T","R","M","$","M","R","B",null,"M","T","M","M","$","E","?","R","T","?","M","?","E","E","R","B",null,"R","$","E","B",null],"character_chosen":"THE_PLACEHOLDER","items_purchased":["PlaceholderMod:DoublePoint","PlaceholderMod:ThreeBenzyolStart","Juzu Bracelet","PlaceholderMod:Stable","PlaceholderMod:DiffusionChemical+1","AttackPotion","Bag of Marbles","EntropicBrew"],"campfire_rested":4,"item_purchase_floors":[5,11,30,30,39,39,53,53],"current_hp_per_floor":[78,78,78,78,78,47,70,56,56,78,78,71,60,44,67,33,78,65,65,65,65,65,65,67,47,47,47,47,27,27,21,50,32,102,93,93,90,102,102,107,95,95,95,95,95,95,101,109,109,117,117,117,117,116,58],"gold":72,"neow_bonus":"THREE_ENEMY_KILL","is_daily":false,"chose_seed":false,"campfire_upgraded":4,"win_rate":0.0,"timestamp":1608907515,"path_taken":["M","?","?","M","$","E","R","?","T","R","$","?","M","M","R","BOSS","M","?","?","?","?","R","?","E","T","?","R","M","$","M","R","BOSS","M","?","M","M","$","E","?","R","T","?","M","?","E","E","R","BOSS","R","$","E","BOSS"],"items_purchased_type":["Card","Card","Relic","Card","Card","Potion","Relic","Potion"],"build_version":"2020-12-22","purchased_purges":2,"victory":true,"max_hp_per_floor":[78,78,78,78,78,78,78,78,78,78,78,78,78,78,78,78,78,82,82,82,82,82,82,87,92,92,92,92,97,97,97,97,102,102,102,102,102,102,102,107,107,107,107,107,107,107,107,112,112,117,117,117,117,117,117],"card_choices":[{"not_picked":["PlaceholderMod:OHStrongAttack","PlaceholderMod:AttackAsDefend"],"picked":"PlaceholderMod:HardStrike","floor":1.0},{"not_picked":["PlaceholderMod:SeverePoisonStrike","PlaceholderMod:PoisonExcitation","PlaceholderMod:AttackAsDefend"],"picked":"SKIP","floor":3.0},{"not_picked":["PlaceholderMod:ProliferateStrike","PlaceholderMod:SprayAttack","PlaceholderMod:DirectingGroup"],"picked":"SKIP","floor":4.0},{"not_picked":["PlaceholderMod:ProliferateStrike","PlaceholderMod:HardStinger"],"picked":"PlaceholderMod:DiffusionPoison","floor":6.0},{"not_picked":["PlaceholderMod:HornyBlast","PlaceholderMod:ProliferateStrike"],"picked":"PlaceholderMod:PoisonBlast","floor":8.0},{"not_picked":["PlaceholderMod:HardStinger","PlaceholderMod:SprayAttack","PlaceholderMod:RadicalHit"],"picked":"SKIP","floor":13.0},{"not_picked":["PlaceholderMod:Internalization","PlaceholderMod:Turn"],"picked":"PlaceholderMod:DissolvingSpikes","floor":14.0},{"not_picked":["PlaceholderMod:CorePoison","PlaceholderMod:AbsorbTouch"],"picked":"PlaceholderMod:Assimilation","floor":16.0},{"not_picked":["PlaceholderMod:ChainPoly","PlaceholderMod:SpinBlade"],"picked":"PlaceholderMod:ParasiteChange","floor":18.0},{"not_picked":["PlaceholderMod:PoisonAbsorb+1","PlaceholderMod:AttackAsDefend"],"picked":"PlaceholderMod:StressReaction+1","floor":24.0},{"not_picked":["PlaceholderMod:SeverePoisonStrike","PlaceholderMod:Corrosion+1"],"picked":"PlaceholderMod:EnergyAbsorb+1","floor":25},{"not_picked":["PlaceholderMod:FastReaction+1","PlaceholderMod:RadicalHit+1"],"picked":"PlaceholderMod:CycleAttack+1","floor":29},{"not_picked":["PlaceholderMod:Stable+1","PlaceholderMod:StrongAcid+1"],"picked":"PlaceholderMod:PoisonAbsorb+1","floor":31},{"not_picked":["PlaceholderMod:Assimilation+1","PlaceholderMod:InnerSoften+1"],"picked":"PlaceholderMod:Eat+1","floor":33},{"not_picked":["PlaceholderMod:PoisonAbsorb+1","PlaceholderMod:Sweep+1"],"picked":"PlaceholderMod:Crystallization+1","floor":35},{"not_picked":["PlaceholderMod:AngryAttack+1","PlaceholderMod:Polyp+1"],"picked":"PlaceholderMod:MultipleOxi+1","floor":37},{"not_picked":["PlaceholderMod:ProliferateStrike+1","PlaceholderMod:CrystallizationStrike+1"],"picked":"PlaceholderMod:FastReaction+1","floor":38},{"not_picked":["PlaceholderMod:SubstitutionNucleophilic1+1","PlaceholderMod:StressReaction+1"],"picked":"PlaceholderMod:MultiReaction+1","floor":40},{"not_picked":["PlaceholderMod:Package+1","PlaceholderMod:MultipleOxi+1"],"picked":"PlaceholderMod:Crystallization","floor":45},{"not_picked":["PlaceholderMod:TriggerStrike+1","PlaceholderMod:SpinBlade+1","PlaceholderMod:Activation+1"],"picked":"SKIP","floor":47},{"not_picked":["PlaceholderMod:TriggerStrike+1","PlaceholderMod:SpinBlade+1"],"picked":"PlaceholderMod:Activation+1","floor":47},{"not_picked":["PlaceholderMod:HornyBlast+1","PlaceholderMod:HardStinger+1","PlaceholderMod:Turn+1"],"picked":"SKIP","floor":48},{"not_picked":["PlaceholderMod:ChainPoly+1","PlaceholderMod:Package+1"],"picked":"PlaceholderMod:AngryAttack+1","floor":54}],"player_experience":103354,"relics_obtained":[{"floor":6.0,"key":"Mummified Hand"},{"floor":8.0,"key":"Odd Mushroom"},{"floor":9.0,"key":"Matryoshka"},{"floor":17.0,"key":"Omamori"},{"floor":17.0,"key":"Letter Opener"},{"floor":17.0,"key":"WingedGreaves"},{"floor":25,"key":"Potion Belt"},{"floor":26,"key":"Molten Egg 2"},{"floor":26,"key":"Ancient Tea Set"},{"floor":27,"key":"Akabeko"},{"floor":27,"key":"Orichalcum"},{"floor":36,"key":"Pantograph"},{"floor":40,"key":"Nunchaku"},{"floor":41,"key":"Gambling Chip"},{"floor":47,"key":"Bottled Flame"},{"floor":48,"key":"PreservedInsect"},{"floor":54,"key":"PlaceholderMod:DeVermisMysteriis"}],"event_choices":[{"cards_removed":["PlaceholderMod:BaseStrike"],"damage_healed":0.0,"max_hp_gain":0.0,"max_hp_loss":0.0,"gold_gain":0.0,"event_name":"Bonfire Elementals","player_choice":"Offered Basic","floor":2.0,"gold_loss":0.0,"damage_taken":0.0},{"damage_healed":0.0,"max_hp_gain":0.0,"max_hp_loss":0.0,"gold_gain":0.0,"event_name":"Mushrooms","player_choice":"Fought Mushrooms","floor":8.0,"gold_loss":0.0,"damage_taken":0.0},{"cards_removed":["PlaceholderMod:BaseStrike"],"damage_healed":0.0,"max_hp_gain":0.0,"max_hp_loss":0.0,"gold_gain":0.0,"event_name":"Golden Wing","player_choice":"Card Removal","floor":12.0,"gold_loss":0.0,"damage_taken":7.0},{"damage_healed":0.0,"max_hp_gain":0.0,"max_hp_loss":0.0,"gold_gain":0.0,"event_name":"Back to Basics","player_choice":"Simplicity","floor":19.0,"gold_loss":0.0,"damage_taken":0.0,"cards_upgraded":["PlaceholderMod:BaseStrike","PlaceholderMod:BaseStrike","PlaceholderMod:BaseStrike","PlaceholderMod:BaseDefend","PlaceholderMod:BaseDefend","PlaceholderMod:BaseDefend","PlaceholderMod:BaseDefend","PlaceholderMod:BaseDefend"]},{"damage_healed":0.0,"max_hp_gain":0.0,"max_hp_loss":0.0,"gold_gain":99.0,"event_name":"Nest","player_choice":"Stole From Cult","floor":20.0,"gold_loss":0.0,"damage_taken":0.0},{"damage_healed":0.0,"max_hp_gain":0.0,"max_hp_loss":0.0,"gold_gain":0.0,"event_name":"The Mausoleum","player_choice":"Opened","floor":21.0,"gold_loss":0.0,"damage_taken":0.0,"relics_obtained":["Toxic Egg 2"]},{"damage_healed":0.0,"max_hp_gain":0.0,"max_hp_loss":0.0,"gold_gain":0.0,"cards_transformed":["PlaceholderMod:Crystal"],"event_name":"Transmorgrifier","player_choice":"Transformed","floor":22.0,"gold_loss":0.0,"damage_taken":0.0,"cards_obtained":["PlaceholderMod:Corrosion"]},{"damage_healed":0,"gold_gain":0,"player_choice":"Fight","damage_taken":0,"max_hp_gain":0,"max_hp_loss":0,"event_name":"MindBloom","floor":41,"gold_loss":0},{"damage_healed":0,"gold_gain":0,"player_choice":"Ignored","damage_taken":0,"max_hp_gain":0,"max_hp_loss":0,"event_name":"NoteForYourself","floor":44,"gold_loss":0},{"cards_removed":["PlaceholderMod:Stable"],"damage_healed":0,"gold_gain":0,"player_choice":"Removed Power","damage_taken":0,"max_hp_gain":0,"max_hp_loss":0,"event_name":"Falling","floor":46,"gold_loss":0}],"is_beta":false,"boss_relics":[{"not_picked":["Sozu","Busted Crown"],"picked":"Calling Bell"},{"not_picked":["Tiny House","Astrolabe"],"picked":"Snecko Eye"}],"items_purged_floors":[39,53],"is_endless":false,"potions_floor_spawned":[3,13,14,16,18,24,33,37,41,54],"ascension_level":0}}