{"host":"o3b7ow6d1xe49css","time":1608877156,"event":{"mods":["Act Like it!","Aspiration","BaseMod","Bestiary","Better Altar","Better Match","Better Note","Better Sensory Stone","Better Skull","Better Third Choice","Colored Powertips","Conspire","Energized Spire","Force Act Four","GifTheSpireLib","Halation","Hermit","Hubris","Infinite Spire","Lobotomy","Minty Spire (QoL Compilation)","Quick Restart","Replay The Spire","Spicy Shops","Spikes Relics","StSLib","Stuff the Spire","The Blue Laboratory","Wandering Minibosses","vexMod"],"gold_per_floor":[118,138,157,46,46,71,71,106,129,156,156,74,74,108,108,210,210,223,235,7,55,72,72,104,136,207,241,241,300,9,56,56,189,189,229,229,269,16,16,95,95,156,156,215,215,287,45,45,45,191,191,191,16,71,287],"floor_reached":56,"playtime":2514,"items_purged":["Strike_G","Strike_G","Strike_G"],"score":2220,"play_id":"eb9c26d0-603b-4302-8707-dbcfc18e0a98","local_time":"20201224211916","daily_mods":["Heirloom","Flight","Elite Swarm"],"is_ascension_mode":true,"campfire_choices":[{"floor":7,"key":"REST"},{"data":"Infinite Blades","floor":11,"key":"SMITH"},{"data":"Accuracy","floor":13,"key":"SMITH"},{"data":"Storm of Steel","floor":15,"key":"SMITH"},{"floor":23,"key":"RECALL"},{"data":"Blade Dance","floor":28,"key":"SMITH"},{"data":"Strike_G","floor":32,"key":"PURGE"},{"data":"infinitespire:Collect","floor":41,"key":"SMITH"},{"data":"Strike_G","floor":45,"key":"PURGE"},{"data":"After Image","floor":49,"key":"SMITH"},{"data":"infinitespire:UltimateForm","floor":52,"key":"SMITH"}],"circlet_count":0,"master_deck":["Defend_G","Defend_G","Defend_G","Defend_G","Defend_G","Survivor","Neutralize","OldLady","Hidden Blade","Infinite Blades+1","OSAHOGD","Backflip","Blade Dance+1","infinitespire:Collect+1","Bullet Time","Corpse Explosion","Glass Knife","Accuracy+1","Storm of Steel+1","Blade Dance+1","Prepared","UniverseFragment","GreedKing","Malaise","Bullet Time+1","Blade Dance","PiercingWail+1","infinitespire:UltimateForm+1","After Image+1","infinitespire:Collect+1"],"relics":["Ring of the Snake","Ring of Chaos","Calipers","CogitoBucket","infinitespire:Joker Card","Peace Pipe","vexMod:MemoryStick","SpikesRelics:DaevaFist","Vampiric Spirits","energizedSpire:OgreHead","ResearcherNote","ToxicTincture","ReplayTheSpireMod:TigerMarble","wanderingMiniBosses:AbyssPearl","vexMod:FocusSash","Iron Hammer","StuffTheSpire:CocoNut","Replay:Bandana","Bottled Flame","Byrd Skull","Garlic","LuminousBracelet","vexMod:GhostlyGear","aspiration:Lifesprig","Pear","aspiration:ChemicalBlood","ReplayTheSpireMod:Ninjato","halation:QuantumPhysicsTextbook","Replay:Bottled Flurry","Runic Dome","Ring of Chaos","Centennial Puzzle"],"acts_visited":["Exordium","TheCity","TheBeyond","Exordium","TheEnding"],"potions_floor_usage":[6,8,10,22,27,38,42,55,55,55],"damage_taken":[{"damage":1,"enemies":"Cultist","floor":1,"turns":5},{"damage":3,"enemies":"conspire:RoseBush","floor":2,"turns":5},{"damage":10,"enemies":"infinitespire:Voidling","floor":3,"turns":4},{"damage":16,"enemies":"Replay:BlueRogue","floor":6,"turns":6},{"damage":10,"enemies":"Lagavulin","floor":8,"turns":5},{"damage":7,"enemies":"3 Sentries","floor":10,"turns":4},{"damage":0,"enemies":"Lagavulin","floor":14,"turns":4},{"damage":0,"enemies":"Fading Forest","floor":16,"turns":11},{"damage":24,"enemies":"Spheric Guardian","floor":18,"turns":2},{"damage":12,"enemies":"Chosen","floor":19,"turns":2},{"damage":5,"enemies":"Centurion and Healer","floor":22,"turns":5},{"damage":5,"enemies":"Nightmare","floor":24,"turns":3},{"damage":0,"enemies":"conspire:Head Lice","floor":25,"turns":4},{"damage":0,"enemies":"Gremlin Leader","floor":27,"turns":2},{"damage":0,"enemies":"conspire:SneckoGhost","floor":29,"turns":3},{"damage":0,"enemies":"Slavers","floor":31,"turns":1},{"damage":1,"enemies":"Automaton","floor":33,"turns":4},{"damage":0,"enemies":"Orb Walker","floor":35,"turns":2},{"damage":0,"enemies":"3 Darklings","floor":37,"turns":2},{"damage":0,"enemies":"R_Hoarder","floor":40,"turns":2},{"damage":0,"enemies":"Nightmare","floor":42,"turns":2},{"damage":0,"enemies":"R_Hoarder","floor":44,"turns":2},{"damage":0,"enemies":"Reptomancer","floor":46,"turns":1},{"damage":0,"enemies":"Time Eater","floor":50,"turns":3},{"damage":0,"enemies":"Shield and Spear","floor":54,"turns":2},{"damage":6,"enemies":"The Heart","floor":55,"turns":3}],"seed_played":"8326500077668887749","potions_obtained":[{"floor":3,"key":"blueLaboratory:SavagePotion"},{"floor":8,"key":"Poison Potion"},{"floor":16,"key":"SteroidPotion"},{"floor":22,"key":"blueLaboratory:StoneskinPotion"},{"floor":25,"key":"LiquidMemories"},{"floor":27,"key":"BlessingOfTheForge"},{"floor":29,"key":"blueLaboratory:PyrophylliteBrew"},{"floor":35,"key":"BlessingOfTheForge"},{"floor":44,"key":"EssenceOfSteel"},{"floor":46,"key":"Weak Potion"},{"floor":55,"key":"GamblersBrew"}],"is_trial":true,"path_per_floor":["M","M","M","$","?","E","R","E","T","E","R","$","R","E","R","B",null,"M","M","$","T","M","R","NM","E","T","E","R","E","$","E","R","B",null,"M","AVR","M","$","?","E","R","NM","T","E","R","E","$","?","R","B",null,"R","$","E","B",null],"character_chosen":"THE_SILENT","items_purchased":["Blade Dance","Swift Potion","Accuracy","ToxicTincture","Byrd Skull","aspiration:Lifesprig","Fruit Juice","Replay:Bottled Flurry","Strength Potion"],"campfire_rested":1,"item_purchase_floors":[4,4,12,20,30,38,38,47,53],"current_hp_per_floor":[69,66,61,61,45,29,50,40,40,33,33,33,33,33,33,46,64,44,43,43,43,54,54,57,70,77,77,77,77,77,77,77,76,77,92,92,92,97,97,107,107,107,107,107,107,107,107,107,107,97,97,97,97,97,97],"gold":287,"neow_bonus":"","is_daily":false,"chose_seed":false,"campfire_upgraded":7,"win_rate":0.0,"timestamp":1608877156,"path_taken":["M","M","M","?","?","E","R","E","T","E","R","$","R","E","R","BOSS","M","M","$","?","?","R","NM","E","T","E","R","E","$","E","R","BOSS","M","AVR","?","$","?","E","R","NM","T","E","R","E","$","?","R","BOSS","R","$","E","BOSS"],"items_purchased_type":["Card","Potion","Card","Relic","Relic","Relic","Potion","Relic","Potion"],"build_version":"2020-12-22","purchased_purges":3,"victory":true,"max_hp_per_floor":[70,70,70,70,70,70,70,70,70,70,70,70,70,70,70,70,70,70,70,70,70,70,70,70,70,77,77,77,77,77,77,77,77,77,92,92,92,97,97,107,107,107,107,107,107,107,107,107,107,97,97,97,97,97,97],"card_choices":[{"not_picked":["HeroicMonk","Woodsman","Porccubus"],"picked":"Singing Bowl","floor":1},{"not_picked":["FairyFestival","HappyTeddy"],"picked":"OldLady","floor":1},{"not_picked":["Bane","StuffTheSpire:BrimstoneBlast"],"picked":"Hidden Blade","floor":1},{"not_picked":["MeatLantern","FairyFestival","VoidDream"],"picked":"Singing Bowl","floor":2},{"not_picked":["Poisoned Stab","PiercingWail"],"picked":"Infinite Blades","floor":2},{"not_picked":["MHz","QueenOfHatred"],"picked":"OSAHOGD","floor":3},{"not_picked":["PiercingWail","Sucker Punch"],"picked":"Backflip","floor":3},{"not_picked":["infinitespire:Execution","ReplayTheSpireMod:Black Plague"],"picked":"infinitespire:Collect","floor":5},{"not_picked":["HeroicMonk","CrumblingArmor","Murderer"],"picked":"Singing Bowl","floor":6},{"not_picked":["infinitespire:Neurotoxin","ReplayTheSpireMod:From All Sides"],"picked":"Bullet Time","floor":6},{"not_picked":["QueenBee","Porccubus","MeatLantern"],"picked":"Singing Bowl","floor":8},{"not_picked":["Die Die Die","Glass Knife"],"picked":"Corpse Explosion","floor":8},{"not_picked":["Scorched","QueenBee","DreamingCurrent"],"picked":"Singing Bowl","floor":10},{"not_picked":["Burst","infinitespire:Neurotoxin"],"picked":"Glass Knife","floor":10},{"not_picked":["VoidDream","QueenOfHatred","UniverseFragment"],"picked":"Singing Bowl","floor":14},{"not_picked":["ReplayTheSpireMod:Necrosis","Bullet Time"],"picked":"Storm of Steel","floor":14},{"not_picked":["CrumblingArmor","Wellcheers","MeatLantern"],"picked":"Singing Bowl","floor":16},{"not_picked":["MeatLantern","CENSORED","CherryBlossoms"],"picked":"Singing Bowl","floor":18},{"not_picked":["StuffTheSpire:Repulse","Hidden Blade"],"picked":"Blade Dance+1","floor":18},{"not_picked":["WallGazer","MHz","LittleHelper"],"picked":"Singing Bowl","floor":19},{"not_picked":["Poisoned Stab","Backflip"],"picked":"Prepared","floor":19},{"not_picked":["BigBadWolf","Murderer"],"picked":"UniverseFragment","floor":22},{"not_picked":["Flechettes","Escape Plan","Dodge and Roll"],"picked":"SKIP","floor":22},{"not_picked":["QueenBee","WallGazer"],"picked":"GreedKing","floor":24},{"not_picked":["Envenom","Venomology"],"picked":"Malaise","floor":24},{"not_picked":["HappyTeddy","Scorched","Yin"],"picked":"Singing Bowl","floor":25},{"not_picked":["ReplayTheSpireMod:Necrosis","Doppelganger","Venomology"],"picked":"SKIP","floor":25},{"not_picked":["HeroicMonk","Scorched","LittlePrince"],"picked":"Singing Bowl","floor":27},{"not_picked":["Venomology","Burst"],"picked":"Bullet Time","floor":27},{"not_picked":["CrumblingArmor","Yin","Bloodbath"],"picked":"Singing Bowl","floor":29},{"not_picked":["Atom Bomb","Night Terror","ReplayTheSpireMod:Necrosis"],"picked":"SKIP","floor":29},{"not_picked":["Variant","LittleHelper","ShyLook"],"picked":"Singing Bowl","floor":31},{"not_picked":["ReplayTheSpireMod:From All Sides","Storm of Steel","Atom Bomb"],"picked":"SKIP","floor":31},{"not_picked":["Wellcheers","Funeral","BeautyBeast"],"picked":"Singing Bowl","floor":33},{"not_picked":["VoidDream","FairyFestival","MeltingLove"],"picked":"Singing Bowl","floor":35},{"not_picked":["Hidden Blade","Dodge and Roll+1"],"picked":"Blade Dance","floor":35},{"not_picked":["Scarecrow","Rudolta","GalaxyChild"],"picked":"Singing Bowl","floor":37},{"not_picked":["Backstab","Deadly Poison"],"picked":"PiercingWail+1","floor":37},{"not_picked":["RedShoes","Rudolta","Murderer"],"picked":"Singing Bowl","floor":40},{"not_picked":["Glass Knife","Replay:Bag of Tricks","Corpse Explosion"],"picked":"SKIP","floor":40},{"not_picked":["infinitespire:Collect","infinitespire:Menacing"],"picked":"infinitespire:UltimateForm","floor":42},{"not_picked":["LaLuna","Alriune","QueenOfHatred"],"picked":"Singing Bowl","floor":42},{"not_picked":["StuffTheSpire:FinalStruggle","Die Die Die","Tools of the Trade"],"picked":"SKIP","floor":42},{"not_picked":["Yin","BigBadWolf","BlueStar"],"picked":"Singing Bowl","floor":44},{"not_picked":["Bullet Time","Atom Bomb","A Thousand Cuts"],"picked":"SKIP","floor":44},{"not_picked":["QueenBee","BigBadWolf","VoidDream"],"picked":"Singing Bowl","floor":46},{"not_picked":["Doppelganger","infinitespire:Neurotoxin"],"picked":"After Image","floor":46},{"not_picked":["BlueStar","Yin","LaLuna"],"picked":"Singing Bowl","floor":50},{"not_picked":["NakedNest","Mercenary","LongBird"],"picked":"Singing Bowl","floor":54},{"not_picked":["ReplayTheSpireMod:From All Sides","Atom Bomb","Die Die Die"],"picked":"SKIP","floor":54},{"not_picked":["ReplayTheSpireMod:From All Sides","Atom Bomb","Die Die Die"],"picked":"SKIP","floor":54}],"player_experience":1851736,"relics_obtained":[{"floor":6,"key":"infinitespire:Joker Card"},{"floor":8,"key":"Peace Pipe"},{"floor":9,"key":"vexMod:MemoryStick"},{"floor":10,"key":"SpikesRelics:DaevaFist"},{"floor":14,"key":"Vampiric Spirits"},{"floor":21,"key":"ReplayTheSpireMod:TigerMarble"},{"floor":22,"key":"wanderingMiniBosses:AbyssPearl"},{"floor":24,"key":"vexMod:FocusSash"},{"floor":25,"key":"Iron Hammer"},{"floor":26,"key":"StuffTheSpire:CocoNut"},{"floor":27,"key":"Replay:Bandana"},{"floor":29,"key":"Bottled Flame"},{"floor":31,"key":"Garlic"},{"floor":40,"key":"Pear"},{"floor":42,"key":"aspiration:ChemicalBlood"},{"floor":44,"key":"ReplayTheSpireMod:Ninjato"},{"floor":46,"key":"halation:QuantumPhysicsTextbook"},{"floor":54,"key":"Centennial Puzzle"}],"event_choices":[{"damage_healed":0,"gold_gain":0,"player_choice":"Copied","damage_taken":0,"max_hp_gain":0,"max_hp_loss":0,"event_name":"Duplicator","floor":48,"gold_loss":0,"cards_obtained":["infinitespire:Collect"]}],"is_beta":false,"boss_relics":[{"not_picked":["vexMod:DeviousBotling","halation:PlatinumPhoenix"],"picked":"energizedSpire:OgreHead"},{"not_picked":["StuffTheSpire:RunicHypercube","Kintsugi","halation:LoveArrow"]},{"not_picked":["energizedSpire:StickyHand","aspiration:FutureDiary"],"picked":"Runic Dome"}],"items_purged_floors":[20,36,53],"is_endless":true,"potions_floor_spawned":[3,8,16,22,25,27,29,35,44,46,55],"ascension_level":5}}