{"host":"1eo5f82aifdzd7pr","time":1608925695,"event":{"mods":["AchievementEnabler","BaseMod","Colored Map","Colored Powertips","DeckTracker","Minty Spire (QoL Compilation)","SuperFastMode"],"gold_per_floor":[117,133,149,161,161,161,173,173,220,247,247,247,257,272,272,343,343,356,356,372,66,77,107,107,127,127,127,202,228,228,240,240,314,314,332,332,385,403,422,422,422,63,63,163,163,177,177,188,188,188,188],"floor_reached":50,"playtime":2750,"items_purged":["Defend_R","Defend_R"],"score":827,"play_id":"f6adc9df-ce3b-4e14-9284-779385af28d0","local_time":"20201225214815","is_ascension_mode":true,"campfire_choices":[{"data":"Battle Trance","floor":6.0,"key":"SMITH"},{"data":"Strike_R","floor":8.0,"key":"SMITH"},{"floor":11.0,"key":"REST"},{"data":"Rage","floor":15.0,"key":"SMITH"},{"data":"Spot Weakness","floor":24.0,"key":"SMITH"},{"floor":27.0,"key":"REST"},{"data":"Headbutt","floor":30.0,"key":"SMITH"},{"floor":32.0,"key":"REST"},{"data":"1","floor":40.0,"key":"LIFT"},{"data":"2","floor":45.0,"key":"LIFT"},{"data":"3","floor":47.0,"key":"LIFT"},{"floor":49.0,"key":"REST"}],"circlet_count":0,"master_deck":["AscendersBane","Strike_R+1","Strike_R","Strike_R","Defend_R+1","Defend_R","Bash+1","Battle Trance+1","Dropkick","Rage+1","Barricade+1","Inflame+1","Spot Weakness+1","Battle Trance","Headbutt+1","Reaper"],"relics":["Burning Blood","Centennial Puzzle","Frozen Egg 2","Busted Crown","Sling","Smiling Mask","Bottled Flame","Thread and Needle","SacredBark","Girya","Incense Burner","StrikeDummy"],"acts_visited":["Exordium","TheCity","TheBeyond"],"potions_floor_usage":[50,50],"damage_taken":[{"damage":13.0,"enemies":"Jaw Worm","floor":1.0,"turns":4.0},{"damage":8.0,"enemies":"2 Louse","floor":2.0,"turns":4.0},{"damage":5.0,"enemies":"Cultist","floor":3.0,"turns":5.0},{"damage":6.0,"enemies":"2 Fungi Beasts","floor":4.0,"turns":5.0},{"damage":10.0,"enemies":"3 Louse","floor":7.0,"turns":6.0},{"damage":32.0,"enemies":"Gremlin Nob","floor":10.0,"turns":4.0},{"damage":9.0,"enemies":"Exordium Thugs","floor":13.0,"turns":5.0},{"damage":4.0,"enemies":"Looter","floor":14.0,"turns":3.0},{"damage":46.0,"enemies":"The Guardian","floor":16.0,"turns":8.0},{"damage":2.0,"enemies":"Shell Parasite","floor":18.0,"turns":4.0},{"damage":0.0,"enemies":"2 Thieves","floor":19.0,"turns":1.0},{"damage":21.0,"enemies":"Snake Plant","floor":20.0,"turns":3.0},{"damage":6.0,"enemies":"Shelled Parasite and Fungi","floor":22.0,"turns":4.0},{"damage":29.0,"enemies":"Slavers","floor":23.0,"turns":5.0},{"damage":9.0,"enemies":"Centurion and Healer","floor":25.0,"turns":4.0},{"damage":15.0,"enemies":"Gremlin Leader","floor":29.0,"turns":7.0},{"damage":8.0,"enemies":"Cultist and Chosen","floor":31.0,"turns":4.0},{"damage":46.0,"enemies":"Automaton","floor":33.0,"turns":10.0},{"damage":35.0,"enemies":"3 Darklings","floor":35.0,"turns":5.0},{"damage":66.0,"enemies":"2 Orb Walkers","floor":37.0,"turns":5.0},{"damage":18.0,"enemies":"3 Shapes","floor":38.0,"turns":4.0},{"damage":17.0,"enemies":"Maw","floor":39.0,"turns":6.0},{"damage":26.0,"enemies":"Sphere and 2 Shapes","floor":46.0,"turns":4.0},{"damage":28.0,"enemies":"Writhing Mass","floor":48.0,"turns":5.0},{"damage":107,"enemies":"Donu and Deca","floor":50,"turns":5}],"seed_played":"-4659993814822143457","potions_obtained":[{"floor":3.0,"key":"LiquidMemories"},{"floor":10.0,"key":"CultistPotion"},{"floor":14.0,"key":"SmokeBomb"},{"floor":22.0,"key":"SteroidPotion"},{"floor":23.0,"key":"SteroidPotion"},{"floor":25.0,"key":"Energy Potion"},{"floor":33.0,"key":"Fruit Juice"},{"floor":38.0,"key":"BlessingOfTheForge"},{"floor":48.0,"key":"ElixirPotion"}],"is_trial":false,"path_per_floor":["M","M","M","M","?","R","M","R","T","E","R","?","M","M","R","B",null,"M","M","M","$","M","E","R","M","T","R","?","E","R","M","R","B",null,"M","?","?","M","M","R","?","$","T","?","R","M","R","M","R","B"],"character_chosen":"IRONCLAD","items_purchased":["Sling","Spot Weakness","Incense Burner"],"campfire_rested":4,"item_purchase_floors":[21,21,42],"current_hp_per_floor":[73,71,72,72,54,54,50,50,50,24,50,50,47,49,49,9,68,72,78,63,63,63,40,40,37,37,63,55,46,46,44,70,30,74,83,83,50,62,67,67,67,67,67,67,67,47,47,46,75,0,0],"gold":188,"neow_bonus":"TEN_PERCENT_HP_BONUS","is_daily":false,"chose_seed":false,"campfire_upgraded":5,"win_rate":0.0,"timestamp":1608925695,"path_taken":["M","M","M","M","?","R","M","R","T","E","R","?","M","M","R","BOSS","M","M","M","$","M","E","R","M","T","R","?","E","R","M","R","BOSS","M","?","?","M","M","R","?","$","T","?","R","?","R","M","R","BOSS"],"items_purchased_type":["Relic","Card","Relic"],"build_version":"2020-12-22","purchased_purges":2,"victory":false,"max_hp_per_floor":[88,88,88,88,88,88,88,88,88,88,88,88,88,88,88,88,88,88,88,88,88,88,88,88,88,88,88,88,88,88,88,88,88,88,98,98,98,98,98,98,98,98,98,98,98,98,98,98,98,98,98],"card_choices":[{"not_picked":["Armaments","Intimidate","True Grit"],"picked":"SKIP","floor":1.0},{"not_picked":["Armaments","Barricade","Carnage"],"picked":"SKIP","floor":2.0},{"not_picked":["Disarm","Clash","Fire Breathing"],"picked":"SKIP","floor":3.0},{"not_picked":["Iron Wave","Armaments"],"picked":"Battle Trance","floor":4.0},{"not_picked":["Headbutt","Demon Form","Rupture"],"picked":"SKIP","floor":7.0},{"not_picked":["Inflame+1","Bloodletting"],"picked":"Dropkick","floor":10.0},{"not_picked":["Wild Strike","Heavy Blade","Anger"],"picked":"SKIP","floor":13.0},{"not_picked":["Wild Strike","Body Slam"],"picked":"Rage","floor":14.0},{"not_picked":["Corruption+1","Immolate"],"picked":"Barricade+1","floor":16.0},{"not_picked":[],"picked":"Inflame+1","floor":18.0},{"not_picked":["Blood for Blood"],"picked":"SKIP","floor":20.0},{"not_picked":["Clothesline"],"picked":"SKIP","floor":22.0},{"not_picked":[],"picked":"Battle Trance","floor":23.0},{"not_picked":["Cleave"],"picked":"SKIP","floor":25.0},{"not_picked":[],"picked":"Headbutt","floor":29.0},{"not_picked":["Fire Breathing+1"],"picked":"SKIP","floor":31.0},{"not_picked":[],"picked":"Reaper","floor":33.0},{"not_picked":["Headbutt"],"picked":"SKIP","floor":35.0},{"not_picked":["Headbutt"],"picked":"SKIP","floor":38.0},{"not_picked":["Thunderclap"],"picked":"SKIP","floor":39.0},{"not_picked":["True Grit"],"picked":"SKIP","floor":46.0},{"not_picked":["Perfected Strike"],"picked":"SKIP","floor":48.0}],"player_experience":688534,"relics_obtained":[{"floor":9.0,"key":"Centennial Puzzle"},{"floor":10.0,"key":"Frozen Egg 2"},{"floor":23.0,"key":"Smiling Mask"},{"floor":26.0,"key":"Bottled Flame"},{"floor":29.0,"key":"Thread and Needle"},{"floor":37.0,"key":"Girya"},{"floor":43.0,"key":"StrikeDummy"}],"event_choices":[{"damage_healed":0.0,"max_hp_gain":0.0,"max_hp_loss":0.0,"gold_gain":0.0,"event_name":"Shining Light","player_choice":"Entered Light","floor":5.0,"gold_loss":0.0,"damage_taken":18.0,"cards_upgraded":["Defend_R","Bash"]},{"cards_removed":["Strike_R"],"damage_healed":0.0,"max_hp_gain":0.0,"max_hp_loss":0.0,"gold_gain":0.0,"event_name":"Living Wall","player_choice":"Forget","floor":12.0,"gold_loss":0.0,"damage_taken":0.0},{"damage_healed":0.0,"max_hp_gain":0.0,"max_hp_loss":0.0,"gold_gain":75.0,"event_name":"FaceTrader","player_choice":"Touch","floor":28.0,"gold_loss":0.0,"damage_taken":8.0},{"damage_healed":0.0,"max_hp_gain":0.0,"max_hp_loss":0.0,"gold_gain":0.0,"event_name":"Tomb of Lord Red Mask","player_choice":"Ignored","floor":36.0,"gold_loss":0.0,"damage_taken":0.0},{"damage_healed":0.0,"max_hp_gain":0.0,"max_hp_loss":0.0,"gold_gain":0.0,"event_name":"Mysterious Sphere","player_choice":"Fight","floor":37.0,"gold_loss":0.0,"damage_taken":0.0},{"cards_removed":["Strike_R"],"damage_healed":0.0,"max_hp_gain":0.0,"max_hp_loss":0.0,"gold_gain":0.0,"event_name":"Falling","player_choice":"Removed Attack","floor":41.0,"gold_loss":0.0,"damage_taken":0.0},{"damage_healed":0.0,"max_hp_gain":0.0,"max_hp_loss":0.0,"gold_gain":100.0,"event_name":"Golden Shrine","player_choice":"Pray","floor":44.0,"gold_loss":0.0,"damage_taken":0.0}],"is_beta":false,"boss_relics":[{"not_picked":["Runic Cube","Mark of Pain"],"picked":"Busted Crown"},{"not_picked":["Calling Bell","Black Star"],"picked":"SacredBark"}],"items_purged_floors":[21,42],"is_endless":false,"potions_floor_spawned":[3,10,14,22,23,25,33,38,48],"killed_by":"Donu and Deca","ascension_level":13}}