{"host":"sc0o2qwpf9j16a4i","time":1608932743,"event":{"mods":["AchievementEnabler","BaseMod","BetterRewards","Block Reminder","Colored Map","Colored Powertips","Custom Start","Highlight Path","Minty Spire (QoL Compilation)","Relic Stats"],"gold_per_floor":[109,109,119,1,11,40,40,67,67,94,113,128,128,143,143,219,219,239,257,52,65,65,65,90,90,114,127,127,143,143,176,176,250,250,270,270,270,284,302,628,628,518,542,558,558,38,66,77,77,77,77],"floor_reached":50,"playtime":2091,"items_purged":["Strike_G","Flechettes"],"score":1649,"play_id":"6d84147c-f805-40ee-979c-72855485076a","local_time":"20201225234543","is_ascension_mode":true,"campfire_choices":[{"data":"Accuracy","floor":7.0,"key":"SMITH"},{"floor":15.0,"key":"REST"},{"data":"After Image","floor":23.0,"key":"SMITH"},{"floor":25.0,"key":"REST"},{"floor":28.0,"key":"REST"},{"data":"A Thousand Cuts","floor":30.0,"key":"SMITH"},{"floor":32.0,"key":"REST"},{"data":"Infinite Blades","floor":41.0,"key":"SMITH"},{"floor":45.0,"key":"REST"},{"floor":49,"key":"RECALL"}],"circlet_count":0,"master_deck":["AscendersBane","Survivor","Neutralize","Infinite Blades+1","Dash","Deadly Poison","Backstab","Backstab","Skewer","Accuracy+1","Well Laid Plans","Blade Dance+1","Deflect+1","After Image+1","Calculated Gamble+1","Blade Dance+1","A Thousand Cuts+1","Venomology+1","Backstab","Sucker Punch+1","Blade Dance+1","Night Terror+1","Deflect+1","Backflip+1","Apotheosis+1","Escape Plan+1","Accuracy","Deadly Poison+1","Cloak And Dagger+1","Footwork","Leg Sweep+1","Noxious Fumes","Tools of the Trade","Acrobatics+1","Calculated Gamble+1","Finesse+1"],"relics":["Ring of the Snake","Toxic Egg 2","Dream Catcher","Ornamental Fan","Boot","Pandora\u0027s Box","Pantograph","Bottled Lightning","Busted Crown","Old Coin","Blood Vial","ClockworkSouvenir","Bag of Marbles","Eternal Feather"],"acts_visited":["Exordium","TheCity","TheBeyond"],"potions_floor_usage":[50],"damage_taken":[{"damage":0.0,"enemies":"2 Louse","floor":1.0,"turns":2.0},{"damage":0.0,"enemies":"Cultist","floor":3.0,"turns":3.0},{"damage":0.0,"enemies":"Small Slimes","floor":5.0,"turns":1.0},{"damage":7.0,"enemies":"Lagavulin","floor":6.0,"turns":7.0},{"damage":12.0,"enemies":"3 Sentries","floor":8.0,"turns":6.0},{"damage":8.0,"enemies":"Gremlin Nob","floor":10.0,"turns":3.0},{"damage":0.0,"enemies":"Gremlin Gang","floor":11.0,"turns":2.0},{"damage":1.0,"enemies":"Exordium Wildlife","floor":12.0,"turns":3.0},{"damage":0.0,"enemies":"Looter","floor":14.0,"turns":2.0},{"damage":0.0,"enemies":"Slime Boss","floor":16.0,"turns":5.0},{"damage":0.0,"enemies":"Chosen","floor":18.0,"turns":4.0},{"damage":0.0,"enemies":"Spheric Guardian","floor":19.0,"turns":2.0},{"damage":0.0,"enemies":"3 Cultists","floor":21.0,"turns":4.0},{"damage":28.0,"enemies":"Gremlin Leader","floor":24.0,"turns":5.0},{"damage":7.0,"enemies":"Cultist and Chosen","floor":27.0,"turns":4.0},{"damage":2.0,"enemies":"Snake Plant","floor":29.0,"turns":4.0},{"damage":17.0,"enemies":"Book of Stabbing","floor":31.0,"turns":7.0},{"damage":0.0,"enemies":"Automaton","floor":33.0,"turns":8.0},{"damage":1.0,"enemies":"3 Darklings","floor":35.0,"turns":6.0},{"damage":0.0,"enemies":"Orb Walker","floor":38.0,"turns":4.0},{"damage":10.0,"enemies":"Transient","floor":39.0,"turns":6.0},{"damage":2.0,"enemies":"Giant Head","floor":40.0,"turns":7.0},{"damage":0.0,"enemies":"Maw","floor":44.0,"turns":5.0},{"damage":42.0,"enemies":"Reptomancer","floor":47.0,"turns":6.0},{"damage":0.0,"enemies":"Writhing Mass","floor":48.0,"turns":8.0},{"damage":66,"enemies":"Awakened One","floor":50,"turns":6}],"seed_played":"-8115198822748436565","potions_obtained":[{"floor":1.0,"key":"Explosive Potion"},{"floor":10.0,"key":"CultistPotion"},{"floor":11.0,"key":"Dexterity Potion"},{"floor":14.0,"key":"Strength Potion"},{"floor":16.0,"key":"Strength Potion"},{"floor":21.0,"key":"Ancient Potion"},{"floor":24.0,"key":"Explosive Potion"},{"floor":38.0,"key":"LiquidMemories"},{"floor":47.0,"key":"SteroidPotion"}],"is_trial":false,"path_per_floor":["M","?","M","$","M","E","R","E","T","E","M","M","?","M","R","B",null,"M","M","$","M","?","R","E","R","T","M","R","M","R","E","R","B",null,"M","?","?","M","M","E","R","?","T","M","R","$","E","M","R","B"],"character_chosen":"THE_SILENT","items_purchased":["Infinite Blades","Dash","Deadly Poison","Skewer","Accuracy","Apotheosis+1","ClockworkSouvenir","Bag of Marbles","Finesse+1"],"campfire_rested":5,"item_purchase_floors":[0,0,0,4,4,20,46,46,46],"current_hp_per_floor":[48,48,48,48,48,41,41,29,29,21,21,20,20,20,39,39,59,59,59,59,59,59,59,31,50,50,43,62,60,60,43,62,66,66,65,65,65,65,55,53,53,53,53,55,66,66,24,26,47,0,0],"gold":77,"neow_bonus":"","is_daily":false,"chose_seed":false,"campfire_upgraded":4,"win_rate":0.0,"timestamp":1608932743,"path_taken":["M","?","?","$","M","E","R","E","T","E","M","M","?","M","R","BOSS","M","M","$","?","?","R","E","R","T","M","R","M","R","E","R","BOSS","M","?","?","?","M","E","R","?","T","?","R","$","E","M","R","BOSS"],"items_purchased_type":["Card","Card","Card","Card","Card","Card","Relic","Relic","Card"],"build_version":"2020-12-22","purchased_purges":2,"victory":false,"max_hp_per_floor":[66,66,66,66,66,66,66,66,66,66,66,66,66,66,66,66,66,66,66,66,66,66,66,66,66,66,66,66,66,66,66,66,66,66,66,66,66,66,66,66,66,66,66,66,66,66,66,66,66,66,66],"relic_stats":{"Blood Vial":6,"Dream Catcher":5,"Busted Crown":16,"counters":[43,217],"Ornamental Fan":[352],"Pantograph":21,"Pandora\u0027s Box":["Venomology","Backstab","Sucker Punch","Blade Dance","Flechettes","Endless Agony","Night Terror"],"Eternal Feather":21,"Boot":[127],"obtain_stats":[{"Golden Idol":5,"Eternal Feather":47,"PreservedInsect":6,"The Courier":7,"Bag of Preparation":9,"Cursed Key":0,"Boot":10,"Old Coin":40,"ClockworkSouvenir":46,"Blood Vial":43,"Dream Catcher":8,"Busted Crown":34,"Ornamental Fan":9,"Bloody Idol":20,"Pantograph":24,"Snecko Eye":17,"Pandora\u0027s Box":17,"Bag of Marbles":46,"Bottled Lightning":31,"Toxic Egg 2":6,"Ring of the Snake":0},{"Golden Idol":3,"Eternal Feather":41,"PreservedInsect":4,"The Courier":11,"Bag of Preparation":11,"Cursed Key":0,"Boot":23,"Old Coin":39,"ClockworkSouvenir":40,"Blood Vial":39,"Dream Catcher":22,"Busted Crown":35,"Ornamental Fan":22,"Bloody Idol":15,"Pantograph":31,"Snecko Eye":14,"Pandora\u0027s Box":27,"Bag of Marbles":40,"Bottled Lightning":34,"Toxic Egg 2":21,"Ring of the Snake":0},{"Golden Idol":13,"Eternal Feather":203,"PreservedInsect":21,"The Courier":65,"Bag of Preparation":65,"Cursed Key":0,"Boot":119,"Old Coin":192,"ClockworkSouvenir":197,"Blood Vial":192,"Dream Catcher":116,"Busted Crown":169,"Ornamental Fan":116,"Bloody Idol":90,"Pantograph":146,"Snecko Eye":84,"Pandora\u0027s Box":131,"Bag of Marbles":197,"Bottled Lightning":161,"Toxic Egg 2":110,"Ring of the Snake":0}],"Ring of the Snake":[77]},"card_choices":[{"not_picked":["Underhanded Strike","Tactician"],"picked":"Backstab","floor":1.0},{"not_picked":["Outmaneuver","Bane"],"picked":"Backstab","floor":3.0},{"not_picked":["Underhanded Strike","Setup"],"picked":"Well Laid Plans","floor":5.0},{"not_picked":["Setup+1","Deflect+1"],"picked":"Blade Dance+1","floor":6.0},{"not_picked":["Caltrops","Outmaneuver+1"],"picked":"Deflect+1","floor":8.0},{"not_picked":["Acrobatics+1","Prepared+1"],"picked":"Bane","floor":10.0},{"not_picked":["Heel Hook","PiercingWail+1"],"picked":"After Image","floor":11.0},{"not_picked":["Underhanded Strike","Slice"],"picked":"Dagger Throw","floor":12.0},{"not_picked":["Dodge and Roll+1","Flying Knee"],"picked":"Calculated Gamble+1","floor":14.0},{"not_picked":["Deflect+1","Underhanded Strike"],"picked":"Blade Dance+1","floor":15.0},{"not_picked":["Phantasmal Killer+1","Malaise+1"],"picked":"A Thousand Cuts","floor":16.0},{"not_picked":["Backstab","Prepared+1"],"picked":"Deflect+1","floor":18.0},{"not_picked":["Poisoned Stab","Blade Dance+1"],"picked":"Backflip+1","floor":19.0},{"not_picked":["Sucker Punch","Acrobatics+1"],"picked":"Escape Plan+1","floor":21.0},{"not_picked":["Underhanded Strike","Unload","Outmaneuver+1"],"picked":"SKIP","floor":24.0},{"not_picked":["Dash","Prepared+1"],"picked":"Cloak And Dagger+1","floor":25.0},{"not_picked":["Sucker Punch","Eviscerate"],"picked":"Footwork","floor":27.0},{"not_picked":["Underhanded Strike","Prepared+1"],"picked":"Leg Sweep+1","floor":29.0},{"not_picked":["Deflect+1","Heel Hook","Dagger Spray"],"picked":"SKIP","floor":31.0},{"not_picked":["Bullet Time+1","Dagger Spray+1"],"picked":"Noxious Fumes","floor":32.0},{"not_picked":["Glass Knife","Unload"],"picked":"Tools of the Trade","floor":33.0},{"not_picked":["Dagger Throw"],"picked":"SKIP","floor":35.0},{"not_picked":["Bane"],"picked":"SKIP","floor":38.0},{"not_picked":["Noxious Fumes+1"],"picked":"SKIP","floor":39.0},{"not_picked":[],"picked":"Acrobatics+1","floor":40.0},{"not_picked":[],"picked":"Calculated Gamble+1","floor":44.0},{"not_picked":["Dagger Throw+1"],"picked":"SKIP","floor":47.0},{"not_picked":["Skewer+1"],"picked":"SKIP","floor":48.0}],"player_experience":366738,"relics_obtained":[{"floor":6.0,"key":"Toxic Egg 2"},{"floor":8.0,"key":"Dream Catcher"},{"floor":9.0,"key":"Ornamental Fan"},{"floor":10.0,"key":"Boot"},{"floor":24.0,"key":"Pantograph"},{"floor":31.0,"key":"Bottled Lightning"},{"floor":40.0,"key":"Old Coin"},{"floor":43.0,"key":"Blood Vial"},{"floor":47.0,"key":"Eternal Feather"}],"event_choices":[{"damage_healed":0.0,"max_hp_gain":0.0,"max_hp_loss":0.0,"gold_gain":0.0,"cards_transformed":["Strike_G"],"event_name":"Transmorgrifier","player_choice":"Transformed","floor":2.0,"gold_loss":0.0,"damage_taken":0.0,"cards_obtained":["Setup"]},{"cards_removed":["Strike_G"],"damage_healed":0.0,"max_hp_gain":0.0,"max_hp_loss":0.0,"gold_gain":0.0,"event_name":"Purifier","player_choice":"Purged","floor":13.0,"gold_loss":0.0,"damage_taken":0.0},{"damage_healed":0.0,"max_hp_gain":0.0,"max_hp_loss":0.0,"gold_gain":0.0,"cards_transformed":["Setup","Bane"],"event_name":"Drug Dealer","player_choice":"Became Test Subject","floor":22.0,"gold_loss":0.0,"damage_taken":0.0,"cards_obtained":["Accuracy","Deadly Poison"]},{"damage_healed":0.0,"max_hp_gain":0.0,"max_hp_loss":0.0,"gold_gain":0.0,"event_name":"Tomb of Lord Red Mask","player_choice":"Ignored","floor":36.0,"gold_loss":0.0,"damage_taken":0.0},{"cards_removed":["Endless Agony"],"damage_healed":0.0,"max_hp_gain":0.0,"max_hp_loss":0.0,"gold_gain":0.0,"event_name":"Falling","player_choice":"Removed Attack","floor":37.0,"gold_loss":0.0,"damage_taken":0.0},{"cards_removed":["Dagger Throw"],"damage_healed":0.0,"max_hp_gain":0.0,"max_hp_loss":0.0,"gold_gain":0.0,"event_name":"Designer","player_choice":"Upgrade and Remove","floor":42.0,"gold_loss":110.0,"damage_taken":0.0,"cards_upgraded":["Sucker Punch"]}],"is_beta":false,"boss_relics":[{"not_picked":["Runic Pyramid","SlaversCollar"],"picked":"Pandora\u0027s Box"},{"not_picked":["Runic Dome","Ring of the Serpent"],"picked":"Busted Crown"}],"items_purged_floors":[0,46],"is_endless":false,"potions_floor_spawned":[1,10,11,14,16,21,24,33,38,44,47],"killed_by":"Awakened One","ascension_level":20}}