{"host":"2461dio7vetlq1z3","time":1608865317,"event":{"mods":["2.2 Compatiblity","AchievementEnabler","Aspiration","BaseMod","Better Third Choice","Downfall","Hermit","Minty Spire (QoL Compilation)","Relic Stats","Spicy Shops","StSLib","The Runesmith","Waifu the Spire"],"gold_per_floor":[99,129,129,55,55,85,85,102,136,46,46,75,75,88,88,193,193,209,227,240,260,260,95,144,229,257,272,272,272,272],"floor_reached":29,"playtime":1879,"items_purged":["sneckomod:Strike"],"score":272,"play_id":"22533ee1-2f09-4d66-aa61-07dbeb206747","local_time":"20201225040157","is_ascension_mode":true,"campfire_choices":[{"data":"sneckomod:Restock","floor":11,"key":"SMITH"},{"floor":13,"key":"DIG"},{"floor":15,"key":"DIG"},{"floor":29,"key":"DIG"}],"circlet_count":0,"master_deck":["sneckomod:Strike","sneckomod:Strike","sneckomod:Defend","sneckomod:Defend","sneckomod:Defend","sneckomod:TailWhip","sneckomod:SnekBite","sneckomod:Unknown","sneckomod:Unknown","sneckomod:UnknownWeak","sneckomod:SlitherStrike","sneckomod:UnknownClassTHE_CHAMP_GRAY","sneckomod:SerpentIdol","Dash","sneckomod:Restock+1","sneckomod:UnknownCommonAttack+1","sneckomod:UnknownVulnerable","sneckomod:IronFang+1","sneckomod:ImprovisedGuard","sneckomod:ImprovisedAttack+1","sneckomod:UnknownRareSkill","Carnage+1","Brutality","sneckomod:SerpentMind","Shrug It Off+1","Metallicize","sneckomod:UnknownUncommonSkill","Anger+1","Anger+1"],"relics":["sneckomod:SneckoSoul","downfall:HeartsMalice","aspiration:StickyExplosives_weak","Guardian:PocketSentry","Tiny Chest","Molten Egg 2","Blue Candle","Shovel","Nunchaku","Ancient Tea Set","aspiration:IroncladSkillbook","Bag of Preparation","Dream Catcher","Oddly Smooth Stone","Toy Ornithopter"],"acts_visited":["Exordium","TheCity"],"potions_floor_usage":[18,26,26],"damage_taken":[{"damage":0,"enemies":"2 Louse","floor":1,"turns":1},{"damage":0,"enemies":"Small Slimes","floor":3,"turns":1},{"damage":0,"enemies":"downfall:FleeingMerchant","floor":4,"turns":1},{"damage":9,"enemies":"Gremlin Nob","floor":6,"turns":4},{"damage":0,"enemies":"Jaw Worm","floor":8,"turns":2},{"damage":18,"enemies":"3 Sentries","floor":9,"turns":5},{"damage":0,"enemies":"downfall:FleeingMerchant","floor":10,"turns":4},{"damage":9,"enemies":"Lagavulin","floor":12,"turns":4},{"damage":0,"enemies":"Gremlin Gang","floor":14,"turns":4},{"damage":6,"enemies":"downfall:Watcher","floor":16,"turns":6},{"damage":0,"enemies":"Shell Parasite","floor":18,"turns":4},{"damage":5,"enemies":"Shelled Parasite and Fungi","floor":19,"turns":4},{"damage":0,"enemies":"Chosen and Byrds","floor":20,"turns":3},{"damage":0,"enemies":"Snake Plant","floor":21,"turns":3},{"damage":2,"enemies":"downfall:FleeingMerchant","floor":23,"turns":4},{"damage":26,"enemies":"Slavers","floor":26,"turns":4},{"damage":6,"enemies":"3 Cultists","floor":27,"turns":4}],"seed_played":"3063332795468343893","potions_obtained":[{"floor":6,"key":"Slimebound:ThreeZeroPotion"},{"floor":8,"key":"hexamod:EctoCoolerPotion"},{"floor":9,"key":"BlessingOfTheForge"},{"floor":14,"key":"sneckomod:OffclassReductionPotion"},{"floor":20,"key":"Explosive Potion"},{"floor":26,"key":"Explosive Potion"},{"floor":27,"key":"FairyPotion"}],"is_trial":false,"path_per_floor":["M","?","M","$","?","E","T","M","E","$","R","E","R","M","R","B",null,"M","M","M","M","?","$","T","?","E","M","?","R"],"character_chosen":"THE_SNECKO","items_purchased":["sneckomod:SerpentIdol","Bag of Preparation"],"campfire_rested":0,"item_purchase_floors":[4,23],"current_hp_per_floor":[91,91,91,92,71,62,62,63,46,46,46,37,37,37,37,32,95,95,94,95,95,87,89,89,75,62,60,60,60,60],"gold":272,"neow_bonus":"THREE_ENEMY_KILL","is_daily":false,"chose_seed":false,"campfire_upgraded":1,"win_rate":0.0,"timestamp":1608865317,"path_taken":["M","?","M","$","?","E","T","M","E","$","R","E","R","M","R","BOSS","M","M","M","M","?","$","T","?","E","M","?","R"],"items_purchased_type":["Card","Relic"],"build_version":"2020-12-22","purchased_purges":1,"victory":false,"max_hp_per_floor":[91,91,91,92,92,92,92,93,94,94,94,94,94,94,94,95,95,95,95,95,95,95,95,95,95,96,96,96,96,96],"relic_stats":{"Nunchaku":[8],"Dream Catcher":0,"Shovel":3,"counters":[17,54],"Blue Candle":[0],"Tiny Chest":0,"Bag of Preparation":[4],"obtain_stats":[{"Blue Candle":9,"Oddly Smooth Stone":26,"downfall:HeartsMalice":0,"Guardian:PocketSentry":5,"Bag of Preparation":23,"sneckomod:SneckoSoul":0,"Ancient Tea Set":15,"aspiration:IroncladSkillbook":17,"aspiration:StickyExplosives_weak":2,"Nunchaku":13,"Dream Catcher":24,"Shovel":12,"Tiny Chest":6,"Molten Egg 2":7,"Toy Ornithopter":29},{"Blue Candle":6,"Oddly Smooth Stone":16,"downfall:HeartsMalice":0,"Guardian:PocketSentry":3,"Bag of Preparation":15,"sneckomod:SneckoSoul":0,"Ancient Tea Set":9,"aspiration:IroncladSkillbook":10,"aspiration:StickyExplosives_weak":1,"Nunchaku":8,"Dream Catcher":15,"Shovel":8,"Tiny Chest":4,"Molten Egg 2":4,"Toy Ornithopter":17},{"Blue Candle":10,"Oddly Smooth Stone":50,"downfall:HeartsMalice":0,"Guardian:PocketSentry":0,"Bag of Preparation":46,"sneckomod:SneckoSoul":0,"Ancient Tea Set":22,"aspiration:IroncladSkillbook":28,"aspiration:StickyExplosives_weak":0,"Nunchaku":18,"Dream Catcher":46,"Shovel":18,"Tiny Chest":3,"Molten Egg 2":3,"Toy Ornithopter":54}],"Toy Ornithopter":0},"card_choices":[{"not_picked":["sneckomod:DiceBlock","sneckomod:QuickMove"],"picked":"sneckomod:UnknownWeak","floor":1},{"not_picked":["sneckomod:QuickBite","sneckomod:UnknownCommonSkill"],"picked":"sneckomod:SlitherStrike","floor":3},{"not_picked":["sneckomod:UnknownEthereal","sneckomod:RainOfDice"],"picked":"sneckomod:UnknownClassTHE_CHAMP_GRAY","floor":4},{"not_picked":["sneckomod:UnknownCommonAttack","sneckomod:UnknownUncommonAttack"],"picked":"sneckomod:Restock","floor":6},{"not_picked":["sneckomod:IronFang+1","sneckomod:UnknownX"],"picked":"sneckomod:UnknownCommonAttack+1","floor":8},{"not_picked":["sneckomod:UnknownWeak","sneckomod:QuickBite+1"],"picked":"sneckomod:UnknownVulnerable","floor":9},{"not_picked":["sneckomod:SnakeSap+1","sneckomod:UnknownClassGREEN"],"picked":"sneckomod:IronFang+1","floor":10},{"not_picked":["sneckomod:UnknownEthereal","sneckomod:SoulDraw"],"picked":"sneckomod:ImprovisedGuard","floor":12},{"not_picked":["sneckomod:UnknownVulnerable","sneckomod:QuickBite+1"],"picked":"sneckomod:ImprovisedAttack+1","floor":14},{"not_picked":["sneckomod:UnlimitedRolls","sneckomod:Mudshield"],"picked":"sneckomod:UnknownRareSkill","floor":16},{"not_picked":["sneckomod:UnknownBlock","Warcry","sneckomod:DiceBoulder+1"],"picked":"Carnage+1","floor":18},{"not_picked":["sneckomod:UnknownCommonSkill+1","Power Through","sneckomod:UnknownCommonAttack+1"],"picked":"Brutality","floor":19},{"not_picked":["Rampage+1","Wild Strike+1","sneckomod:UnknownCommonAttack+1","Havoc+1"],"picked":"SKIP","floor":20},{"not_picked":["sneckomod:IronFang+1","sneckomod:ImprovisedGuard+1","Evolve"],"picked":"sneckomod:SerpentMind","floor":21},{"not_picked":["Anger+1","sneckomod:Unknown1Cost","Clothesline+1"],"picked":"Shrug It Off+1","floor":22},{"not_picked":["sneckomod:SoulDraw","sneckomod:UnknownVulnerable","sneckomod:UnknownStrike+1"],"picked":"Metallicize","floor":23},{"not_picked":["Rupture","sneckomod:Cheat","sneckomod:UnknownEthereal"],"picked":"sneckomod:UnknownUncommonSkill","floor":26},{"not_picked":["Bloodletting","Headbutt+1","Reckless Charge+1"],"picked":"Anger+1","floor":27}],"player_experience":1008917,"relics_obtained":[{"floor":6,"key":"Tiny Chest"},{"floor":7,"key":"Molten Egg 2"},{"floor":9,"key":"Blue Candle"},{"floor":12,"key":"Shovel"},{"floor":13,"key":"Nunchaku"},{"floor":15,"key":"Ancient Tea Set"},{"floor":24,"key":"Dream Catcher"},{"floor":26,"key":"Oddly Smooth Stone"},{"floor":29,"key":"Toy Ornithopter"}],"event_choices":[{"damage_healed":0,"gold_gain":0,"player_choice":"Read","damage_taken":0,"max_hp_gain":0,"max_hp_loss":0,"event_name":"The Library","floor":28,"gold_loss":0,"cards_obtained":["Anger"]}],"is_beta":false,"boss_relics":[{"not_picked":["aspiration:RitualDagger","Snecko Eye"],"picked":"aspiration:IroncladSkillbook"}],"items_purged_floors":[10],"is_endless":false,"potions_floor_spawned":[6,8,9,14,20,26,27],"ascension_level":1}}