{"host":"xb2tau8pgi8aflss","time":1608877455,"event":{"mods":["AchievementEnabler","BaseMod","Hermit","Minty Spire (QoL Compilation)","StSLib","SuperFastMode"],"gold_per_floor":[118,65,140,155,174,174,208,225,301,301,301,40,40,58,58,156,156,176,208,218,232,5,5,5,24,74,88,88,125,137,149,161,269,281,308,19,32,46,46,46,58,86,86,96,96,96],"floor_reached":45,"playtime":1322,"items_purged":[],"score":731,"play_id":"d4891b58-23b7-42da-9f47-9651f9b9c2bf","local_time":"20201225152415","is_ascension_mode":true,"campfire_choices":[{"data":"Hyperbeam","floor":6,"key":"SMITH"},{"data":"Conserve Battery","floor":11,"key":"SMITH"},{"data":"Streamline","floor":15,"key":"SMITH"},{"data":"Echo Form","floor":23,"key":"SMITH"},{"data":"Buffer","floor":30,"key":"SMITH"},{"data":"Leap","floor":32,"key":"SMITH"},{"data":"Double Energy","floor":40,"key":"SMITH"}],"circlet_count":0,"master_deck":["Zap","Dualcast","Hyperbeam+1","Conserve Battery+1","Rebound","Go for the Eyes","Streamline+1","Leap+1","Buffer+1","Static Discharge+1","Genetic Algorithm+1","Loop+1","Beam Cell","Conserve Battery+1","Go for the Eyes+1","Echo Form+1","Hyperbeam","Writhe","All For One","Sweeping Beam","Stack","Compile Driver","Gash+1","Double Energy+1","Hyperbeam","Sunder","Conserve Battery","Parasite","Skim","Gash","Stack+1"],"relics":["Cracked Core","FossilizedHelix","Eternal Feather","Kunai","Astrolabe","Red Mask","Pear","Bag of Marbles","MawBank","Bottled Lightning","Pandora\u0027s Box","Bottled Tornado","Blue Candle"],"acts_visited":["Exordium","TheCity","TheBeyond"],"potions_floor_usage":[16,33,33,36],"damage_taken":[{"damage":7,"enemies":"Jaw Worm","floor":1,"turns":2},{"damage":0,"enemies":"Small Slimes","floor":4,"turns":2},{"damage":0,"enemies":"Cultist","floor":5,"turns":2},{"damage":13,"enemies":"Gremlin Nob","floor":7,"turns":3},{"damage":0,"enemies":"Looter","floor":8,"turns":3},{"damage":21,"enemies":"Gremlin Gang","floor":14,"turns":3},{"damage":0,"enemies":"Slime Boss","floor":16,"turns":5},{"damage":11,"enemies":"2 Thieves","floor":18,"turns":2},{"damage":0,"enemies":"Masked Bandits","floor":19,"turns":2},{"damage":0,"enemies":"Chosen","floor":20,"turns":4},{"damage":23,"enemies":"Snake Plant","floor":21,"turns":4},{"damage":0,"enemies":"Centurion and Healer","floor":25,"turns":4},{"damage":0,"enemies":"Snecko","floor":27,"turns":5},{"damage":5,"enemies":"Gremlin Leader","floor":29,"turns":6},{"damage":0,"enemies":"Collector","floor":33,"turns":6},{"damage":0,"enemies":"Orb Walker","floor":35,"turns":3},{"damage":8,"enemies":"3 Shapes","floor":37,"turns":4},{"damage":11,"enemies":"Sphere and 2 Shapes","floor":38,"turns":4},{"damage":18,"enemies":"Writhing Mass","floor":41,"turns":9},{"damage":33,"enemies":"Reptomancer","floor":42,"turns":9},{"damage":6,"enemies":"Transient","floor":44,"turns":5},{"damage":27,"enemies":"Sphere and 2 Shapes","floor":45,"turns":3}],"seed_played":"7047325969086369719","potions_obtained":[{"floor":5,"key":"SmokeBomb"},{"floor":8,"key":"SteroidPotion"},{"floor":20,"key":"FearPotion"},{"floor":21,"key":"BlessingOfTheForge"},{"floor":25,"key":"SneckoOil"},{"floor":35,"key":"FocusPotion"},{"floor":42,"key":"FocusPotion"}],"is_trial":false,"path_per_floor":["M","$","?","M","M","R","E","M","T","?","R","$","?","M","R","B",null,"M","?","M","M","$","R","T","M","T","M","?","E","R","?","R","B",null,"M","$","M","M","$","R","M","E","T","M","M"],"character_chosen":"DEFECT","items_purchased":["Rebound","Kunai","Echo Form","Hyperbeam","Fruit Juice","Double Energy","Hyperbeam"],"campfire_rested":0,"item_purchase_floors":[2,12,22,22,36,36,36],"current_hp_per_floor":[68,68,57,57,57,57,44,44,44,37,43,43,43,22,28,28,63,52,52,52,29,29,41,51,51,51,51,51,46,58,52,64,64,80,80,85,77,66,66,81,63,30,30,24,0,0],"gold":96,"neow_bonus":"TRANSFORM_CARD","is_daily":false,"chose_seed":false,"campfire_upgraded":7,"win_rate":0.0,"timestamp":1608877455,"path_taken":["M","$","?","M","M","R","E","M","T","?","R","?","?","M","R","BOSS","M","?","M","M","$","R","?","?","T","M","?","E","R","?","R","BOSS","M","$","M","?","$","R","M","E","T","M","?"],"items_purchased_type":["Card","Relic","Card","Card","Potion","Card","Card"],"build_version":"2020-12-22","purchased_purges":0,"victory":false,"max_hp_per_floor":[75,75,75,75,75,75,75,75,75,75,75,75,75,75,75,75,75,75,75,75,75,75,75,85,85,85,85,85,85,85,85,85,85,85,85,90,90,90,90,90,90,90,90,90,90,90],"card_choices":[{"not_picked":["Streamline","Stack"],"picked":"Conserve Battery","floor":1},{"not_picked":["Darkness","Leap","Rebound"],"picked":"SKIP","floor":4},{"not_picked":["Compile Driver","Coolheaded"],"picked":"Go for the Eyes","floor":5},{"not_picked":["Stack","Cold Snap"],"picked":"Streamline","floor":7},{"not_picked":["Ball Lightning","Coolheaded","Consume"],"picked":"SKIP","floor":8},{"not_picked":["Doom and Gloom","Static Discharge"],"picked":"Leap","floor":14},{"not_picked":["Core Surge","Reboot"],"picked":"Buffer","floor":16},{"not_picked":["Glacier+1","Steam"],"picked":"Beam Cell","floor":18},{"not_picked":["Scrape","Coolheaded"],"picked":"Conserve Battery+1","floor":19},{"not_picked":["Sweeping Beam","Beam Cell"],"picked":"Go for the Eyes+1","floor":20},{"not_picked":["Cold Snap","Melter","Recycle"],"picked":"SKIP","floor":21},{"not_picked":["Force Field","Reinforced Body","Recycle"],"picked":"SKIP","floor":25},{"not_picked":["Barrage","Sweeping Beam","Compile Driver+1"],"picked":"SKIP","floor":27},{"not_picked":["Compile Driver","Creative AI","Barrage"],"picked":"SKIP","floor":29},{"not_picked":["Echo Form","Fission"],"picked":"All For One","floor":33},{"not_picked":["Go for the Eyes+1","Steam"],"picked":"Gash+1","floor":35},{"not_picked":["Sweeping Beam","FTL+1"],"picked":"Sunder","floor":37},{"not_picked":["Auto Shields+1","Glacier"],"picked":"Conserve Battery","floor":38},{"not_picked":["Beam Cell","Hologram"],"picked":"Skim","floor":41},{"not_picked":["Rebound+1","Reprogram"],"picked":"Gash","floor":42},{"not_picked":["Blizzard+1","Turbo"],"picked":"Stack+1","floor":44}],"player_experience":759038,"relics_obtained":[{"floor":7,"key":"FossilizedHelix"},{"floor":9,"key":"Eternal Feather"},{"floor":19,"key":"Red Mask"},{"floor":24,"key":"Pear"},{"floor":26,"key":"Bag of Marbles"},{"floor":29,"key":"Bottled Lightning"},{"floor":42,"key":"Bottled Tornado"},{"floor":43,"key":"Blue Candle"}],"event_choices":[{"damage_healed":0,"gold_gain":75,"player_choice":"Gather Gold","damage_taken":11,"max_hp_gain":0,"max_hp_loss":0,"event_name":"World of Goop","floor":3,"gold_loss":0},{"cards_removed":["Strike_B"],"damage_healed":0,"gold_gain":0,"player_choice":"Card Removal","damage_taken":7,"max_hp_gain":0,"max_hp_loss":0,"event_name":"Golden Wing","floor":10,"gold_loss":0},{"damage_healed":0,"gold_gain":0,"player_choice":"Ignored","damage_taken":0,"max_hp_gain":0,"max_hp_loss":0,"event_name":"Liars Game","floor":13,"gold_loss":0},{"damage_healed":0,"gold_gain":0,"player_choice":"Fought Bandits","damage_taken":0,"max_hp_gain":0,"max_hp_loss":0,"event_name":"Masked Bandits","floor":19,"gold_loss":0},{"damage_healed":0,"gold_gain":0,"player_choice":"Opened","damage_taken":0,"relics_obtained":["MawBank"],"max_hp_gain":0,"max_hp_loss":0,"event_name":"The Mausoleum","floor":28,"gold_loss":0,"cards_obtained":["Writhe"]},{"damage_healed":0,"gold_gain":0,"player_choice":"","damage_taken":6,"max_hp_gain":0,"max_hp_loss":0,"event_name":"Knowing Skull","floor":31,"potions_obtained":[],"gold_loss":0,"cards_obtained":[]}],"is_beta":false,"boss_relics":[{"not_picked":["Busted Crown","Ectoplasm"],"picked":"Astrolabe"},{"not_picked":["Runic Pyramid","Sozu"],"picked":"Pandora\u0027s Box"}],"items_purged_floors":[],"is_endless":false,"potions_floor_spawned":[5,8,20,21,25,35,42],"killed_by":"Sphere and 2 Shapes","ascension_level":5}}