{"host":"fjaupvxe7fzqrf4j","time":1608888573,"event":{"mods":["ATMod(°¢èªMod)","BaseMod","Minty Spire (QoL Compilation)","StSLib"],"gold_per_floor":[113,38,38,52,52,83,83,116,169,201,201,221,232,243,243,317,317,331,331,381,381,381,381,306,336,336,355,355,385,385,401,401,479,479,489,1488,1488,1488,915,915,946,946,946,653,653,683,683,709,709,709,709,709,709,233,268,268],"floor_reached":57,"playtime":1894,"items_purged":["Normality","Normality","Defend_G"],"score":3501,"play_id":"9c62f8f5-174e-4c17-8836-ed6a21a0de23","local_time":"20201225172933","is_ascension_mode":true,"campfire_choices":[{"data":"AT_WindFlip","floor":7.0,"key":"SMITH"},{"data":"Tactician","floor":11.0,"key":"SMITH"},{"data":"Calculated Gamble","floor":15.0,"key":"SMITH"},{"data":"Reflex","floor":23.0,"key":"SMITH"},{"data":"AT_Desolate","floor":28.0,"key":"SMITH"},{"data":"Acrobatics","floor":30.0,"key":"SMITH"},{"floor":32.0,"key":"RECALL"},{"data":"Panacea","floor":40,"key":"SMITH"},{"floor":42,"key":"DIG"},{"floor":47,"key":"DIG"},{"floor":49,"key":"DIG"},{"floor":53,"key":"DIG"}],"circlet_count":0,"master_deck":["AscendersBane","Defend_G","Defend_G","Defend_G","Defend_G","Survivor","Neutralize","AT_WindFlip+1","AT_Desolate+1","Calculated Gamble+1","Tactician+1","Reflex+1","Backflip","Venomology","Dagger Throw","Acrobatics+1","Well Laid Plans+1","Master of Strategy","Panacea+1","Concentrate","Eviscerate","AT_KneejerkReflex+1","AT_ArcaneSupremacy+1","Reflex"],"relics":["Ring of the Snake","AT_ATBox","NeowsBlessing","Snake Skull","Ginger","AT_SunfireAegis","Tough Bandages","SlaversCollar","AT_DeathDance","Paper Crane","StrikeDummy","Coffee Dripper","Membership Card","Letter Opener","Regal Pillow","Shovel","Frozen Egg 2","Medical Kit","Bag of Preparation","Bag of Marbles","CeramicFish","AT_BellowingDragoncrestRing","Nunchaku","Pear","TheAbacus","Tingsha","AT_EbonyIvory","AT_ImmortalShieldbow"],"acts_visited":["Exordium","TheCity","TheBeyond","TheEnding"],"potions_floor_usage":[41,46,46,46,50,51,56,56],"damage_taken":[{"damage":0.0,"enemies":"2 Louse","floor":1.0,"turns":1.0},{"damage":0.0,"enemies":"Small Slimes","floor":4.0,"turns":1.0},{"damage":0.0,"enemies":"Gremlin Nob","floor":6.0,"turns":1.0},{"damage":17.0,"enemies":"3 Sentries","floor":8.0,"turns":5.0},{"damage":11.0,"enemies":"Gremlin Nob","floor":10.0,"turns":3.0},{"damage":2.0,"enemies":"Jaw Worm","floor":12.0,"turns":3.0},{"damage":0.0,"enemies":"Blue Slaver","floor":13.0,"turns":3.0},{"damage":0.0,"enemies":"3 Louse","floor":14.0,"turns":1.0},{"damage":0.0,"enemies":"The Guardian","floor":16.0,"turns":4.0},{"damage":0.0,"enemies":"Chosen","floor":18.0,"turns":2.0},{"damage":2.0,"enemies":"Book of Stabbing","floor":25.0,"turns":3.0},{"damage":0.0,"enemies":"3 Byrds","floor":27.0,"turns":3.0},{"damage":2.0,"enemies":"Slavers","floor":29.0,"turns":4.0},{"damage":0.0,"enemies":"Centurion and Healer","floor":31.0,"turns":2.0},{"damage":0.0,"enemies":"Champ","floor":33.0,"turns":3.0},{"damage":0,"enemies":"Orb Walker","floor":35,"turns":1},{"damage":0,"enemies":"Nemesis","floor":41,"turns":3},{"damage":0,"enemies":"Reptomancer","floor":46,"turns":3},{"damage":0,"enemies":"Nemesis","floor":48,"turns":3},{"damage":0,"enemies":"Time Eater","floor":50,"turns":4},{"damage":0,"enemies":"Donu and Deca","floor":51,"turns":3},{"damage":0,"enemies":"Shield and Spear","floor":55,"turns":2},{"damage":0,"enemies":"The Heart","floor":56,"turns":5}],"seed_played":"6263938528524096973","potions_obtained":[{"floor":1.0,"key":"Strength Potion"},{"floor":4.0,"key":"SpeedPotion"},{"floor":13.0,"key":"PowerPotion"},{"floor":16.0,"key":"Fire Potion"}],"is_trial":false,"path_per_floor":["M","?","$","M","?","E","R","E","T","E","R","M","M","M","R","B",null,"M","?","?","?","?","R","?","E","T","M","R","E","R","M","R","B",null,"M","?","?","?","$","R","E","R","T","$","?","E","R","E","R","B","B",null,"R","$","E","B",null],"character_chosen":"THE_SILENT","items_purchased":["Membership Card","Letter Opener","Regal Pillow","Master of Strategy","Panacea","Medical Kit","Bag of Preparation","Concentrate","Eviscerate","TheAbacus","Tingsha","AT_EbonyIvory","AT_ArcaneSupremacy+1","DuplicationPotion"],"campfire_rested":0,"item_purchase_floors":[39,39,39,39,39,44,44,44,44,54,54,54,54,54],"current_hp_per_floor":[59,59,59,59,52,52,52,35,35,24,24,22,22,22,22,22,55,55,55,55,55,55,55,55,53,53,53,53,51,51,51,51,51,62,62,62,62,62,62,62,62,62,62,62,62,62,62,62,62,62,62,63,73,73,73,73],"gold":268,"neow_bonus":"THREE_ENEMY_KILL","is_daily":false,"chose_seed":false,"campfire_upgraded":7,"win_rate":0.0,"timestamp":1608888573,"path_taken":["M","?","$","M","?","E","R","E","T","E","R","M","M","M","R","BOSS","M","?","?","?","?","R","?","E","T","?","R","E","R","M","R","BOSS","M","?","?","?","$","R","E","R","T","$","?","E","R","E","R","BOSS","BOSS","R","$","E","BOSS"],"items_purchased_type":["Relic","Relic","Relic","Card","Card","Relic","Relic","Card","Card","Relic","Relic","Relic","Card","Potion"],"build_version":"2020-12-22","purchased_purges":3,"victory":true,"max_hp_per_floor":[66,66,66,66,66,66,66,66,66,66,66,66,66,66,66,66,66,66,66,66,66,66,66,66,66,66,66,66,66,66,66,66,66,66,66,66,66,66,66,66,66,66,66,66,63,63,63,63,63,63,63,63,73,73,73,73],"card_choices":[{"not_picked":["PiercingWail","Quick Slash"],"picked":"AT_Desolate","floor":1.0},{"not_picked":["PiercingWail","Flying Knee"],"picked":"Calculated Gamble","floor":4.0},{"not_picked":["Prepared","Backflip"],"picked":"Tactician","floor":6.0},{"not_picked":["PiercingWail","Catalyst"],"picked":"Blade Dance","floor":8.0},{"not_picked":["Well Laid Plans","Caltrops"],"picked":"Reflex","floor":10.0},{"not_picked":["Tactician","PiercingWail"],"picked":"Backflip","floor":12.0},{"not_picked":["Blade Dance","Deflect","Finisher"],"picked":"SKIP","floor":13.0},{"not_picked":["Poisoned Stab","AT_TwilightShroud","Skewer"],"picked":"SKIP","floor":14.0},{"not_picked":["Distraction","Deflect","Flying Knee"],"picked":"SKIP","floor":18.0},{"not_picked":["Die Die Die","Heel Hook","Tactician"],"picked":"SKIP","floor":25.0},{"not_picked":["Dagger Throw","Poisoned Stab","PiercingWail"],"picked":"SKIP","floor":27.0},{"not_picked":["Dagger Spray","Dagger Throw"],"picked":"Acrobatics","floor":29.0},{"not_picked":["Deadly Poison","Masterful Stab"],"picked":"Well Laid Plans+1","floor":31.0},{"not_picked":["AT_WomanClash","Backflip+1","Quick Slash"],"picked":"SKIP","floor":35},{"not_picked":["Bane","Accuracy","Skewer"],"picked":"SKIP","floor":41},{"not_picked":["Endless Agony","AT_TwilightShroud"],"picked":"AT_KneejerkReflex+1","floor":46},{"not_picked":["Quick Slash","Masterful Stab+1","Poisoned Stab"],"picked":"SKIP","floor":48},{"not_picked":["Unload","Backflip","Reflex"],"picked":"SKIP","floor":55},{"not_picked":["Unload","Backflip"],"picked":"Reflex","floor":55}],"player_experience":276550,"relics_obtained":[{"floor":6.0,"key":"Snake Skull"},{"floor":8.0,"key":"Ginger"},{"floor":9.0,"key":"AT_SunfireAegis"},{"floor":10.0,"key":"Tough Bandages"},{"floor":25.0,"key":"AT_DeathDance"},{"floor":26.0,"key":"Paper Crane"},{"floor":29.0,"key":"StrikeDummy"},{"floor":41,"key":"Shovel"},{"floor":42,"key":"Frozen Egg 2"},{"floor":46,"key":"Bag of Marbles"},{"floor":47,"key":"CeramicFish"},{"floor":48,"key":"AT_BellowingDragoncrestRing"},{"floor":49,"key":"Nunchaku"},{"floor":53,"key":"Pear"},{"floor":55,"key":"AT_ImmortalShieldbow"}],"event_choices":[{"cards_removed":["Strike_G"],"damage_healed":0.0,"max_hp_gain":0.0,"max_hp_loss":0.0,"gold_gain":0.0,"event_name":"The Cleric","player_choice":"Card Removal","floor":2.0,"gold_loss":75.0,"damage_taken":0.0},{"cards_removed":["Strike_G"],"damage_healed":0.0,"max_hp_gain":0.0,"max_hp_loss":0.0,"gold_gain":0.0,"event_name":"Golden Wing","player_choice":"Card Removal","floor":5.0,"gold_loss":0.0,"damage_taken":7.0},{"damage_healed":0.0,"max_hp_gain":0.0,"max_hp_loss":0.0,"gold_gain":0.0,"cards_transformed":["Strike_G","Strike_G"],"event_name":"Drug Dealer","player_choice":"Became Test Subject","floor":19.0,"gold_loss":0.0,"damage_taken":0.0,"cards_obtained":["Venomology","Dagger Throw"]},{"damage_healed":0.0,"max_hp_gain":0.0,"max_hp_loss":0.0,"gold_gain":50.0,"event_name":"Nest","player_choice":"Stole From Cult","floor":20.0,"gold_loss":0.0,"damage_taken":0.0},{"damage_healed":0.0,"max_hp_gain":0.0,"max_hp_loss":0.0,"gold_gain":0.0,"event_name":"The Mausoleum","player_choice":"Ignored","floor":21.0,"gold_loss":0.0,"damage_taken":0.0},{"damage_healed":0.0,"max_hp_gain":0.0,"max_hp_loss":0.0,"gold_gain":0.0,"event_name":"Ghosts","player_choice":"Ignored","floor":22.0,"gold_loss":0.0,"damage_taken":0.0},{"cards_removed":["Strike_G"],"damage_healed":0.0,"max_hp_gain":0.0,"max_hp_loss":0.0,"gold_gain":0.0,"event_name":"Beggar","player_choice":"Gave Gold","floor":24.0,"gold_loss":75.0,"damage_taken":0.0},{"damage_healed":0,"gold_gain":999,"player_choice":"Gold","damage_taken":0,"max_hp_gain":0,"max_hp_loss":0,"event_name":"MindBloom","floor":36,"gold_loss":0,"cards_obtained":["Normality","Normality"]},{"damage_healed":0,"gold_gain":0,"player_choice":"Ignored","damage_taken":0,"max_hp_gain":0,"max_hp_loss":0,"event_name":"Tomb of Lord Red Mask","floor":37,"gold_loss":0},{"cards_removed":["Blade Dance"],"damage_healed":0,"gold_gain":0,"player_choice":"Removed Skill","damage_taken":0,"max_hp_gain":0,"max_hp_loss":0,"event_name":"Falling","floor":38,"gold_loss":0},{"damage_healed":0,"gold_gain":0,"player_choice":"Max HP","damage_taken":0,"max_hp_gain":0,"max_hp_loss":3,"event_name":"Winding Halls","floor":45,"gold_loss":0}],"is_beta":false,"boss_relics":[{"not_picked":["Velvet Choker","Fusion Hammer"],"picked":"SlaversCollar"},{"not_picked":["WristBlade","Sozu"],"picked":"Coffee Dripper"}],"items_purged_floors":[39,44,54],"is_endless":false,"potions_floor_spawned":[1,4,8,13,16,35,41,55],"ascension_level":20}}