{"host":"0vobf7lgf552vogm","time":1608859083,"event":{"mods":["AchievementEnabler","Act Like it!","BaseMod","Better Sensory Stone","Colored Map","DeckTracker","Minty Spire (QoL Compilation)","Pale of the Ancients","Rare Cards Sparkle","Relic Stats","StSLib","Synergy Search","Unceasing Turn Reminder","Wandering Minibosses"],"gold_per_floor":[111,111,124,74,149,149,179,189,189,201,51,70,70,86,86,186,236,248,260,260,260,37,55,55,55,55,55,55,55,74,90,90,90,90],"floor_reached":33,"playtime":2294,"items_purged":["Defend_P"],"score":247,"play_id":"e8c30613-2ba6-4cad-97ee-09b1ff919e00","local_time":"20201225021803","is_ascension_mode":false,"campfire_choices":[{"data":"Eruption","floor":6,"key":"SMITH"},{"data":"Meditate","floor":13,"key":"SMITH"},{"floor":15,"key":"RECALL"},{"data":"RitualDagger","floor":25,"key":"SMITH"},{"data":"Protect","floor":28,"key":"SMITH"},{"data":"Nirvana","floor":32,"key":"SMITH"}],"circlet_count":0,"master_deck":["Strike_P","Strike_P","Strike_P","Defend_P","Defend_P","Eruption+1","Vigilance","EmptyBody","JustLucky","LikeWater","Nirvana+1","Wireheading","Meditate+1","Swivel+1","Brilliance","FlyingSleeves","MentalFortress+1","Pray","RitualDagger+1","Protect+1","CutThroughFate+1","Adaptation"],"relics":["PureWater","Bag of Preparation","Bird Faced Urn","Lee\u0027s Waffle","Tiny House","Vajra","Shuriken","Nilry\u0027s Codex"],"acts_visited":["Exordium","TheCity"],"potions_floor_usage":[14,16,18,33],"damage_taken":[{"damage":1,"enemies":"Jaw Worm","floor":1,"turns":3},{"damage":0,"enemies":"Cultist","floor":3,"turns":5},{"damage":21,"enemies":"Lagavulin","floor":7,"turns":6},{"damage":0,"enemies":"2 Louse","floor":8,"turns":2},{"damage":10,"enemies":"Exordium Wildlife","floor":10,"turns":7},{"damage":0,"enemies":"Looter","floor":12,"turns":1},{"damage":3,"enemies":"Large Slime","floor":14,"turns":4},{"damage":24,"enemies":"The Guardian","floor":16,"turns":13},{"damage":3,"enemies":"Chosen","floor":18,"turns":4},{"damage":0,"enemies":"Spheric Guardian","floor":19,"turns":5},{"damage":0,"enemies":"Shelled Parasite and Fungi","floor":23,"turns":4},{"damage":5,"enemies":"Snake Plant","floor":30,"turns":4},{"damage":23,"enemies":"Centurion and Healer","floor":31,"turns":5},{"damage":83,"enemies":"Collector","floor":33,"turns":7}],"seed_played":"-3772262915480846532","potions_obtained":[{"floor":3,"key":"BottledMiracle"},{"floor":14,"key":"PowerPotion"},{"floor":17,"key":"Fire Potion"},{"floor":31,"key":"Swift Potion"}],"is_trial":false,"path_per_floor":["M","?","M","?","?","R","E","M","T","M","$","M","R","M","R","B",null,"M","M","?","?","$","M","$","R","T","?","R","?","M","M","R","B"],"character_chosen":"WATCHER","items_purchased":["Lee\u0027s Waffle","Vajra"],"campfire_rested":0,"item_purchase_floors":[11,22],"current_hp_per_floor":[71,71,71,71,60,60,39,41,41,35,79,79,79,78,78,55,84,83,84,84,78,78,84,84,84,84,68,68,68,71,58,58,0,0],"gold":90,"neow_bonus":"RANDOM_COMMON_RELIC","is_daily":false,"chose_seed":false,"campfire_upgraded":5,"win_rate":0.0,"timestamp":1608859083,"path_taken":["M","?","?","?","?","R","E","M","T","M","?","M","R","M","R","BOSS","M","M","?","?","?","M","$","R","T","?","R","?","M","M","R","BOSS"],"items_purchased_type":["Relic","Relic"],"build_version":"2020-12-22","purchased_purges":1,"victory":false,"max_hp_per_floor":[72,72,72,72,72,72,72,72,72,72,79,79,79,79,79,79,84,84,84,84,84,84,84,84,84,84,84,84,84,84,84,84,84,84],"relic_stats":{"Lee\u0027s Waffle":44,"counters":[14,70],"Shuriken":[3],"Bird Faced Urn":[46],"Bag of Preparation":[28],"obtain_stats":[{"Lee\u0027s Waffle":11,"Tiny House":17,"Shuriken":26,"Nilry\u0027s Codex":27,"Bird Faced Urn":7,"Vajra":22,"Bag of Preparation":0,"PureWater":0},{"Lee\u0027s Waffle":5,"Tiny House":8,"Shuriken":11,"Nilry\u0027s Codex":11,"Bird Faced Urn":3,"Vajra":10,"Bag of Preparation":0,"PureWater":0},{"Lee\u0027s Waffle":23,"Tiny House":41,"Shuriken":54,"Nilry\u0027s Codex":54,"Bird Faced Urn":14,"Vajra":50,"Bag of Preparation":0,"PureWater":0}]},"card_choices":[{"not_picked":["SignatureMove","ThirdEye"],"picked":"EmptyBody","floor":1},{"not_picked":["CutThroughFate","Evaluate"],"picked":"JustLucky","floor":3},{"not_picked":["JustLucky","ConjureBlade"],"picked":"LikeWater","floor":7},{"not_picked":["FollowUp","PathToVictory"],"picked":"Nirvana","floor":8},{"not_picked":["Tantrum","FlurryOfBlows"],"picked":"Wireheading","floor":10},{"not_picked":["LikeWater","Vengeance"],"picked":"Meditate","floor":12},{"not_picked":["SignatureMove","Tantrum"],"picked":"Swivel","floor":14},{"not_picked":["ConjureBlade","Wish"],"picked":"Brilliance","floor":16},{"not_picked":["EmptyBody","FollowUp"],"picked":"FlyingSleeves","floor":17},{"not_picked":["Evaluate","Conclude"],"picked":"MentalFortress+1","floor":18},{"not_picked":["Crescendo","Prostrate"],"picked":"Pray","floor":19},{"not_picked":["BowlingBash","JustLucky"],"picked":"Protect","floor":23},{"not_picked":["Halt","Protect+1"],"picked":"CutThroughFate+1","floor":30},{"not_picked":["Wireheading","SashWhip"],"picked":"Adaptation","floor":31}],"player_experience":791536,"relics_obtained":[{"floor":7,"key":"Bird Faced Urn"},{"floor":26,"key":"Shuriken"},{"floor":27,"key":"Nilry\u0027s Codex"}],"event_choices":[{"damage_healed":0,"gold_gain":0,"player_choice":"Ignored","damage_taken":0,"max_hp_gain":0,"max_hp_loss":0,"event_name":"NoteForYourself","floor":2,"gold_loss":0},{"cards_removed":["Defend_P"],"damage_healed":0,"gold_gain":0,"player_choice":"Card Removal","damage_taken":0,"max_hp_gain":0,"max_hp_loss":0,"event_name":"The Cleric","floor":4,"gold_loss":50},{"damage_healed":0,"gold_gain":75,"player_choice":"Gather Gold","damage_taken":11,"max_hp_gain":0,"max_hp_loss":0,"event_name":"World of Goop","floor":5,"gold_loss":0},{"cards_removed":["Strike_P"],"damage_healed":0,"gold_gain":0,"player_choice":"Elegance","damage_taken":0,"max_hp_gain":0,"max_hp_loss":0,"event_name":"Back to Basics","floor":20,"gold_loss":0},{"damage_healed":0,"gold_gain":0,"player_choice":"Joined the Cult","damage_taken":6,"max_hp_gain":0,"max_hp_loss":0,"event_name":"Nest","floor":21,"gold_loss":0,"cards_obtained":["RitualDagger"]},{"damage_healed":0,"gold_gain":0,"player_choice":"Obtained Book","damage_taken":16,"max_hp_gain":0,"max_hp_loss":0,"event_name":"Cursed Tome","floor":27,"gold_loss":0},{"damage_healed":0,"gold_gain":0,"player_choice":"Ignored","damage_taken":0,"max_hp_gain":0,"max_hp_loss":0,"event_name":"Ghosts","floor":29,"gold_loss":0}],"is_beta":false,"boss_relics":[{"not_picked":["Philosopher\u0027s Stone","Sozu"],"picked":"Tiny House"}],"items_purged_floors":[22],"is_endless":false,"potions_floor_spawned":[3,14,31],"killed_by":"Collector","ascension_level":0}}