{"host":"zxkjcgzis4pm3za5","time":1608872971,"event":{"mods":["AchievementEnabler","BaseMod","Colored Map","Colored Powertips","Minty Spire (QoL Compilation)","Quick Restart","RNG Fix","Random Character Button","StSLib"],"gold_per_floor":[110,122,135,135,210,210,243,43,124,124,124,158,98,112,112,112,112],"floor_reached":16,"playtime":495,"items_purged":["Strike_G"],"score":162,"play_id":"27f2471f-4aff-44c4-b540-497053266792","local_time":"20201225103931","is_ascension_mode":true,"campfire_choices":[{"data":"Blade Dance","floor":6,"key":"SMITH"},{"floor":11,"key":"REST"},{"data":"Burst","floor":15,"key":"SMITH"}],"circlet_count":0,"master_deck":["AscendersBane","Strike_G","Strike_G","Strike_G","Strike_G","Defend_G","Defend_G","Defend_G","Defend_G","Defend_G","Survivor","Neutralize","Blade Dance+1","Sucker Punch","Deflect","Cloak And Dagger","Burst+1","Dodge and Roll","Infinite Blades"],"relics":["Ring of the Snake","Omamori","Blue Candle","Bronze Scales","The Courier","Dream Catcher","Blood Vial"],"acts_visited":["Exordium"],"potions_floor_usage":[12,16],"damage_taken":[{"damage":4,"enemies":"Small Slimes","floor":1,"turns":4},{"damage":0,"enemies":"2 Louse","floor":2,"turns":3},{"damage":0,"enemies":"Jaw Worm","floor":3,"turns":4},{"damage":29,"enemies":"3 Sentries","floor":7,"turns":12},{"damage":26,"enemies":"Lagavulin","floor":12,"turns":9},{"damage":0,"enemies":"Exordium Wildlife","floor":14,"turns":2},{"damage":30,"enemies":"Slime Boss","floor":16,"turns":6}],"seed_played":"-1185129260824310488","potions_obtained":[{"floor":7,"key":"Strength Potion"},{"floor":12,"key":"SkillPotion"}],"is_trial":false,"path_per_floor":["M","M","M","?","?","R","E","$","T","?","R","E","$","M","R","B"],"character_chosen":"THE_SILENT","items_purchased":["Bronze Scales","Cloak And Dagger"],"campfire_rested":1,"item_purchase_floors":[8,8],"current_hp_per_floor":[59,59,59,64,53,53,24,24,24,24,45,19,19,21,21,0,0],"gold":112,"neow_bonus":"RANDOM_COMMON_RELIC","is_daily":false,"chose_seed":false,"campfire_upgraded":2,"win_rate":0.0,"timestamp":1608872971,"path_taken":["M","M","?","?","?","R","E","?","T","?","R","E","?","?","R","BOSS"],"items_purchased_type":["Relic","Card"],"build_version":"2020-12-22","purchased_purges":1,"victory":false,"max_hp_per_floor":[70,70,70,70,70,70,70,70,70,70,70,70,70,70,70,70,70],"card_choices":[{"not_picked":["Accuracy","Distraction"],"picked":"Deflect","floor":1},{"not_picked":["PiercingWail","Acrobatics"],"picked":"Blade Dance","floor":2},{"not_picked":["Outmaneuver","Backflip"],"picked":"Sucker Punch","floor":3},{"not_picked":["Prepared","Sucker Punch"],"picked":"Deflect","floor":7},{"not_picked":["Backflip","Eviscerate"],"picked":"Burst","floor":11},{"not_picked":["Acrobatics","Bane"],"picked":"Dodge and Roll","floor":12},{"not_picked":["Slice","Cloak And Dagger"],"picked":"Infinite Blades","floor":14}],"player_experience":142339,"relics_obtained":[{"floor":7,"key":"Blue Candle"},{"floor":9,"key":"The Courier"},{"floor":12,"key":"Blood Vial"}],"event_choices":[{"cards_removed":["Deflect"],"damage_healed":5,"gold_gain":0,"player_choice":"Offered Common","damage_taken":0,"max_hp_gain":0,"max_hp_loss":0,"event_name":"Bonfire Elementals","floor":4,"gold_loss":0},{"cards_removed":["Deflect"],"damage_healed":5,"gold_gain":0,"player_choice":"Offered Special","damage_taken":0,"max_hp_gain":0,"max_hp_loss":0,"event_name":"Bonfire Elementals","floor":4,"gold_loss":0},{"damage_healed":0,"gold_gain":75,"player_choice":"Gather Gold","damage_taken":11,"max_hp_gain":0,"max_hp_loss":0,"event_name":"World of Goop","floor":5,"gold_loss":0},{"damage_healed":0,"gold_gain":0,"player_choice":"Box","damage_taken":0,"relics_obtained":["Dream Catcher"],"max_hp_gain":0,"max_hp_loss":0,"event_name":"Big Fish","floor":10,"gold_loss":0,"cards_obtained":["Regret"]}],"is_beta":false,"boss_relics":[],"items_purged_floors":[13],"is_endless":false,"potions_floor_spawned":[7,12],"killed_by":"Slime Boss","ascension_level":10}}