{"host":"vm8b3ptwl81uq21f","time":1608877309,"event":{"mods":["BaseMod","BetterRewards","Colored Powertips","Downfall","GifTheSpireLib","Googly Eyes","GungeonMod","Halation","Hubris","Minty Spire (QoL Compilation)","Quick Restart","Rare Cards Sparkle","Replay The Spire","Shop Mod","StSLib","Stuff the Spire","The Bug Knight","The IronCluck","[IsaacMod]????"],"gold_per_floor":[112,126,144,154,154,180,52,87,110,139,151,151,151,170,170,270,270,284,284,303,313,313,313],"floor_reached":22,"playtime":670,"items_purged":["DemoMod:Defend_Huntress"],"score":233,"play_id":"898e1f16-d8d4-4a13-92d6-c52fe58592de","local_time":"20201225012149","is_ascension_mode":false,"campfire_choices":[{"data":"DemoMod:DirectionalPad","floor":12,"key":"SMITH"}],"circlet_count":0,"master_deck":["DemoMod:Strike_Huntress","DemoMod:Strike_Huntress","DemoMod:Strike_Huntress","DemoMod:Defend_Huntress","DemoMod:Defend_Huntress","DemoMod:Defend_Huntress","DemoMod:Roll","DemoMod:ManualReload","DemoMod:RustySidearm","DemoMod:CrossBow","DemoMod:SniperShot","DemoMod:DirectionalPad+1","DemoMod:FeignSurrender","DemoMod:HighKaliber","DemoMod:DirectionalPad","DemoMod:DirectionalPad+1","DemoMod:DirectionalPad","DemoMod:FullFirepower","DemoMod:ShadowBullets","DemoMod:BattleInHaste"],"relics":["DemoMod:Dog","HushsDoor","BelialBook","NeowsBlessing","Replay:Wax Seal","halation:RedSoulGem","Pantograph","hubris:OldNail","Toy Ornithopter","DemoMod:MonsterBlood","Cursed Key"],"acts_visited":["Exordium","TheCity"],"potions_floor_usage":[8,8,16,16],"damage_taken":[{"damage":0,"enemies":"2 Louse","floor":1,"turns":1},{"damage":0,"enemies":"Small Slimes","floor":2,"turns":1},{"damage":0,"enemies":"Cultist","floor":3,"turns":1},{"damage":0,"enemies":"Looter","floor":4,"turns":3},{"damage":8,"enemies":"3 Sentries","floor":6,"turns":4},{"damage":27,"enemies":"Lagavulin","floor":8,"turns":4},{"damage":4,"enemies":"Gremlin Nob","floor":10,"turns":3},{"damage":0,"enemies":"Large Slime","floor":11,"turns":4},{"damage":0,"enemies":"Lots of Slimes","floor":14,"turns":2},{"damage":35,"enemies":"The Guardian","floor":16,"turns":6},{"damage":1,"enemies":"Spheric Guardian","floor":18,"turns":3},{"damage":6,"enemies":"Shell Parasite","floor":20,"turns":3},{"damage":13,"enemies":"Snake Plant","floor":21,"turns":5},{"damage":10,"enemies":"Sentry and Sphere","floor":22,"turns":3}],"seed_played":"7894720840617274346","potions_obtained":[{"floor":1,"key":"hexamod:EctoCoolerPotion"},{"floor":4,"key":"EntropicBrew"},{"floor":14,"key":"Strength Potion"},{"floor":16,"key":"FearPotion"},{"floor":18,"key":"SpeedPotion"}],"is_trial":false,"path_per_floor":["M","M","M","M","?","E","$","E","T","E","M","R","?","M","R","B",null,"M","?","M","M","M"],"character_chosen":"HUNTRESS","items_purchased":["DemoMod:DirectionalPad"],"campfire_rested":0,"item_purchase_floors":[7],"current_hp_per_floor":[70,70,70,70,70,62,62,35,35,38,38,38,38,38,61,42,77,76,76,70,57,47,47],"gold":313,"neow_bonus":"THREE_ENEMY_KILL","is_daily":false,"chose_seed":false,"campfire_upgraded":1,"win_rate":0.0,"timestamp":1608877309,"path_taken":["M","M","M","M","?","E","?","E","T","E","M","R","?","?","R","BOSS","M","?","M","M","M"],"items_purchased_type":["Card"],"build_version":"2020-12-22","purchased_purges":1,"victory":false,"max_hp_per_floor":[70,70,70,70,70,70,70,70,70,77,77,77,77,77,77,77,77,77,77,77,77,77,77],"card_choices":[{"not_picked":["DemoMod:CursedBullets","DemoMod:HardPowerCard"],"picked":"DemoMod:SniperShot","floor":1},{"not_picked":["DemoMod:PracticeMakesPerfect","DemoMod:HardPowerCard"],"picked":"DemoMod:DirectionalPad","floor":2},{"not_picked":["DemoMod:AC15","DemoMod:StickyCrossBow"],"picked":"DemoMod:FeignSurrender","floor":3},{"not_picked":["Bomb","DemoMod:Ejector"],"picked":"DemoMod:HighKaliber","floor":4},{"not_picked":["DemoMod:HardPowerCard","Bomb"],"picked":"DemoMod:DirectionalPad","floor":6},{"not_picked":["DemoMod:TeaPot","DemoMod:AWP","DemoMod:FeignSurrender"],"picked":"SKIP","floor":8},{"not_picked":["DemoMod:JK47","DemoMod:HuntsMan"],"picked":"DemoMod:DirectionalPad","floor":10},{"not_picked":["DemoMod:Ejector","DemoMod:JK47","Bomb"],"picked":"SKIP","floor":11},{"not_picked":["DemoMod:TeaPot","DemoMod:GunstockTap","DemoMod:TripleGun"],"picked":"SKIP","floor":14},{"not_picked":["DemoMod:Slinger","DemoMod:Elimentaler"],"picked":"DemoMod:FullFirepower","floor":16},{"not_picked":["DemoMod:PotionOfGunFriendShip","DemoMod:AbyssalTentacle"],"picked":"DemoMod:ShadowBullets","floor":18},{"not_picked":["DemoMod:JK47","DemoMod:GunstockTap","DemoMod:Ejector"],"picked":"SKIP","floor":20},{"not_picked":["DemoMod:StickyCrossBow","DemoMod:JK47+1"],"picked":"DemoMod:BattleInHaste","floor":21}],"player_experience":309850,"relics_obtained":[{"floor":4,"key":"Replay:Wax Seal"},{"floor":6,"key":"Pantograph"},{"floor":8,"key":"hubris:OldNail"},{"floor":9,"key":"Toy Ornithopter"},{"floor":10,"key":"DemoMod:MonsterBlood"}],"event_choices":[],"is_beta":false,"boss_relics":[{"not_picked":["halation:CatFaceCupcake","hubris:BlackHole"],"picked":"Cursed Key"},{"not_picked":[]}],"items_purged_floors":[7],"is_endless":false,"potions_floor_spawned":[1,4,14,16,18],"killed_by":"Sentry and Sphere","ascension_level":0}}