{"host":"xr8r2flpb2i2fv48","time":1608866547,"event":{"mods":["2.2 Compatiblity","Act Like it!","BaseMod","Better Note","Better Third Choice","Downfall","Gensokyo","Hallownest","Hermit","Lobotomy","LobotomyExtend","Marisa????????","Minty Spire (QoL Compilation)","Reimu??????","Replay The Spire","StSLib","The Bug Knight","The Cursed","The Gatherer","The Marked","The Runesmith","The Spell Scribe","TheSwordswoman","TheVacant","egg"],"gold_per_floor":[112,112,127,138,155,155,190,190,217,217,217,235,235,255,255,359,359,376,25,45,59,13,13,33,33,59,77,77,77,87,87,87],"floor_reached":31,"playtime":4166,"items_purged":["HollowMod:NailStrikeStart"],"score":314,"play_id":"193197cf-eb71-4a01-b912-0315fadf82b3","local_time":"20201225042227","is_ascension_mode":false,"campfire_choices":[{"data":"HollowMod:GoodIntentions","floor":6,"key":"SMITH"},{"data":"Hallownest:skillSlugHide","floor":8,"key":"SMITH"},{"data":"Hallownest:skillSlugHide","floor":11,"key":"SMITH"},{"data":"HollowMod:InfectedAttack","floor":13,"key":"SMITH"},{"data":"HollowMod:GrimmsGift","floor":15,"key":"SMITH"},{"data":"Pot Of Greed","floor":25,"key":"SMITH"},{"data":"Pot Of Greed","floor":29,"key":"SMITH"}],"circlet_count":0,"master_deck":["HollowMod:NailStrikeStart","HollowMod:NailStrikeStart","HollowMod:NailStrikeStart","HollowMod:FocusHealStart+1","HollowMod:PogoStrike","HollowMod:CornifersMapStart","Hallownest:skillSlugHide+1","Hallownest:skillSlugHide+1","Hallownest:skillSlugHide+1","Hallownest:skillSlugHide","Hallownest:skillSlugHide+1","HollowMod:InfectedAttack+1","HollowMod:LifebloodCocoon","HollowMod:GoodIntentions+1","Pot Of Greed+1","Pot Of Greed+1","HollowMod:GrimmsGift+1","HollowMod:NewInfectedGuardian","HollowMod:SoulVessel","HollowMod:NewGlowingWomb","Mayhem","HollowMod:NewGlowingWomb","HollowMod:InfectedAttack+1","HollowMod:InfectedAttack","ReplayTheSpireMod:Doomed","Pot Of Greed","HollowMod:NewJinnsSoul"],"relics":["HollowMod:VesselMask","LetterFromLob","Grinning Jar","War Paint","Hallownest:DreamNailRelic","Cursed Key","Bronze Scales"],"acts_visited":["Hallownest:Greenpath","Hallownest:CityofTears"],"potions_floor_usage":[],"damage_taken":[{"damage":1,"enemies":"Hallownest:2_MossCreeps","floor":1,"turns":5},{"damage":3,"enemies":"Hallownest:2_Tiktiks_and_1_Crawlid","floor":3,"turns":5},{"damage":1,"enemies":"Hallownest:2_Baldur","floor":4,"turns":4},{"damage":0,"enemies":"Hallownest:monsterMossCharger","floor":5,"turns":7},{"damage":43,"enemies":"Hallownest:eliteCrystalGuardian","floor":7,"turns":9},{"damage":0,"enemies":"Hallownest:MossCreep_and_Mosskin","floor":12,"turns":7},{"damage":3,"enemies":"Hallownest:2_Tiktiks_1_Baldur_1_Crawlid","floor":14,"turns":9},{"damage":0,"enemies":"Hallownest:BossBrokenVessel","floor":16,"turns":15},{"damage":8,"enemies":"Hallownest:Flukemon_and_Top","floor":18,"turns":8},{"damage":5,"enemies":"Hallownest:3_Youths","floor":20,"turns":10},{"damage":9,"enemies":"Hallownest:Warrior_and_Youth","floor":21,"turns":7},{"damage":38,"enemies":"Hallownest:monsterShrumalOgre","floor":24,"turns":6},{"damage":19,"enemies":"Hallownest:Master_and_Novice","floor":27,"turns":6},{"damage":6,"enemies":"Hallownest:Warrior_and_Youth","floor":30,"turns":7},{"damage":49,"enemies":"Hallownest:monsterMisterMushroom","floor":31,"turns":6}],"seed_played":"5258449170106267510","potions_obtained":[{"floor":5,"key":"Cursed Concoction"},{"floor":7,"key":"Strength Potion"},{"floor":12,"key":"Toxic Potion"}],"is_trial":false,"path_per_floor":["M","?","M","M","M","R","E","R","T","?","R","M","R","M","R","B",null,"M","$","M","M","$","E","M","R","T","M","?","R","M","M"],"character_chosen":"THE_BUGKNIGHT","items_purchased":["HollowMod:NewGlowingWomb","Mayhem","HollowMod:InfectedAttack"],"campfire_rested":0,"item_purchase_floors":[19,19,22],"current_hp_per_floor":[75,75,75,75,75,75,38,38,38,38,38,50,50,59,59,65,75,73,73,75,75,75,75,43,43,43,36,36,36,40,0,0],"gold":87,"neow_bonus":"UPGRADE_CARD","is_daily":false,"chose_seed":false,"campfire_upgraded":7,"win_rate":0.0,"timestamp":1608866547,"path_taken":["M","?","M","M","M","R","E","R","T","?","R","M","R","M","R","BOSS","M","$","M","?","?","E","M","R","T","M","?","R","?","M"],"items_purchased_type":["Card","Card","Card"],"build_version":"2020-12-22","purchased_purges":1,"victory":false,"max_hp_per_floor":[75,75,75,75,75,75,75,75,75,75,75,75,75,75,75,75,75,75,75,75,75,75,75,75,75,75,75,75,75,75,75,75],"card_choices":[{"not_picked":["HollowMod:ShadowDash","HollowMod:ChannelNail"],"picked":"HollowMod:CornifersMapStart","floor":1},{"not_picked":["HollowMod:ChannelNail","HollowMod:HowlingWraiths"],"picked":"HollowMod:InfectedAttack","floor":3},{"not_picked":["HollowMod:HowlingWraiths","HollowMod:VengefulVoid"],"picked":"HollowMod:LifebloodCocoon","floor":4},{"not_picked":["HollowMod:GrimmsGift","HollowMod:DoubleDash"],"picked":"HollowMod:GoodIntentions","floor":5},{"not_picked":["HollowMod:VengefulVoid","HollowMod:CornifersMapStart","HollowMod:WhiteLadysBlessing"],"picked":"SKIP","floor":7},{"not_picked":["HollowMod:LifebloodCocoon","HollowMod:DashSlash"],"picked":"HollowMod:GrimmsGift","floor":12},{"not_picked":["HollowMod:WraithStrike","HollowMod:SiblingsSouls","HollowMod:VengefulSpirit"],"picked":"SKIP","floor":14},{"not_picked":["HollowMod:MidwifesHunger","HollowMod:VoidDash"],"picked":"HollowMod:NewInfectedGuardian","floor":16},{"not_picked":["HollowMod:CornifersMapStart","HollowMod:WraithStrike"],"picked":"HollowMod:SoulVessel","floor":18},{"not_picked":["HollowMod:DashSlash+1","HollowMod:FastStrike"],"picked":"HollowMod:NewGlowingWomb","floor":20},{"not_picked":["HollowMod:DashSlash+1","HollowMod:SiblingsSouls"],"picked":"HollowMod:InfectedAttack+1","floor":21},{"not_picked":["HollowMod:LordofShades","HollowMod:SoulSplash","HollowMod:CloakDash"],"picked":"SKIP","floor":24},{"not_picked":["HollowMod:DescendingDark+1","HollowMod:DashSlash"],"picked":"HollowMod:NewJinnsSoul","floor":27},{"not_picked":["HollowMod:SharpenedNail+1","HollowMod:ChannelNail","HollowMod:FallenFury"],"picked":"SKIP","floor":30}],"player_experience":1788314,"relics_obtained":[{"floor":1,"key":"LetterFromLob"},{"floor":7,"key":"Grinning Jar"},{"floor":9,"key":"War Paint"},{"floor":26,"key":"Bronze Scales"}],"event_choices":[],"is_beta":false,"boss_relics":[{"not_picked":["Runic Dome","Ring of Chaos"],"picked":"Cursed Key"}],"items_purged_floors":[19],"is_endless":false,"potions_floor_spawned":[5,7,12,18,27,30],"killed_by":"Hallownest:monsterMisterMushroom","ascension_level":0}}