{"host":"i3iesnh100m6i1gd","time":1608864032,"event":{"mods":["BaseMod","Colored Powertips","Downfall","Minty Spire (QoL Compilation)","Replay The Spire","StSLib"],"gold_per_floor":[112,112,156,156,171,203,23,23,92,102,30,30,55,71,161,291,291,310,330,330,354,354,379,415,438,508,508,409,409,429,107,107,236,236,261,594,614,614,634,634,650,650,697,697,697],"floor_reached":44,"playtime":2885,"items_purged":[],"score":455,"play_id":"9bb676fd-707e-40c7-9184-46b9323987e9","local_time":"20201224184032","is_ascension_mode":false,"campfire_choices":[{"floor":8,"key":"REST"},{"data":"Crystallizer","floor":27,"key":"SMITH"},{"data":"Amplify","floor":27,"key":"SMITH"},{"data":"Dualcast","floor":29,"key":"SMITH"},{"data":"BasicCrystalCard","floor":29,"key":"SMITH"},{"floor":32,"key":"REST"},{"floor":40,"key":"REST"},{"data":"Metamorphosis","floor":42,"key":"SMITH"},{"data":"Slimebound:RejuvenatingLick","floor":42,"key":"SMITH"}],"circlet_count":0,"master_deck":["Strike_B+1","Defend_B","Defend_B","Zap+1","Dualcast+1","White Noise+1","Melter+1","Beam Cell+1","Cold Snap+1","Compile Driver+1","Beam Cell+1","Crystallizer+1","Undo","Core Surge+1","Amplify+1","FIFO Queue+1","Go for the Eyes+1","BasicCrystalCard+1","Storm","Ball Lightning+1","Capacitor+1","Metamorphosis+1","Guardian:FierceBash+1","CurseOfTheBell","Slimebound:RejuvenatingLick+1","Slimebound:SplitLeeching","Consecrate+1","Gash+1"],"relics":["Cracked Core","Molten Egg 2","Replay:Bottled Steam","Guide Book","Meat on the Bone","Empty Cage","Replay:Arrowhead","Sundial","PrismaticShard","Calling Bell","Replay:Antivirus Software","Quantum Egg","Turnip","Smiling Mask"],"acts_visited":["Exordium","TheCity","TheBeyond"],"potions_floor_usage":[16,23,24,25,39,44,44,44],"damage_taken":[{"damage":1,"enemies":"Jaw Worm","floor":1,"turns":3},{"damage":2,"enemies":"Small Slimes","floor":5,"turns":2},{"damage":21,"enemies":"Gremlin Nob","floor":6,"turns":4},{"damage":0,"enemies":"Cultist","floor":10,"turns":2},{"damage":9,"enemies":"Lots of Slimes","floor":13,"turns":3},{"damage":0,"enemies":"Exordium Wildlife","floor":14,"turns":2},{"damage":12,"enemies":"Fading Forest","floor":16,"turns":11},{"damage":21,"enemies":"Shell Parasite","floor":18,"turns":5},{"damage":10,"enemies":"Chosen","floor":19,"turns":5},{"damage":13,"enemies":"Snake Plant","floor":21,"turns":3},{"damage":17,"enemies":"Centurion and Healer","floor":23,"turns":5},{"damage":4,"enemies":"Book of Stabbing","floor":24,"turns":5},{"damage":17,"enemies":"Chosen and Byrds","floor":25,"turns":4},{"damage":21,"enemies":"Snecko","floor":30,"turns":5},{"damage":47,"enemies":"Collector","floor":33,"turns":7},{"damage":18,"enemies":"Orb Walker","floor":35,"turns":3},{"damage":43,"enemies":"3 Darklings","floor":37,"turns":4},{"damage":30,"enemies":"Sphere and 2 Shapes","floor":39,"turns":6},{"damage":5,"enemies":"Transient","floor":41,"turns":5},{"damage":57,"enemies":"Jaw Worm Horde","floor":44,"turns":3}],"seed_played":"30490814359491479","potions_obtained":[{"floor":1,"key":"BlessingOfTheForge"},{"floor":6,"key":"PotionOfCapacity"},{"floor":16,"key":"hexamod:EctoCoolerPotion"},{"floor":21,"key":"LiquidMemories"},{"floor":23,"key":"Fruit Juice"},{"floor":24,"key":"Fire Potion"},{"floor":30,"key":"Cursed Concoction"},{"floor":35,"key":"Swift Potion"},{"floor":41,"key":"LiquidMemories"}],"is_trial":false,"path_per_floor":["M","?","?","?","M","E","$","R","T","M","$","?","M","M","R","B",null,"M","M","?","M","?","M","E","M","T","R","$","R","M","$","R","B",null,"M","?","M","?","M","R","M","R","T","M"],"character_chosen":"DEFECT","items_purchased":["Beam Cell+1","Guide Book","Crystallizer","Flashbang","PrismaticShard","Metamorphosis"],"campfire_rested":3,"item_purchase_floors":[7,7,11,28,31,31],"current_hp_per_floor":[53,53,35,35,33,12,12,34,34,46,46,28,31,43,43,41,75,54,44,44,43,43,43,51,46,46,46,46,46,37,37,61,26,80,62,62,33,33,17,41,50,50,50,0,0],"gold":697,"neow_bonus":"REMOVE_TWO","is_daily":false,"chose_seed":false,"campfire_upgraded":6,"win_rate":0.0,"timestamp":1608864032,"path_taken":["M","?","?","?","M","E","$","R","T","?","?","?","?","M","R","BOSS","M","M","?","?","?","M","E","?","T","R","?","R","M","$","R","BOSS","M","?","M","?","M","R","M","R","T","M"],"items_purchased_type":["Card","Relic","Card","Potion","Relic","Card"],"build_version":"2020-12-22","purchased_purges":0,"victory":false,"max_hp_per_floor":[75,75,75,75,75,75,75,75,75,75,75,75,75,75,75,75,75,75,75,75,75,75,80,80,80,80,80,80,80,80,80,80,80,80,80,80,80,80,80,80,80,80,80,80,80],"card_choices":[{"not_picked":["Genetic Algorithm","Redo"],"picked":"White Noise","floor":1},{"not_picked":["Coolheaded","Go for the Eyes+1"],"picked":"Melter+1","floor":3},{"not_picked":["Sweeping Beam+1","Genetic Algorithm"],"picked":"Beam Cell+1","floor":3},{"not_picked":["Stack","Coolheaded"],"picked":"Cold Snap+1","floor":5},{"not_picked":["Go for the Eyes+1","Redo"],"picked":"Compile Driver+1","floor":6},{"not_picked":["Stack","Steam","Go for the Eyes+1"],"picked":"SKIP","floor":10},{"not_picked":["Steam Power","Go for the Eyes+1"],"picked":"Undo","floor":13},{"not_picked":["Turbo","Cold Snap+1"],"picked":"Core Surge+1","floor":14},{"not_picked":["ReplayTheSpireMod:Fabricate Wheel","Seek"],"picked":"Amplify","floor":16},{"not_picked":["Streamline+1","Reprogram+1"],"picked":"FIFO Queue+1","floor":18},{"not_picked":["Hologram","BasicCrystalCard"],"picked":"Go for the Eyes+1","floor":19},{"not_picked":["Steam","Turbo"],"picked":"BasicCrystalCard","floor":21},{"not_picked":["Doom and Gloom+1","Cold Snap+1","Hologram"],"picked":"SKIP","floor":23},{"not_picked":["Force Field","Steam"],"picked":"Storm","floor":24},{"not_picked":["BasicCrystalCard","Chill"],"picked":"Ball Lightning+1","floor":25},{"not_picked":["Scrape+1","Hyperbeam+1"],"picked":"Capacitor+1","floor":30},{"not_picked":["Amplify","Judgement"],"picked":"Guardian:FierceBash+1","floor":33},{"not_picked":["Run Through+1","champ:Circumvent"],"picked":"Slimebound:RejuvenatingLick","floor":35},{"not_picked":["Guardian:VentSteam+1","Guardian:PrismaticBarrier+1"],"picked":"Slimebound:SplitLeeching","floor":37},{"not_picked":["Slimebound:RallyTheTroops+1","sneckomod:RainOfDice+1"],"picked":"Consecrate+1","floor":39},{"not_picked":["FlurryOfBlows+1","sneckomod:DiceBlock+1"],"picked":"Gash+1","floor":41}],"player_experience":89109,"relics_obtained":[{"floor":3,"key":"Molten Egg 2"},{"floor":6,"key":"Replay:Bottled Steam"},{"floor":9,"key":"Meat on the Bone"},{"floor":24,"key":"Replay:Arrowhead"},{"floor":26,"key":"Sundial"},{"floor":34,"key":"Replay:Antivirus Software"},{"floor":34,"key":"Quantum Egg"},{"floor":34,"key":"Turnip"},{"floor":43,"key":"Smiling Mask"}],"event_choices":[{"damage_healed":0,"gold_gain":0,"player_choice":"Grow","damage_taken":0,"max_hp_gain":0,"max_hp_loss":0,"event_name":"Living Wall","floor":2,"gold_loss":0,"cards_upgraded":["Zap"]},{"damage_healed":0,"gold_gain":0,"player_choice":"Upgraded","damage_taken":0,"max_hp_gain":0,"max_hp_loss":0,"event_name":"Upgrade Shrine","floor":4,"gold_loss":0,"cards_upgraded":["White Noise"]},{"damage_healed":0,"gold_gain":0,"player_choice":"Take Damage","damage_taken":18,"relics_obtained":["Golden Idol"],"max_hp_gain":0,"max_hp_loss":0,"event_name":"Golden Idol","floor":12,"gold_loss":0},{"cards_removed":["Strike_B"],"damage_healed":0,"gold_gain":0,"player_choice":"Offered Basic","damage_taken":0,"max_hp_gain":0,"max_hp_loss":0,"event_name":"Bonfire Elementals","floor":20,"gold_loss":0},{"damage_healed":0,"gold_gain":0,"player_choice":"Ignored","damage_taken":0,"max_hp_gain":0,"max_hp_loss":0,"event_name":"NoteForYourself","floor":22,"gold_loss":0},{"damage_healed":0,"gold_gain":333,"player_choice":"Gave Idol","damage_taken":0,"max_hp_gain":0,"max_hp_loss":0,"event_name":"The Moai Head","floor":36,"relics_lost":["Golden Idol"],"gold_loss":0},{"damage_healed":0,"gold_gain":0,"player_choice":"Ignored","damage_taken":0,"max_hp_gain":0,"max_hp_loss":0,"event_name":"Tomb of Lord Red Mask","floor":38,"gold_loss":0}],"is_beta":false,"boss_relics":[{"not_picked":["Replay:Wanted Poster","ChewingGum"],"picked":"Empty Cage"},{"not_picked":["Philosopher\u0027s Stone","SlaversCollar"],"picked":"Calling Bell"}],"items_purged_floors":[],"is_endless":false,"potions_floor_spawned":[1,6,16,21,23,24,30,33,35,41],"killed_by":"Jaw Worm Horde","ascension_level":0}}