{"host":"0azimyi6n3ugndj4","time":1608910038,"event":{"mods":["2.2 Compatiblity","BaseMod","Bestiary","Conspire","Curses Come First","Defuse TimeMaze Blight","Hyrulean Relics","Infinite Spire","Minty Spire (QoL Compilation)","Relic Stats","Replay The Spire","StSLib","SuperFastMode","Uncapped","¡¼?Úª?ø«¡½REMEMod"],"gold_per_floor":[129,141,213,285,297,416,503,515,574,619,631,149,230,72,72,303,303,352,352,376,441,441,522,571,571,571],"floor_reached":25,"playtime":1074,"items_purged":[],"score":613,"play_id":"64e1cd46-3b7d-4066-877f-22b4527ce112","local_time":"20201226002718","daily_mods":["SealedDeck","Hoarder","Insanity","Chimera","Specialized","Vintage","ControlledChaos","Allstar","Diverse","Colorless Cards","Heirloom","Time Dilation","Flight","Binary","Elite Swarm","Lethality","Midas","Night Terrors","Binary"],"is_ascension_mode":true,"campfire_choices":[{"floor":8,"key":"REST"},{"floor":15,"key":"DIG"}],"circlet_count":0,"master_deck":["Demon Form+1","Wraith Form v2","Echo Form","DevaForm","AscendersBane","Bash","Survivor","Zap","Eruption","Strike_R+1","Strike_G+1","Strike_B","Defend_R","Defend_G","Defend_P","Vengeance","Crescendo","Heel Hook","Wild Strike","Thunderclap","Replay:ManipulateFuture","FlyingSleeves","Anger","Intimidate","PathToVictory","PiercingWail","Flex","Footwork","Replay:Parry","WreathOfFlame","Halt","Rebound","REME_FirmDetermination","Chill","EmptyBody","Cold Snap","Dagger Spray","Flechettes","Escape Plan","conspire:Charge","Bloodletting","Finisher","FollowUp","Prostrate","Poisoned Stab","Vengeance","Flying Knee","Warcry","ReplayTheSpireMod:System Scan","Jack Of All Trades","Specialist","Prepared","Rebound","ReplayTheSpireMod:Uncanny Aura","Impatience","Rebound","Setup","Caltrops","CarveReality","Replay:Undeath\u0027s Touch","Shrug It Off","Bouncing Flask","Dual Wield","CarveReality","Dodge and Roll","Intimidate","Intimidate","Intimidate","Intimidate","Intimidate","Intimidate","Intimidate","Intimidate","Intimidate","Intimidate","Intimidate","Intimidate","Intimidate","Intimidate","Intimidate","CutThroughFate","CutThroughFate","CutThroughFate","Blood for Blood","Blood for Blood","Blood for Blood","Sweeping Beam","Sweeping Beam","Sweeping Beam","Replay:BluntJabs","Replay:BluntJabs","Replay:BluntJabs","Replay:Bootleg Shield Generator","Replay:Bootleg Shield Generator","Replay:Bootleg Shield Generator","Coolheaded","Coolheaded","Coolheaded","Gash","Gash","Gash","Rebound","Rebound","Rebound","Prostrate","Prostrate","Prostrate","PathToVictory","PathToVictory","PathToVictory","Burst","Burst","Burst","Voices","Voices","Voices","Leap","Leap","Leap"],"relics":["FrozenCore","Frozen Eye","Busted Crown","REME_ComplimentaryCards","TungstenRod","MawBank","Simple Rune","infinitespire:Bottled Soul","Golden Idol","zeldaRelics:CourageTriforce","Regal Pillow","Chemical X","Durian","Ancient Tea Set","ClockworkSouvenir","Replay:Accelerometer","Lantern","ReplayTheSpireMod:Ring of Challenge","zeldaRelics:WisdomPiece","MealTicket","Solar Panel"],"acts_visited":["Exordium","TheCity"],"potions_floor_usage":[23,23,25,25],"damage_taken":[{"damage":0,"enemies":"Jaw Worm","floor":1,"turns":2},{"damage":0,"enemies":"Cultist","floor":3,"turns":2},{"damage":6,"enemies":"2 Louse","floor":4,"turns":2},{"damage":23,"enemies":"Lagavulin","floor":6,"turns":6},{"damage":0,"enemies":"Exordium Wildlife","floor":10,"turns":2},{"damage":13,"enemies":"conspire:MimicChest","floor":13,"turns":4},{"damage":32,"enemies":"The Guardian","floor":16,"turns":6},{"damage":9,"enemies":"2 Thieves","floor":18,"turns":4},{"damage":5,"enemies":"Spheric Guardian","floor":21,"turns":4},{"damage":17,"enemies":"Book of Stabbing","floor":23,"turns":4},{"damage":23,"enemies":"Centurion and Healer","floor":24,"turns":5},{"damage":26,"enemies":"Gremlin Leader","floor":25,"turns":2}],"seed_played":"6411478488220246682","potions_obtained":[{"floor":1,"key":"GamblersBrew"},{"floor":6,"key":"AttackPotion"},{"floor":10,"key":"Adrenaline Potion"},{"floor":23,"key":"AttackPotion"},{"floor":24,"key":"infinitespire:BlackPotion"}],"is_trial":true,"path_per_floor":["M","?","M","M","?","E","T","R","T","M","?","$","?","$","R","B",null,"M","?","T","M","?","E","M","E"],"character_chosen":"DEFECT","items_purchased":["Chemical X","Durian","ClockworkSouvenir"],"campfire_rested":1,"item_purchase_floors":[12,12,14],"current_hp_per_floor":[64,64,64,58,35,12,12,66,66,66,71,76,63,63,63,31,65,56,56,56,51,51,34,11,0,0],"gold":571,"neow_bonus":"","is_daily":false,"chose_seed":false,"campfire_upgraded":0,"win_rate":0.0,"timestamp":1608910038,"path_taken":["M","?","?","?","?","E","?","R","T","M","?","$","?","?","R","BOSS","M","?","?","?","?","E","M","E"],"items_purchased_type":["Relic","Relic","Relic"],"build_version":"2020-12-22","purchased_purges":0,"victory":false,"max_hp_per_floor":[71,71,71,71,71,71,71,66,66,66,71,76,76,76,76,76,76,76,76,76,76,76,76,76,76,76],"relic_stats":{"Regal Pillow":0,"Busted Crown":16,"counters":[12,43],"Golden Idol":54,"MealTicket":0,"Chemical X":[1],"MawBank":132,"obtain_stats":[{"Solar Panel":24,"Replay:Accelerometer":15,"Regal Pillow":10,"Lantern":18,"zeldaRelics:WisdomPiece":20,"Golden Idol":5,"MawBank":1,"Ancient Tea Set":13,"zeldaRelics:CourageTriforce":9,"ClockworkSouvenir":14,"FrozenCore":17,"Frozen Eye":0,"Busted Crown":0,"infinitespire:Bottled Soul":4,"Simple Rune":3,"MealTicket":21,"zeldaRelics:CouragePiece":6,"Durian":12,"Chemical X":12,"ReplayTheSpireMod:Ring of Challenge":19,"Cracked Core":0,"TungstenRod":0,"REME_ComplimentaryCards":0},{"Solar Panel":11,"Replay:Accelerometer":6,"Regal Pillow":5,"Lantern":8,"zeldaRelics:WisdomPiece":8,"Golden Idol":3,"MawBank":1,"Ancient Tea Set":6,"zeldaRelics:CourageTriforce":4,"ClockworkSouvenir":6,"FrozenCore":7,"Frozen Eye":0,"Busted Crown":0,"infinitespire:Bottled Soul":3,"Simple Rune":2,"MealTicket":9,"zeldaRelics:CouragePiece":4,"Durian":5,"Chemical X":5,"ReplayTheSpireMod:Ring of Challenge":8,"Cracked Core":0,"TungstenRod":0,"REME_ComplimentaryCards":0},{"Solar Panel":41,"Replay:Accelerometer":18,"Regal Pillow":14,"Lantern":28,"zeldaRelics:WisdomPiece":28,"Golden Idol":6,"MawBank":2,"Ancient Tea Set":18,"zeldaRelics:CourageTriforce":12,"ClockworkSouvenir":18,"FrozenCore":24,"Frozen Eye":0,"Busted Crown":0,"infinitespire:Bottled Soul":6,"Simple Rune":4,"MealTicket":32,"zeldaRelics:CouragePiece":12,"Durian":14,"Chemical X":14,"ReplayTheSpireMod:Ring of Challenge":28,"Cracked Core":0,"TungstenRod":0,"REME_ComplimentaryCards":0}],"TungstenRod":27,"FrozenCore":[10]},"card_choices":[],"player_experience":1423499,"relics_obtained":[{"floor":1,"key":"MawBank"},{"floor":3,"key":"Simple Rune"},{"floor":4,"key":"infinitespire:Bottled Soul"},{"floor":6,"key":"zeldaRelics:CouragePiece"},{"floor":7,"key":"zeldaRelics:CouragePiece"},{"floor":9,"key":"zeldaRelics:CouragePiece"},{"floor":10,"key":"Regal Pillow"},{"floor":13,"key":"Ancient Tea Set"},{"floor":15,"key":"Replay:Accelerometer"},{"floor":18,"key":"Lantern"},{"floor":19,"key":"ReplayTheSpireMod:Ring of Challenge"},{"floor":20,"key":"zeldaRelics:WisdomPiece"},{"floor":21,"key":"MealTicket"},{"floor":23,"key":"zeldaRelics:WisdomPiece"},{"floor":24,"key":"Solar Panel"}],"event_choices":[{"damage_healed":0,"gold_gain":0,"player_choice":"Upgraded","damage_taken":0,"max_hp_gain":0,"max_hp_loss":0,"event_name":"Upgrade Shrine","floor":2,"gold_loss":0,"cards_upgraded":["Demon Form"]},{"damage_healed":0,"gold_gain":0,"player_choice":"Take Damage","damage_taken":24,"relics_obtained":["Golden Idol"],"max_hp_gain":0,"max_hp_loss":0,"event_name":"Golden Idol","floor":5,"gold_loss":0},{"damage_healed":0,"gold_gain":0,"player_choice":"Donut","damage_taken":0,"max_hp_gain":5,"max_hp_loss":0,"event_name":"Big Fish","floor":11,"gold_loss":0},{"damage_healed":0,"gold_gain":0,"player_choice":"Read","damage_taken":0,"max_hp_gain":0,"max_hp_loss":0,"event_name":"The Library","floor":22,"gold_loss":0,"cards_obtained":["Leap"]}],"is_beta":false,"boss_relics":[{"not_picked":["Ectoplasm","conspire:SeveredTorchhead"],"picked":"FrozenCore"}],"items_purged_floors":[],"is_endless":false,"potions_floor_spawned":[1,6,10,13,18,23,24],"killed_by":"Gremlin Leader","ascension_level":20}}