{"host":"sabve5zmqufxyc5o","time":1608918986,"event":{"mods":["2.2 Compatiblity","AchievementEnabler","Act Like it!","BaseMod","Block Reminder","Colored Map","Colored Powertips","DeckTracker","KOR Keyword Fix","Keyboard Shortcuts","Minty Spire (QoL Compilation)","Quick Restart","Rare Cards Sparkle","Relic Stats","StSLib","SuperFastMode"],"gold_per_floor":[116,132,147,160,11,39,49,24,24,24,24,24,39,55,55,154,154,167,167,185,46,46,46],"floor_reached":22,"playtime":467,"items_purged":["Strike_G","Strike_G"],"score":376,"play_id":"6887bcc5-7f9d-4400-8007-3ab3c90011a0","local_time":"20201226025626","is_ascension_mode":true,"campfire_choices":[{"floor":11.0,"key":"REST"},{"data":"Envenom","floor":15.0,"key":"SMITH"}],"circlet_count":0,"master_deck":["AscendersBane","Strike_G","Defend_G","Defend_G","Defend_G","Defend_G","Defend_G","Survivor","Neutralize","Flash of Steel","Cloak And Dagger","Backflip","Crippling Poison+1","Backflip","Glass Knife","Accuracy","Cloak And Dagger","Envenom+1","Caltrops","Adrenaline","Backflip+1","Footwork"],"relics":["Ring of the Snake","Akabeko","Bag of Preparation","Golden Idol","Empty Cage"],"acts_visited":["Exordium","TheCity"],"potions_floor_usage":[16,20],"damage_taken":[{"damage":3.0,"enemies":"Cultist","floor":1.0,"turns":4.0},{"damage":0.0,"enemies":"Small Slimes","floor":2.0,"turns":3.0},{"damage":0.0,"enemies":"2 Louse","floor":3.0,"turns":4.0},{"damage":8.0,"enemies":"Lots of Slimes","floor":4.0,"turns":3.0},{"damage":35.0,"enemies":"Lagavulin","floor":6.0,"turns":6.0},{"damage":0.0,"enemies":"2 Fungi Beasts","floor":7.0,"turns":4.0},{"damage":0.0,"enemies":"3 Louse","floor":13.0,"turns":3.0},{"damage":9.0,"enemies":"Blue Slaver","floor":14.0,"turns":4.0},{"damage":11,"enemies":"The Guardian","floor":16,"turns":12},{"damage":36,"enemies":"Spheric Guardian","floor":18,"turns":8},{"damage":4,"enemies":"3 Byrds","floor":20,"turns":3},{"damage":0,"enemies":"Snake Plant","floor":22,"turns":2}],"seed_played":"-3226614098913347563","potions_obtained":[{"floor":2.0,"key":"PowerPotion"},{"floor":4.0,"key":"Energy Potion"},{"floor":14.0,"key":"LiquidMemories"},{"floor":16,"key":"Dexterity Potion"}],"is_trial":false,"path_per_floor":["M","M","M","M","$","E","M","$","T","?","R","$","M","M","R","B",null,"M","?","M","$","M"],"character_chosen":"THE_SILENT","items_purchased":["Glass Knife","Cloak And Dagger","Footwork"],"campfire_rested":1,"item_purchase_floors":[5,8,21],"current_hp_per_floor":[56,56,56,48,48,13,13,13,13,13,31,31,31,22,22,11,48,12,12,8,8,8,8],"gold":46,"neow_bonus":"RANDOM_COLORLESS","is_daily":false,"chose_seed":false,"campfire_upgraded":1,"win_rate":0.0,"timestamp":1608918986,"path_taken":["M","?","M","M","$","E","M","$","T","?","R","$","M","M","R","BOSS","M","?","M","$","M"],"items_purchased_type":["Card","Card","Card"],"build_version":"2020-12-22","purchased_purges":2,"victory":false,"max_hp_per_floor":[66,66,66,66,66,66,66,66,66,60,60,60,60,60,60,60,60,60,60,60,60,60,60],"relic_stats":{"counters":[12,56],"Golden Idol":33,"Bag of Preparation":[12],"obtain_stats":[{"Golden Idol":10,"Bag of Preparation":9,"Empty Cage":17,"Akabeko":6,"Ring of the Snake":0},{"Golden Idol":6,"Bag of Preparation":6,"Empty Cage":9,"Akabeko":5,"Ring of the Snake":0},{"Golden Idol":24,"Bag of Preparation":24,"Empty Cage":43,"Akabeko":20,"Ring of the Snake":0}],"Ring of the Snake":[24]},"card_choices":[{"not_picked":["Impatience","Purity"],"picked":"Flash of Steel","floor":0.0},{"not_picked":["Concentrate","Choke"],"picked":"Cloak And Dagger","floor":1.0},{"not_picked":["Bane","Dagger Throw"],"picked":"Backflip","floor":2.0},{"not_picked":["Catalyst","Finisher"],"picked":"Crippling Poison","floor":3.0},{"not_picked":["Prepared","Calculated Gamble"],"picked":"Backflip","floor":4.0},{"not_picked":["Catalyst","Outmaneuver"],"picked":"Accuracy","floor":6.0},{"not_picked":["Flying Knee","Quick Slash","Backflip"],"picked":"SKIP","floor":7.0},{"not_picked":["Leg Sweep","Acrobatics"],"picked":"Envenom","floor":13.0},{"not_picked":["All Out Attack","Dodge and Roll"],"picked":"Caltrops","floor":14.0},{"not_picked":["Envenom","Night Terror"],"picked":"Adrenaline","floor":16},{"not_picked":["Sucker Punch","Quick Slash"],"picked":"Backflip+1","floor":18},{"not_picked":["Slice","Dodge and Roll","Die Die Die"],"picked":"SKIP","floor":20}],"player_experience":810617,"relics_obtained":[{"floor":6.0,"key":"Akabeko"},{"floor":9.0,"key":"Bag of Preparation"}],"event_choices":[{"damage_healed":0.0,"max_hp_gain":0.0,"max_hp_loss":6.0,"gold_gain":0.0,"event_name":"Golden Idol","player_choice":"Lose Max HP","floor":10.0,"gold_loss":0.0,"damage_taken":0.0,"relics_obtained":["Golden Idol"]},{"damage_healed":0,"gold_gain":0,"player_choice":"Forge","damage_taken":0,"max_hp_gain":0,"max_hp_loss":0,"event_name":"Accursed Blacksmith","floor":19,"gold_loss":0,"cards_upgraded":["Crippling Poison"]}],"is_beta":false,"boss_relics":[{"not_picked":["Snecko Eye","Runic Pyramid"],"picked":"Empty Cage"}],"items_purged_floors":[5,21],"is_endless":false,"potions_floor_spawned":[2,4,14,16,18],"killed_by":"Snake Plant","ascension_level":20}}