{"host":"0jm2u9rma46qko29","time":1608935168,"event":{"mods":["Act Like it!","BaseMod","Better Altar","Better Note","Better Skull","Better Third Choice","CapriCore","Hermit","JesterMod","Luminous","Marisa????????","Minty Spire (QoL Compilation)","Relic Stats","Robot Space Explorer","Shade Mod","StSLib","The Hierophant","Waifu the Spire"],"gold_per_floor":[113,33,33,33,33,76,76,95,95,131,131,147,161,23,23,142,142,67,67,67,67,67,67,67,67,67,67,67],"floor_reached":27,"playtime":1478,"items_purged":[],"score":275,"play_id":"c2b7fc11-ae70-4f30-9f4e-bc7c824269f6","local_time":"20201225162608","is_ascension_mode":true,"campfire_choices":[{"data":"Dualcast","floor":7,"key":"SMITH"},{"data":"Creative AI","floor":11,"key":"SMITH"},{"floor":15,"key":"REST"},{"floor":24,"key":"DIG"}],"circlet_count":0,"master_deck":["Strike_B","Strike_B","Defend_B","Defend_B","Defend_B","Defend_B","Zap","Dualcast+1","Cold Snap","Conserve Battery","FTL","Rebound","Aggregate","Creative AI+1","Reinforced Body","Rip and Tear","Defragment","Coolheaded","Ball Lightning","Multi-Cast","Hologram","Barricade","Glacier","Leap","Stack","Capacitor"],"relics":["Cracked Core","Golden Idol","Shovel","Strawberry","Incense Burner","Ectoplasm","CeramicFish","Meat on the Bone","Happy Flower"],"acts_visited":["Exordium","TheCity"],"potions_floor_usage":[23,23],"damage_taken":[{"damage":5,"enemies":"Small Slimes","floor":1,"turns":3},{"damage":24,"enemies":"Lagavulin","floor":6,"turns":7},{"damage":5,"enemies":"2 Louse","floor":8,"turns":2},{"damage":7,"enemies":"3 Sentries","floor":10,"turns":7},{"damage":5,"enemies":"Jaw Worm","floor":12,"turns":2},{"damage":4,"enemies":"Lots of Slimes","floor":13,"turns":4},{"damage":14,"enemies":"The Guardian","floor":16,"turns":10},{"damage":20,"enemies":"2 Thieves","floor":18,"turns":4},{"damage":5,"enemies":"Shell Parasite","floor":22,"turns":9},{"damage":20,"enemies":"Slavers","floor":23,"turns":6},{"damage":3,"enemies":"Centurion and Healer","floor":25,"turns":13},{"damage":41,"enemies":"Gremlin Leader","floor":27,"turns":4}],"seed_played":"-5530202432476881027","potions_obtained":[{"floor":6,"key":"Ancient Potion"},{"floor":10,"key":"SneckoOil"},{"floor":18,"key":"AttackPotion"}],"is_trial":false,"path_per_floor":["M","$","?","?","?","E","R","M","T","E","R","M","M","$","R","B",null,"M","?","?","?","M","E","R","M","T","E"],"character_chosen":"DEFECT","items_purchased":["FTL","Defragment","Coolheaded","Ball Lightning"],"campfire_rested":1,"item_purchase_floors":[2,14,14,14],"current_hp_per_floor":[70,70,70,63,63,39,39,34,41,34,34,29,25,25,47,33,76,56,56,56,56,51,31,31,40,40,0,0],"gold":67,"neow_bonus":"THREE_CARDS","is_daily":false,"chose_seed":false,"campfire_upgraded":2,"win_rate":0.0,"timestamp":1608935168,"path_taken":["M","$","?","?","?","E","R","M","T","E","R","M","?","?","R","BOSS","M","?","?","?","M","E","R","M","T","E"],"items_purchased_type":["Card","Card","Card","Card"],"build_version":"2020-12-22","purchased_purges":0,"victory":false,"max_hp_per_floor":[75,75,75,75,69,69,69,69,76,76,76,76,76,76,76,76,76,76,76,76,76,76,76,76,76,76,76,76],"relic_stats":{"Shovel":1,"Happy Flower":[1],"counters":[12,71],"Golden Idol":69,"CeramicFish":0,"Ectoplasm":187,"obtain_stats":[{"Shovel":6,"Happy Flower":26,"Golden Idol":5,"Strawberry":9,"CeramicFish":23,"Ectoplasm":17,"Incense Burner":10,"Cracked Core":0,"Meat on the Bone":24},{"Shovel":2,"Happy Flower":11,"Golden Idol":1,"Strawberry":3,"CeramicFish":10,"Ectoplasm":7,"Incense Burner":4,"Cracked Core":0,"Meat on the Bone":10},{"Shovel":10,"Happy Flower":67,"Golden Idol":3,"Strawberry":12,"CeramicFish":54,"Ectoplasm":35,"Incense Burner":19,"Cracked Core":0,"Meat on the Bone":54}],"Meat on the Bone":12},"card_choices":[{"not_picked":["Steam","Streamline"],"picked":"Cold Snap","floor":0},{"not_picked":["Turbo","Steam"],"picked":"Conserve Battery","floor":1},{"not_picked":["Gash","Compile Driver"],"picked":"Aggregate","floor":6},{"not_picked":["Gash","Barrage","Turbo"],"picked":"SKIP","floor":8},{"not_picked":["Compile Driver","Barrage"],"picked":"Creative AI","floor":10},{"not_picked":["FTL","Steam"],"picked":"Reinforced Body","floor":12},{"not_picked":["Hologram","Rebound"],"picked":"Rip and Tear","floor":13},{"not_picked":["Buffer","Thunder Strike"],"picked":"Multi-Cast","floor":16},{"not_picked":["Steam+1","Barrage"],"picked":"Hologram","floor":18},{"not_picked":["Static Discharge","Beam Cell"],"picked":"Leap","floor":22},{"not_picked":["Hello World","Compile Driver"],"picked":"Stack","floor":23},{"not_picked":["Streamline","Gash"],"picked":"Capacitor","floor":25}],"player_experience":173493,"relics_obtained":[{"floor":6,"key":"Shovel"},{"floor":9,"key":"Strawberry"},{"floor":10,"key":"Incense Burner"},{"floor":23,"key":"CeramicFish"},{"floor":24,"key":"Meat on the Bone"},{"floor":26,"key":"Happy Flower"}],"event_choices":[{"damage_healed":0,"gold_gain":0,"cards_transformed":["Strike_B"],"player_choice":"Change","damage_taken":0,"max_hp_gain":0,"max_hp_loss":0,"event_name":"Living Wall","floor":3,"gold_loss":0,"cards_obtained":["Rebound"]},{"cards_removed":["Strike_B"],"damage_healed":0,"gold_gain":0,"player_choice":"Card Removal","damage_taken":7,"max_hp_gain":0,"max_hp_loss":0,"event_name":"Golden Wing","floor":4,"gold_loss":0},{"damage_healed":0,"gold_gain":0,"player_choice":"Lose Max HP","damage_taken":0,"relics_obtained":["Golden Idol"],"max_hp_gain":0,"max_hp_loss":6,"event_name":"Golden Idol","floor":5,"gold_loss":0},{"cards_removed":["Creative AI"],"damage_healed":0,"gold_gain":0,"player_choice":"Take \u0026 Give","damage_taken":0,"max_hp_gain":0,"max_hp_loss":0,"event_name":"betterNote:BetterNote","floor":19,"gold_loss":0,"cards_obtained":["Barricade"]},{"damage_healed":0,"gold_gain":0,"player_choice":"Ignored","damage_taken":0,"max_hp_gain":0,"max_hp_loss":0,"event_name":"Cursed Tome","floor":20,"gold_loss":0},{"damage_healed":0,"gold_gain":0,"player_choice":"Read","damage_taken":0,"max_hp_gain":0,"max_hp_loss":0,"event_name":"The Library","floor":21,"gold_loss":0,"cards_obtained":["Glacier"]}],"is_beta":false,"boss_relics":[{"not_picked":["Fusion Hammer","Velvet Choker"],"picked":"Ectoplasm"}],"items_purged_floors":[],"is_endless":false,"potions_floor_spawned":[6,10,18,22],"killed_by":"Gremlin Leader","ascension_level":3}}