{"host":"2461dio7vetlq1z3","time":1608897636,"event":{"mods":["2.2 Compatiblity","AchievementEnabler","Aspiration","BaseMod","Better Third Choice","Hermit","Minty Spire (QoL Compilation)","Relic Stats","Spicy Shops","StSLib","The Runesmith","Waifu the Spire"],"gold_per_floor":[110,17,17,34,34,34,34],"floor_reached":6,"playtime":256,"items_purged":[],"score":68,"play_id":"65bb1aaf-20ec-496c-b22f-71a552cbe3c1","local_time":"20201225130036","is_ascension_mode":true,"campfire_choices":[],"circlet_count":0,"master_deck":["AscendersBane","Strike_G","Strike_G","Strike_G","Strike_G+1","Strike_G+1","Defend_G","Defend_G","Defend_G","Defend_G","Defend_G","Survivor","Neutralize","Calculated Gamble","Infinite Blades","Slice","Injury","Cloak And Dagger+1"],"relics":["Ring of the Snake","aspiration:Nostalgia","Burning Blood","Toxic Egg 2"],"acts_visited":["Exordium"],"potions_floor_usage":[6],"damage_taken":[{"damage":6,"enemies":"Cultist","floor":1,"turns":4},{"damage":6,"enemies":"2 Louse","floor":4,"turns":3},{"damage":40,"enemies":"Lagavulin","floor":6,"turns":8}],"seed_played":"-4739551505160693348","potions_obtained":[{"floor":1,"key":"SpeedPotion"}],"is_trial":false,"path_per_floor":["M","$","?","M","?","E"],"character_chosen":"THE_SILENT","items_purchased":["Infinite Blades","Slice"],"campfire_rested":0,"item_purchase_floors":[2,2],"current_hp_per_floor":[59,59,59,59,39,0,0],"gold":34,"neow_bonus":"NOSTALGIA","is_daily":false,"chose_seed":false,"campfire_upgraded":0,"win_rate":0.0,"timestamp":1608897636,"path_taken":["M","$","?","M","?","E"],"items_purchased_type":["Card","Card"],"build_version":"2020-12-22","purchased_purges":0,"victory":false,"max_hp_per_floor":[66,66,66,66,66,66,66],"relic_stats":{"counters":[3,15],"obtain_stats":[{"aspiration:Nostalgia":0,"Toxic Egg 2":3,"Burning Blood":0,"Ring of the Snake":0},{"aspiration:Nostalgia":0,"Toxic Egg 2":1,"Burning Blood":0,"Ring of the Snake":0},{"aspiration:Nostalgia":0,"Toxic Egg 2":4,"Burning Blood":0,"Ring of the Snake":0}],"Burning Blood":12,"Ring of the Snake":[6]},"card_choices":[{"not_picked":["Reflex","Prepared"],"picked":"Calculated Gamble","floor":1},{"not_picked":["Sucker Punch","Bane"],"picked":"Cloak And Dagger+1","floor":4}],"player_experience":927873,"relics_obtained":[],"event_choices":[{"damage_healed":59,"gold_gain":0,"player_choice":"Upgrade","damage_taken":20,"max_hp_gain":0,"max_hp_loss":66,"event_name":"betterThird:BetterShining","floor":5,"gold_loss":0,"cards_upgraded":["Strike_G","Strike_G"]}],"is_beta":false,"boss_relics":[],"items_purged_floors":[],"is_endless":false,"potions_floor_spawned":[1],"killed_by":"Lagavulin","ascension_level":20}}