{"host":"5jn3rki867005t18","time":1608890856,"event":{"mods":["AchievementEnabler","BaseMod","Colored Map","DeckTracker","Highlight Path","Minty Spire (QoL Compilation)","Permanent Neow","Quick Restart","StSLib","SuperFastMode"],"gold_per_floor":[118,118,134,134,158,197,69,69,69,69,93,93,126,140,140,140,140],"floor_reached":16,"playtime":608,"items_purged":["Strike_P"],"score":110,"play_id":"5d8105ff-d374-4b08-ae8c-7d303f31ca93","local_time":"20201225190736","is_ascension_mode":false,"campfire_choices":[{"floor":10,"key":"REST"},{"floor":15,"key":"REST"}],"circlet_count":0,"master_deck":["Strike_P","Strike_P","Strike_P","Defend_P","Defend_P+1","Defend_P","Defend_P+1","Eruption+1","Vigilance","FollowUp","FollowUp","Crescendo","ClearTheMind+1","Parasite","Halt","Sanctity"],"relics":["PureWater","Golden Idol","Mercury Hourglass","Bag of Marbles","PreservedInsect"],"acts_visited":["Exordium"],"potions_floor_usage":[13,16],"damage_taken":[{"damage":0,"enemies":"Small Slimes","floor":1,"turns":3},{"damage":0,"enemies":"2 Louse","floor":3,"turns":2},{"damage":0,"enemies":"Jaw Worm","floor":5,"turns":2},{"damage":37,"enemies":"3 Sentries","floor":6,"turns":7},{"damage":9,"enemies":"2 Fungi Beasts","floor":11,"turns":2},{"damage":1,"enemies":"Lagavulin","floor":13,"turns":7},{"damage":8,"enemies":"Large Slime","floor":14,"turns":3},{"damage":49,"enemies":"Slime Boss","floor":16,"turns":13}],"seed_played":"-3122743961690021848","potions_obtained":[{"floor":11,"key":"Dexterity Potion"},{"floor":13,"key":"Dexterity Potion"}],"is_trial":false,"path_per_floor":["M","?","M","?","M","E","$","?","T","R","M","?","E","M","R","B"],"character_chosen":"WATCHER","items_purchased":["ClearTheMind"],"campfire_rested":2,"item_purchase_floors":[7],"current_hp_per_floor":[72,58,58,40,40,3,3,21,21,42,33,33,32,24,45,0,0],"gold":140,"neow_bonus":"UPGRADE_CARD","is_daily":false,"chose_seed":false,"campfire_upgraded":0,"win_rate":0.0,"timestamp":1608890856,"path_taken":["M","?","M","?","M","E","?","?","T","R","M","?","E","?","R","BOSS"],"items_purchased_type":["Card"],"build_version":"2020-12-22","purchased_purges":1,"victory":false,"max_hp_per_floor":[72,72,72,72,72,72,72,72,72,72,72,72,72,72,72,72,72],"card_choices":[{"not_picked":["Crescendo","DeceiveReality"],"picked":"FollowUp","floor":1},{"not_picked":["ClearTheMind","EmptyBody"],"picked":"FollowUp","floor":3},{"not_picked":["Protect","Indignation"],"picked":"Crescendo","floor":5},{"not_picked":["JustLucky","Nirvana","Swivel"],"picked":"SKIP","floor":6},{"not_picked":["JustLucky","PathToVictory"],"picked":"Halt","floor":11},{"not_picked":["Consecrate","Protect","CutThroughFate"],"picked":"SKIP","floor":13},{"not_picked":["PathToVictory","JustLucky"],"picked":"Sanctity","floor":14}],"player_experience":132630,"relics_obtained":[{"floor":6,"key":"Mercury Hourglass"},{"floor":9,"key":"Bag of Marbles"},{"floor":13,"key":"PreservedInsect"}],"event_choices":[{"damage_healed":0,"gold_gain":0,"player_choice":"Entered Light","damage_taken":14,"max_hp_gain":0,"max_hp_loss":0,"event_name":"Shining Light","floor":2,"gold_loss":0,"cards_upgraded":["Defend_P","Defend_P"]},{"damage_healed":0,"gold_gain":0,"player_choice":"Take Damage","damage_taken":18,"relics_obtained":["Golden Idol"],"max_hp_gain":0,"max_hp_loss":0,"event_name":"Golden Idol","floor":4,"gold_loss":0},{"damage_healed":18,"gold_gain":0,"player_choice":"Healed and dodged fight","damage_taken":0,"max_hp_gain":0,"max_hp_loss":0,"event_name":"Mushrooms","floor":8,"gold_loss":0,"cards_obtained":["Parasite"]},{"damage_healed":0,"gold_gain":0,"player_choice":"Grow","damage_taken":0,"max_hp_gain":0,"max_hp_loss":0,"event_name":"Living Wall","floor":12,"gold_loss":0,"cards_upgraded":["ClearTheMind"]}],"is_beta":false,"boss_relics":[],"items_purged_floors":[7],"is_endless":false,"potions_floor_spawned":[11,13],"killed_by":"Slime Boss","ascension_level":0}}