{"host":"q6rs3in4l29iepap","time":1608919949,"event":{"mods":["Aspiration","BaseMod","BetterRewards","Colored Map","Downfall","Friendly Minions","Hermit","Hubris","Infinite Spire","Jorbs\u0027s Wanderer Trilogy","Minty Spire (QoL Compilation)","Replay The Spire","Shade Mod","StSLib","The Bug Knight","The Construct","The Cursed","The Disciple","The Hierophant","The Mystic","The Runesmith"],"gold_per_floor":[111,45,65,83,83,113,131,32,56,86,100,100,119,199,199,304,304,304,284,284,284,284,284,284,284,284,82,82,82,82,82,82,82,82,82,82,82,82,82,82,82,82,82,82,82,82,82,82,82,82,82,82,6,6,6,6],"floor_reached":55,"playtime":5221,"items_purged":[],"score":725,"play_id":"57d75705-278f-4197-8457-0ac3932aaf43","local_time":"20201225101229","is_ascension_mode":false,"campfire_choices":[{"floor":15,"key":"REST"},{"floor":15,"key":"RECALL"},{"floor":23,"key":"REST"},{"data":"mysticmod:SummonFamiliar","floor":23,"key":"SMITH"},{"data":"mysticmod:SummonFamiliar","floor":25,"key":"SMITH"},{"data":"hubris:Fate","floor":29,"key":"SMITH"},{"floor":32,"key":"REST"},{"data":"mysticmod:KnowledgePool","floor":32,"key":"SMITH"},{"floor":40,"key":"REST"},{"data":"mysticmod:Natural20","floor":40,"key":"SMITH"},{"floor":44,"key":"REST"},{"data":"mysticmod:Discipline","floor":44,"key":"SMITH"},{"floor":46,"key":"REST"},{"data":"mysticmod:TomeOfSpells","floor":46,"key":"SMITH"},{"floor":49,"key":"REST"},{"data":"mysticmod:Flurry","floor":49,"key":"SMITH"},{"data":"mysticmod:SummonFamiliar","floor":52,"key":"SMITH"}],"circlet_count":0,"master_deck":["mysticmod:Strike_Mystic","mysticmod:Strike_Mystic","mysticmod:Strike_Mystic","mysticmod:Defend_Mystic","mysticmod:ArcaneDodge","mysticmod:ShockingGrasp","mysticmod:SuddenClarity","mysticmod:SuddenClarity","mysticmod:Flurry+1","mysticmod:Disengage","mysticmod:HunkerDown","mysticmod:Stoneskin","mysticmod:ArcaneAccuracy","mysticmod:Snowball","mysticmod:ArcaneAccuracy","mysticmod:Snowball","infinitespire:Menacing","mysticmod:Feint","mysticmod:KnowledgePool+1","mysticmod:SummonFamiliar+1","mysticmod:SummonFamiliar+1","hubris:Fate+1","mysticmod:MagicMissile+1","mysticmod:Probe+1","mysticmod:PowerSlash+1","mysticmod:Discipline+1","mysticmod:PureInstinct","mysticmod:Flourish","mysticmod:Flourish","mysticmod:LightningBolt+1","mysticmod:MagicMissile+1","mysticmod:Natural20+1","mysticmod:ArcaneAccuracy+1","mysticmod:Feint+1","mysticmod:KeenEdge+1","mysticmod:PowerSlash+1","mysticmod:Shield+1","hubris:DuctTapeCard","mysticmod:CorrosiveTouch+1","mysticmod:PureInstinct+1","mysticmod:TomeOfSpells+1","mysticmod:LightningBolt+1","Languid","mysticmod:CorrosiveTouch+1","mysticmod:Daze","mysticmod:LightningBolt","mysticmod:Alacrity+1"],"relics":["mysticmod:SpellBook","PreservedInsect","infinitespire:Magic Flask","hubris:BundleOfHerbs","Omamori","InkBottle","Ectoplasm","aspiration:RitualStick","TungstenRod","Orrery","Chameleon Ring","hubris:SlimyHat","Astrolabe","hubris:DuctTape","MealTicket","infinitespire:Satchel","Ring of Searing","Ring of Fangs","Letter Opener"],"acts_visited":["Exordium","TheCity","TheBeyond","TheEnding"],"potions_floor_usage":[13,18,22,30,41,50,50,50],"damage_taken":[{"damage":1,"enemies":"Jaw Worm","floor":1,"turns":3},{"damage":9,"enemies":"infinitespire:Voidling","floor":3,"turns":5},{"damage":0,"enemies":"Small Slimes","floor":4,"turns":5},{"damage":20,"enemies":"Gremlin Nob","floor":6,"turns":4},{"damage":2,"enemies":"Blue Slaver","floor":7,"turns":4},{"damage":4,"enemies":"Replay:BlueRogue","floor":10,"turns":5},{"damage":10,"enemies":"2 Fungi Beasts","floor":11,"turns":3},{"damage":0,"enemies":"Exordium Thugs","floor":13,"turns":7},{"damage":35,"enemies":"Hexaghost","floor":16,"turns":13},{"damage":1,"enemies":"3 Byrds","floor":18,"turns":7},{"damage":3,"enemies":"Shell Parasite","floor":22,"turns":5},{"damage":4,"enemies":"Shelled Parasite and Fungi","floor":28,"turns":2},{"damage":31,"enemies":"Slavers","floor":30,"turns":4},{"damage":18,"enemies":"hubris:MusketHawk","floor":33,"turns":6},{"damage":16,"enemies":"3 Darklings","floor":35,"turns":4},{"damage":0,"enemies":"Orb Walker","floor":36,"turns":1},{"damage":35,"enemies":"4 Shapes","floor":38,"turns":4},{"damage":0,"enemies":"Transient","floor":39,"turns":5},{"damage":41,"enemies":"Nemesis","floor":41,"turns":3},{"damage":0,"enemies":"Maw","floor":42,"turns":2},{"damage":21,"enemies":"Sphere and 2 Shapes","floor":47,"turns":3},{"damage":51,"enemies":"infinitespire:MassOfShapes","floor":50,"turns":7},{"damage":61,"enemies":"Shield and Spear","floor":54,"turns":7},{"damage":16,"enemies":"The Heart","floor":55,"turns":3}],"seed_played":"-5948258261591120132","potions_obtained":[{"floor":3,"key":"Reflective Coating"},{"floor":7,"key":"Dexterity Potion"},{"floor":11,"key":"Adrenaline Potion"},{"floor":19,"key":"Explosive Potion"},{"floor":22,"key":"EssenceOfSteel"},{"floor":30,"key":"Elixir"},{"floor":38,"key":"Regen Potion"},{"floor":47,"key":"infinitespire:BlackPotion"}],"is_trial":false,"path_per_floor":["M","?","M","M","?","E","M","$","T","E","M","?","M","T","R","B",null,"M","?","$","?","M","R","AVR","R","T","$","M","R","E","T","R","B",null,"M","M","AVR","M","M","R","E","M","T","R","?","R","M","?","R","B",null,"R","$","E","B"],"character_chosen":"MYSTIC_CLASS","items_purchased":["PreservedInsect","mysticmod:SuddenClarity","mysticmod:ArcaneAccuracy","mysticmod:Snowball","Orrery","mysticmod:Flourish","mysticmod:Daze","mysticmod:LightningBolt"],"campfire_rested":7,"item_purchase_floors":[0,0,8,8,27,27,53,53],"current_hp_per_floor":[76,76,67,67,67,47,45,45,45,41,31,31,37,37,60,25,77,76,76,76,61,58,77,77,77,77,77,73,73,42,42,65,47,77,61,61,61,26,26,49,15,15,15,38,38,61,40,40,63,12,77,77,77,16,0,0],"gold":6,"neow_bonus":"","is_daily":false,"chose_seed":false,"campfire_upgraded":9,"win_rate":0.0,"timestamp":1608919949,"path_taken":["M","?","?","M","?","E","M","$","T","E","?","?","M","?","R","BOSS","M","?","?","?","?","R","AVR","R","T","$","M","R","E","?","R","BOSS","M","M","AVR","M","M","R","E","M","T","R","?","R","M","?","R","BOSS","R","$","E","BOSS"],"items_purchased_type":["Relic","Card","Card","Card","Relic","Card","Card","Card"],"build_version":"2020-12-13","purchased_purges":0,"victory":false,"max_hp_per_floor":[77,77,77,77,77,77,77,77,77,77,77,77,77,77,77,77,77,77,77,77,77,77,77,77,77,77,77,77,77,77,77,77,77,77,77,77,77,77,77,77,77,77,77,77,77,77,77,77,77,77,77,77,77,77,77,77],"card_choices":[{"not_picked":["mysticmod:Snowball","mysticmod:Shield"],"picked":"mysticmod:Flurry","floor":1},{"not_picked":["mysticmod:PureInstinct","mysticmod:SpellCombat"],"picked":"mysticmod:Disengage","floor":3},{"not_picked":["mysticmod:CureLightWounds","mysticmod:Riposte"],"picked":"mysticmod:SummonFamiliar","floor":4},{"not_picked":["mysticmod:Daze","mysticmod:CorrosiveTouch"],"picked":"mysticmod:SummonFamiliar","floor":6},{"not_picked":["mysticmod:ObscuringMist","mysticmod:HeavyStrike"],"picked":"mysticmod:Stoneskin","floor":7},{"not_picked":["mysticmod:PowerSlash","mysticmod:CorrosiveTouch"],"picked":"mysticmod:ArcaneAccuracy","floor":10},{"not_picked":["mysticmod:MirrorStrike","mysticmod:CureLightWounds"],"picked":"mysticmod:Snowball","floor":11},{"not_picked":["infinitespire:Oblivion","ReplayTheSpireMod:Echoes of Time"],"picked":"infinitespire:Menacing","floor":12},{"not_picked":["mysticmod:StyleChange","mysticmod:ChargedParry"],"picked":"mysticmod:Feint","floor":13},{"not_picked":["mysticmod:Doublecast","mysticmod:ObscuringMist"],"picked":"mysticmod:KnowledgePool","floor":16},{"not_picked":["mysticmod:RapidCaster","mysticmod:Disengage"],"picked":"mysticmod:SummonFamiliar","floor":18},{"not_picked":["mysticmod:HeavyStrike","mysticmod:KeenEdge"],"picked":"mysticmod:SummonFamiliar+1","floor":22},{"not_picked":["mysticmod:EbbAndFlow+1","mysticmod:PowerAttack"],"picked":"mysticmod:MagicMissile+1","floor":27},{"not_picked":["mysticmod:LightningBolt","mysticmod:Sideswipe"],"picked":"mysticmod:Probe+1","floor":27},{"not_picked":["mysticmod:Daze","mysticmod:SpontaneousCaster"],"picked":"mysticmod:PowerSlash+1","floor":27},{"not_picked":["mysticmod:Daze","mysticmod:SummonFamiliar"],"picked":"mysticmod:Discipline","floor":27},{"not_picked":["mysticmod:DiviningBlow","mysticmod:HeavyStrike"],"picked":"mysticmod:PureInstinct","floor":27},{"not_picked":["mysticmod:CorrosiveTouch+1","mysticmod:Shield"],"picked":"mysticmod:LightningBolt+1","floor":28},{"not_picked":["mysticmod:HeavyStrike","mysticmod:PunishingArmor"],"picked":"mysticmod:MagicMissile+1","floor":30},{"not_picked":["mysticmod:GreaterInvisibility","mysticmod:Momentum"],"picked":"mysticmod:Natural20","floor":33},{"not_picked":["mysticmod:ComponentsPouch+1","mysticmod:SuddenClarity+1"],"picked":"mysticmod:PowerSlash+1","floor":35},{"not_picked":["mysticmod:Snowball","mysticmod:LightningBolt"],"picked":"mysticmod:Shield+1","floor":36},{"not_picked":["mysticmod:Alacrity","mysticmod:DiviningBlow+1"],"picked":"mysticmod:CorrosiveTouch+1","floor":38},{"not_picked":["mysticmod:Daze","mysticmod:Sideswipe"],"picked":"mysticmod:PureInstinct+1","floor":39},{"not_picked":["mysticmod:Riposte+1","mysticmod:LightningBolt"],"picked":"mysticmod:TomeOfSpells","floor":41},{"not_picked":["mysticmod:Flourish","mysticmod:MightyMagic"],"picked":"mysticmod:LightningBolt+1","floor":42},{"not_picked":["mysticmod:Probe","mysticmod:Lunge"],"picked":"mysticmod:CorrosiveTouch+1","floor":47},{"not_picked":["mysticmod:Haste","mysticmod:SuddenClarity"],"picked":"mysticmod:Alacrity+1","floor":54}],"player_experience":128371,"relics_obtained":[{"floor":6,"key":"hubris:BundleOfHerbs"},{"floor":10,"key":"Omamori"},{"floor":14,"key":"InkBottle"},{"floor":26,"key":"TungstenRod"},{"floor":30,"key":"Chameleon Ring"},{"floor":31,"key":"hubris:SlimyHat"},{"floor":41,"key":"MealTicket"},{"floor":43,"key":"infinitespire:Satchel"},{"floor":45,"key":"Ring of Searing"},{"floor":45,"key":"Ring of Fangs"},{"floor":54,"key":"Letter Opener"}],"event_choices":[{"damage_healed":0,"gold_gain":0,"player_choice":"Paid Gold","damage_taken":0,"relics_obtained":["infinitespire:Magic Flask"],"max_hp_gain":0,"max_hp_loss":0,"event_name":"WeMeetAgain","floor":2,"gold_loss":66},{"damage_healed":0,"gold_gain":0,"cards_transformed":["mysticmod:Strike_Mystic"],"player_choice":"Transformed","damage_taken":0,"max_hp_gain":0,"max_hp_loss":0,"event_name":"Transmorgrifier","floor":5,"gold_loss":0,"cards_obtained":["mysticmod:HunkerDown"]},{"damage_healed":0,"gold_gain":0,"player_choice":"Bought 1 Potion","damage_taken":0,"max_hp_gain":0,"max_hp_loss":0,"event_name":"The Woman in Blue","floor":19,"gold_loss":0},{"damage_healed":0,"gold_gain":0,"player_choice":"Ignored","damage_taken":0,"max_hp_gain":0,"max_hp_loss":0,"event_name":"Golden Shrine","floor":48,"gold_loss":0}],"is_beta":false,"boss_relics":[{"not_picked":["aspiration:FutureDiary","hubris:RunicObelisk"],"picked":"Ectoplasm"},{"not_picked":["Runic Dome","Kintsugi"],"picked":"Astrolabe"}],"items_purged_floors":[],"is_endless":false,"potions_floor_spawned":[3,7,11,22,30,38,39,47],"killed_by":"The Heart","ascension_level":0}}