{"host":"yp47u74hk6n79vj1","time":1608882271,"event":{"mods":["BaseMod","Minty Spire (QoL Compilation)"],"gold_per_floor":[111,125,50,50,50,75,75,86,86,86,15,27,27,40,40,145,145,161,161,180,180,193,193,193,193],"floor_reached":24,"playtime":770,"items_purged":["Defend_B"],"score":196,"play_id":"767e4e92-98bf-4bb6-8910-2104cf072ada","local_time":"20201225024431","is_ascension_mode":false,"campfire_choices":[{"data":"Leap","floor":10,"key":"SMITH"},{"data":"Defragment","floor":13,"key":"SMITH"},{"floor":15,"key":"REST"},{"data":"Amplify","floor":23,"key":"SMITH"}],"circlet_count":0,"master_deck":["Strike_B","Strike_B","Strike_B+1","Strike_B","Defend_B+1","Defend_B","Zap","Dualcast","Amplify+1","Leap+1","White Noise","Cold Snap","Defragment+1","Capacitor","Capacitor","Seek+1","Self Repair","Turbo"],"relics":["Cracked Core","Anchor","Pantograph","Nuclear Battery"],"acts_visited":["Exordium","TheCity"],"potions_floor_usage":[20,24],"damage_taken":[{"damage":4,"enemies":"Cultist","floor":1,"turns":4},{"damage":6,"enemies":"Jaw Worm","floor":2,"turns":4},{"damage":42,"enemies":"Gremlin Nob","floor":6,"turns":5},{"damage":0,"enemies":"Small Slimes","floor":8,"turns":3},{"damage":0,"enemies":"Blue Slaver","floor":12,"turns":4},{"damage":0,"enemies":"Lots of Slimes","floor":14,"turns":5},{"damage":41,"enemies":"Slime Boss","floor":16,"turns":15},{"damage":8,"enemies":"Shell Parasite","floor":18,"turns":7},{"damage":8,"enemies":"3 Byrds","floor":20,"turns":4},{"damage":19,"enemies":"Snake Plant","floor":22,"turns":7},{"damage":65,"enemies":"Gremlin Leader","floor":24,"turns":3}],"seed_played":"-5886728327671365942","potions_obtained":[{"floor":2,"key":"PotionOfCapacity"},{"floor":8,"key":"Energy Potion"},{"floor":12,"key":"SkillPotion"},{"floor":18,"key":"LiquidBronze"},{"floor":20,"key":"AttackPotion"}],"is_trial":false,"path_per_floor":["M","M","$","?","?","E","?","M","T","R","$","M","R","M","R","B",null,"M","?","M","?","M","R","E"],"character_chosen":"DEFECT","items_purchased":["Defragment"],"campfire_rested":1,"item_purchase_floors":[11],"current_hp_per_floor":[71,65,65,65,50,8,1,1,1,1,1,1,1,1,23,7,75,67,67,66,66,54,54,0,0],"gold":193,"neow_bonus":"ONE_RANDOM_RARE_CARD","is_daily":false,"chose_seed":false,"campfire_upgraded":3,"win_rate":0.0,"timestamp":1608882271,"path_taken":["M","M","$","?","?","E","?","M","T","R","$","M","R","M","R","BOSS","M","?","?","?","M","R","E"],"items_purchased_type":["Card"],"build_version":"2020-12-22","purchased_purges":1,"victory":false,"max_hp_per_floor":[75,75,75,75,75,75,75,75,75,75,75,75,75,75,75,75,75,75,75,75,75,75,75,75,75],"card_choices":[{"not_picked":["Rebound","Ball Lightning","Stack"],"picked":"SKIP","floor":1},{"not_picked":["Barrage","Conserve Battery"],"picked":"Leap","floor":2},{"not_picked":["Meteor Strike","Consume"],"picked":"White Noise","floor":6},{"not_picked":["Beam Cell","Go for the Eyes"],"picked":"Cold Snap","floor":8},{"not_picked":["Sweeping Beam","Fusion"],"picked":"Capacitor","floor":12},{"not_picked":["Go for the Eyes","Gash"],"picked":"Capacitor","floor":14},{"not_picked":["Reboot","Core Surge"],"picked":"Seek","floor":16},{"not_picked":["Recycle+1","Chaos"],"picked":"Self Repair","floor":18},{"not_picked":["Self Repair+1","Go for the Eyes","Redo+1"],"picked":"SKIP","floor":20},{"not_picked":["Compile Driver","Beam Cell+1"],"picked":"Turbo","floor":22}],"player_experience":518224,"relics_obtained":[{"floor":6,"key":"Anchor"},{"floor":9,"key":"Pantograph"}],"event_choices":[{"damage_healed":0,"gold_gain":0,"player_choice":"Ignored","damage_taken":0,"max_hp_gain":0,"max_hp_loss":0,"event_name":"Liars Game","floor":4,"gold_loss":0},{"damage_healed":0,"gold_gain":0,"player_choice":"Entered Light","damage_taken":15,"max_hp_gain":0,"max_hp_loss":0,"event_name":"Shining Light","floor":5,"gold_loss":0,"cards_upgraded":["Defend_B","Strike_B"]},{"cards_removed":["Defend_B"],"damage_healed":0,"gold_gain":0,"player_choice":"Card Removal","damage_taken":7,"max_hp_gain":0,"max_hp_loss":0,"event_name":"Golden Wing","floor":7,"gold_loss":0},{"damage_healed":0,"gold_gain":0,"player_choice":"Forge","damage_taken":0,"max_hp_gain":0,"max_hp_loss":0,"event_name":"Accursed Blacksmith","floor":19,"gold_loss":0,"cards_upgraded":["Seek"]},{"damage_healed":0,"gold_gain":0,"player_choice":"Ignored","damage_taken":0,"max_hp_gain":0,"max_hp_loss":0,"event_name":"The Mausoleum","floor":21,"gold_loss":0}],"is_beta":false,"boss_relics":[{"not_picked":["Tiny House","Busted Crown"],"picked":"Nuclear Battery"}],"items_purged_floors":[3],"is_endless":false,"potions_floor_spawned":[2,8,12,18,20],"killed_by":"Gremlin Leader","ascension_level":0}}