{"host":"wkq136ike0ligh15","time":1608883366,"event":{"mods":["Bard","BaseMod","Clockwork Mod","Minty Spire (QoL Compilation)","StSLib"],"gold_per_floor":[110,129,129,129,40,52,14,14,14,34,34,34,34,52,52,150,200,216,216,216,19,37,37,37],"floor_reached":23,"playtime":771,"items_purged":[],"score":179,"play_id":"28dbfce2-3895-4168-b4e7-7f42497e1b6d","local_time":"20201225030246","is_ascension_mode":false,"campfire_choices":[{"floor":8.0,"key":"REST"},{"floor":11.0,"key":"REST"},{"floor":13.0,"key":"RECALL"},{"data":"Clockwork:CraftVarja","floor":15.0,"key":"SMITH"}],"circlet_count":0,"master_deck":["Clockwork:Strike+1","Clockwork:Strike","Clockwork:Strike","Clockwork:Strike+1","Clockwork:Shield","Clockwork:Shield+1","Clockwork:Shield","Clockwork:Shield","Clockwork:Tinker","Clockwork:WarmUp","Clockwork:HoardingStrike","Clockwork:ForgeStrike","Clockwork:Pluck","Clockwork:CogBarrier+1","Clockwork:QuantumStrike+1","Clockwork:FalseStart","Clockwork:CogToss+1","Clockwork:LiteraryArmor"],"relics":["Clockwork:MomentumEngine","StoneCalendar","HornCleat","Clockwork:Varja","Tiny House","Clockwork:RubberBall","Clockwork:QuicksilverHourglass"],"acts_visited":["Exordium","TheCity"],"potions_floor_usage":[23],"damage_taken":[{"damage":16.0,"enemies":"Small Slimes","floor":1.0,"turns":7.0},{"damage":11.0,"enemies":"2 Louse","floor":2.0,"turns":6.0},{"damage":10.0,"enemies":"Cultist","floor":6.0,"turns":7.0},{"damage":27.0,"enemies":"Blue Slaver","floor":10.0,"turns":6.0},{"damage":19.0,"enemies":"2 Fungi Beasts","floor":14.0,"turns":6.0},{"damage":39.0,"enemies":"Hexaghost","floor":16.0,"turns":11.0},{"damage":39.0,"enemies":"Chosen","floor":18.0,"turns":7.0},{"damage":22.0,"enemies":"2 Thieves","floor":22.0,"turns":4.0},{"damage":51,"enemies":"Book of Stabbing","floor":23,"turns":6}],"seed_played":"7144442972188880978","potions_obtained":[{"floor":2.0,"key":"Fruit Juice"},{"floor":16.0,"key":"Regen Potion"},{"floor":17.0,"key":"Ancient Potion"},{"floor":22.0,"key":"Fire Potion"}],"is_trial":false,"path_per_floor":["M","M","?","?","$","M","$","R","T","M","R","?","R","M","R","B",null,"M","?","?","$","M","E"],"character_chosen":"CLOCKWORK","items_purchased":["Clockwork:CraftVarja","Clockwork:Pluck","Clockwork:QuantumStrike","Clockwork:RubberBall","Clockwork:CogToss"],"campfire_rested":2,"item_purchase_floors":[5,5,7,21,21],"current_hp_per_floor":[69,63,56,38,38,28,28,55,55,28,55,90,90,71,71,32,95,64,64,64,64,42,0,0],"gold":37,"neow_bonus":"ONE_RARE_RELIC","is_daily":false,"chose_seed":false,"campfire_upgraded":1,"win_rate":0.0,"timestamp":1608883366,"path_taken":["M","M","?","?","$","M","$","R","T","M","R","?","R","?","R","BOSS","M","?","?","$","M","E"],"items_purchased_type":["Card","Card","Card","Relic","Card"],"build_version":"2020-12-22","purchased_purges":0,"victory":false,"max_hp_per_floor":[85,90,90,90,90,90,90,90,90,90,90,90,90,90,90,90,95,95,95,95,95,95,95,95],"card_choices":[{"not_picked":["Clockwork:SpringShield","Clockwork:Clone"],"picked":"Clockwork:HoardingStrike","floor":1.0},{"not_picked":["Clockwork:AdaptiveCannon","Clockwork:Improve"],"picked":"Clockwork:ForgeStrike","floor":2.0},{"not_picked":["Clockwork:Downsize","Clockwork:CogShield"],"picked":"Clockwork:CogBarrier","floor":6.0},{"not_picked":["Clockwork:AdaptiveCannon","Clockwork:Scour"],"picked":"Clockwork:CraftSomewhatSmoothStone","floor":10.0},{"not_picked":["Clockwork:Enhance","Clockwork:Roundhouse"],"picked":"Clockwork:CraftVarja","floor":14.0},{"not_picked":["Clockwork:SiegeStrike","Clockwork:TimeWalk"],"picked":"Clockwork:CraftQuicksilverHourglass","floor":16.0},{"not_picked":["Clockwork:Selectivity","Clockwork:Minimalism"],"picked":"Clockwork:FalseStart","floor":17.0},{"not_picked":["Clockwork:AdaptiveShield","Clockwork:SystemScan"],"picked":"Clockwork:SmithsMallet+1","floor":18.0},{"not_picked":["Clockwork:ReserveSystems+1","Clockwork:SpurOn"],"picked":"Clockwork:LiteraryArmor","floor":22.0}],"player_experience":241093,"relics_obtained":[{"floor":9.0,"key":"HornCleat"}],"event_choices":[{"cards_removed":["Decay"],"damage_healed":0.0,"max_hp_gain":0.0,"max_hp_loss":0.0,"gold_gain":0.0,"event_name":"Golden Wing","player_choice":"Card Removal","floor":3.0,"gold_loss":0.0,"damage_taken":7.0},{"damage_healed":0.0,"max_hp_gain":0.0,"max_hp_loss":0.0,"gold_gain":0.0,"event_name":"Shining Light","player_choice":"Entered Light","floor":4.0,"gold_loss":0.0,"damage_taken":18.0,"cards_upgraded":["Clockwork:Strike","Clockwork:Shield"]},{"cards_removed":["Clockwork:CraftSomewhatSmoothStone"],"damage_healed":35.0,"max_hp_gain":0.0,"max_hp_loss":0.0,"gold_gain":0.0,"event_name":"Bonfire Elementals","player_choice":"Offered Uncommon","floor":12.0,"gold_loss":0.0,"damage_taken":0.0},{"damage_healed":0.0,"max_hp_gain":0.0,"max_hp_loss":0.0,"gold_gain":0.0,"event_name":"Ghosts","player_choice":"Ignored","floor":19.0,"gold_loss":0.0,"damage_taken":0.0},{"damage_healed":0.0,"max_hp_gain":0.0,"max_hp_loss":0.0,"gold_gain":0.0,"event_name":"NoteForYourself","player_choice":"Ignored","floor":20.0,"gold_loss":0.0,"damage_taken":0.0}],"is_beta":false,"boss_relics":[{"not_picked":["Snecko Eye","Runic Pyramid"],"picked":"Tiny House"}],"items_purged_floors":[],"is_endless":false,"potions_floor_spawned":[2,16,22],"killed_by":"Book of Stabbing","ascension_level":0}}