{"host":"qxeepl7ydvsgmfdb","time":1608909384,"event":{"mods":["AchievementEnabler","BaseMod","Colored Powertips","Minty Spire (QoL Compilation)","Quick Restart","slay the spire mod where everything is the same but ironclad has a cowboy hat"],"gold_per_floor":[119,194,1,176,176,205,205,238,291,311,329,279,299,299,299,395,395,405,422,138,138,53,53,88,88,112,112,141,158,158,29,29,132,182,202,202,202,139,139,170,170,201,201,201,201,234,244,94,94,94],"floor_reached":51,"playtime":1749,"items_purged":["Regret","Strike_G","Strike_G","Strike_G"],"score":1048,"play_id":"bdfc052b-bd40-4b62-a8a3-bf12681d7a4b","local_time":"20201225101624","is_ascension_mode":true,"campfire_choices":[{"data":"Poisoned Stab","floor":7.0,"key":"SMITH"},{"data":"Backflip","floor":15.0,"key":"SMITH"},{"floor":23.0,"key":"REST"},{"data":"RitualDagger","floor":25.0,"key":"SMITH"},{"data":"After Image","floor":30.0,"key":"SMITH"},{"floor":32.0,"key":"REST"},{"floor":41,"key":"REST"},{"floor":45,"key":"REST"},{"floor":49,"key":"REST"}],"circlet_count":0,"master_deck":["Strike_G","Strike_G","Defend_G","Defend_G","Defend_G","Defend_G","Survivor","Neutralize","Dagger Throw","Poisoned Stab+1","Slice","Backflip+1","PiercingWail","Acrobatics","After Image+1","Deadly Poison+1","Quick Slash","Noxious Fumes","RitualDagger+1","Deadly Poison","Neutralize","Backstab+1","Blade Dance+1","Distraction+1","Adrenaline+1","Backstab+1"],"relics":["Ring of the Snake","NeowsBlessing","Toy Ornithopter","Tough Bandages","Dead Branch","Tingsha","Dream Catcher","Lantern","WristBlade","Membership Card","PreservedInsect","Mummified Hand","Pantograph","Potion Belt","Toxic Egg 2","MealTicket","Tiny House","Anchor","Vajra","Bag of Preparation","Snake Skull"],"acts_visited":["Exordium","TheCity","TheBeyond"],"potions_floor_usage":[33,33,40,50,50,50,50],"damage_taken":[{"damage":0.0,"enemies":"Jaw Worm","floor":1.0,"turns":1.0},{"damage":0.0,"enemies":"3 Sentries","floor":6.0,"turns":1.0},{"damage":0.0,"enemies":"Lagavulin","floor":8.0,"turns":1.0},{"damage":0.0,"enemies":"2 Louse","floor":10.0,"turns":2.0},{"damage":0.0,"enemies":"Cultist","floor":11.0,"turns":4.0},{"damage":0.0,"enemies":"Blue Slaver","floor":13.0,"turns":3.0},{"damage":13.0,"enemies":"Slime Boss","floor":16.0,"turns":12.0},{"damage":0.0,"enemies":"Spheric Guardian","floor":18.0,"turns":1.0},{"damage":27.0,"enemies":"3 Byrds","floor":19.0,"turns":8.0},{"damage":0.0,"enemies":"Gremlin Leader","floor":24.0,"turns":4.0},{"damage":10.0,"enemies":"Book of Stabbing","floor":28.0,"turns":4.0},{"damage":0.0,"enemies":"Centurion and Healer","floor":29.0,"turns":2.0},{"damage":42,"enemies":"Collector","floor":33,"turns":7},{"damage":0,"enemies":"Orb Walker","floor":35,"turns":3},{"damage":33,"enemies":"Nemesis","floor":40,"turns":5},{"damage":19,"enemies":"Giant Head","floor":42,"turns":6},{"damage":27,"enemies":"Reptomancer","floor":46,"turns":3},{"damage":0,"enemies":"3 Shapes","floor":47,"turns":1},{"damage":69,"enemies":"Time Eater","floor":50,"turns":10}],"seed_played":"2952892859553063996","potions_obtained":[{"floor":1.0,"key":"SteroidPotion"},{"floor":6.0,"key":"ColorlessPotion"},{"floor":10.0,"key":"GamblersBrew"},{"floor":16.0,"key":"AttackPotion"},{"floor":19.0,"key":"GamblersBrew"},{"floor":24.0,"key":"Fire Potion"},{"floor":29.0,"key":"Poison Potion"},{"floor":33,"key":"Fire Potion"},{"floor":34,"key":"Explosive Potion"},{"floor":40,"key":"Poison Potion"},{"floor":42,"key":"EssenceOfSteel"}],"is_trial":false,"path_per_floor":["M","?","$","?","?","E","R","E","T","M","M","?","M","?","R","B",null,"M","M","$","?","?","R","E","R","T","?","E","M","R","$","R","B",null,"M","?","?","$","?","E","R","E","T","?","R","E","M","$","R","B",null],"character_chosen":"THE_SILENT","items_purchased":["Toy Ornithopter","Poisoned Stab","Membership Card","PreservedInsect","Noxious Fumes","MealTicket","FairyPotion","PowerPotion"],"campfire_rested":5,"item_purchase_floors":[3,3,20,20,20,31,48,48],"current_hp_per_floor":[70,59,59,59,59,59,59,59,59,59,59,59,59,59,59,56,67,70,43,43,37,37,58,63,63,63,63,53,53,53,53,70,28,65,65,65,65,75,71,38,59,40,40,40,61,34,34,49,70,12],"gold":94,"neow_bonus":"THREE_ENEMY_KILL","is_daily":false,"chose_seed":false,"campfire_upgraded":4,"win_rate":0.0,"timestamp":1608909384,"path_taken":["M","?","$","?","?","E","R","E","T","M","?","?","M","?","R","BOSS","M","M","$","?","?","R","E","R","T","?","E","?","R","$","R","BOSS","M","?","?","$","?","E","R","E","T","?","R","E","M","$","R","BOSS"],"items_purchased_type":["Relic","Card","Relic","Relic","Card","Relic","Potion","Potion"],"build_version":"2020-12-22","purchased_purges":4,"victory":true,"max_hp_per_floor":[70,70,70,70,70,70,70,70,70,70,70,70,70,70,70,70,70,70,70,70,70,70,70,70,70,70,70,70,70,70,70,70,70,75,75,75,75,75,71,71,71,71,71,71,71,71,71,71,71,71],"card_choices":[{"not_picked":["Outmaneuver","Masterful Stab"],"picked":"Dagger Throw","floor":1.0},{"not_picked":["Underhanded Strike","Caltrops"],"picked":"Slice","floor":6.0},{"not_picked":["Doppelganger","Catalyst"],"picked":"Backflip","floor":8.0},{"not_picked":["Slice","Dagger Throw"],"picked":"PiercingWail","floor":10.0},{"not_picked":["Prepared","Flying Knee"],"picked":"Acrobatics","floor":11.0},{"not_picked":["Acrobatics","Predator","Dagger Throw"],"picked":"SKIP","floor":13.0},{"not_picked":["Grand Finale","Phantasmal Killer"],"picked":"After Image","floor":16.0},{"not_picked":["Acrobatics+1","Well Laid Plans+1"],"picked":"Deadly Poison+1","floor":18.0},{"not_picked":["Underhanded Strike+1","Terror"],"picked":"Quick Slash","floor":19.0},{"not_picked":["Deflect","Calculated Gamble+1"],"picked":"Deadly Poison","floor":24.0},{"not_picked":["Envenom","Flechettes"],"picked":"Blade Dance+1","floor":28.0},{"not_picked":["Sucker Punch+1","Poisoned Stab","Quick Slash+1"],"picked":"SKIP","floor":29.0},{"not_picked":["Slice","Dagger Throw"],"picked":"Distraction+1","floor":32.0},{"not_picked":["Burst+1","A Thousand Cuts"],"picked":"Adrenaline+1","floor":33},{"not_picked":["Sucker Punch","Bane","Distraction+1"],"picked":"SKIP","floor":35},{"not_picked":["Tactician+1","Deflect+1"],"picked":"Backstab+1","floor":40},{"not_picked":["Flying Knee","Blade Dance+1","Prepared+1"],"picked":"SKIP","floor":42},{"not_picked":["Dagger Spray","Bane","Phantasmal Killer+1"],"picked":"SKIP","floor":46},{"not_picked":["All Out Attack","Catalyst+1","Dagger Spray+1"],"picked":"SKIP","floor":47}],"player_experience":376488,"relics_obtained":[{"floor":6.0,"key":"Dead Branch"},{"floor":8.0,"key":"Tingsha"},{"floor":9.0,"key":"Dream Catcher"},{"floor":24.0,"key":"Pantograph"},{"floor":26.0,"key":"Potion Belt"},{"floor":28.0,"key":"Toxic Egg 2"},{"floor":40,"key":"Anchor"},{"floor":42,"key":"Vajra"},{"floor":43,"key":"Bag of Preparation"},{"floor":46,"key":"Snake Skull"}],"event_choices":[{"damage_healed":0.0,"max_hp_gain":0.0,"max_hp_loss":0.0,"gold_gain":75.0,"event_name":"World of Goop","player_choice":"Gather Gold","floor":2.0,"gold_loss":0.0,"damage_taken":11.0},{"damage_healed":0.0,"max_hp_gain":0.0,"max_hp_loss":0.0,"gold_gain":175.0,"event_name":"Liars Game","player_choice":"AGREE","floor":4.0,"gold_loss":0.0,"damage_taken":0.0,"cards_obtained":["Doubt"]},{"damage_healed":0.0,"max_hp_gain":0.0,"max_hp_loss":0.0,"gold_gain":0.0,"event_name":"WeMeetAgain","player_choice":"Gave Potion","floor":5.0,"gold_loss":0.0,"damage_taken":0.0,"relics_obtained":["Tough Bandages"]},{"cards_removed":["Doubt"],"damage_healed":0.0,"max_hp_gain":0.0,"max_hp_loss":0.0,"gold_gain":0.0,"event_name":"The Cleric","player_choice":"Card Removal","floor":12.0,"gold_loss":50.0,"damage_taken":0.0},{"damage_healed":0.0,"max_hp_gain":0.0,"max_hp_loss":0.0,"gold_gain":0.0,"event_name":"Big Fish","player_choice":"Box","floor":14.0,"gold_loss":0.0,"damage_taken":0.0,"relics_obtained":["Lantern"],"cards_obtained":["Regret"]},{"damage_healed":0.0,"max_hp_gain":0.0,"max_hp_loss":0.0,"gold_gain":0.0,"event_name":"Nest","player_choice":"Joined the Cult","floor":21.0,"gold_loss":0.0,"damage_taken":6.0,"cards_obtained":["RitualDagger"]},{"damage_healed":0.0,"max_hp_gain":0.0,"max_hp_loss":0.0,"gold_gain":0.0,"event_name":"Addict","player_choice":"Obtained Relic","floor":22.0,"gold_loss":85.0,"damage_taken":0.0,"relics_obtained":["Mummified Hand"]},{"damage_healed":0.0,"max_hp_gain":0.0,"max_hp_loss":0.0,"gold_gain":0.0,"event_name":"Match and Keep!","player_choice":"2 cards matched","floor":27.0,"gold_loss":0.0,"damage_taken":0.0,"cards_obtained":["Neutralize","Backstab"]},{"damage_healed":0,"gold_gain":0,"player_choice":"Ignored","damage_taken":0,"max_hp_gain":0,"max_hp_loss":0,"event_name":"Tomb of Lord Red Mask","floor":36,"gold_loss":0},{"damage_healed":0,"gold_gain":0,"player_choice":"Memory 1","damage_taken":0,"max_hp_gain":0,"max_hp_loss":0,"event_name":"SensoryStone","floor":37,"gold_loss":0},{"damage_healed":0,"gold_gain":0,"player_choice":"Max HP","damage_taken":0,"max_hp_gain":0,"max_hp_loss":4,"event_name":"Winding Halls","floor":39,"gold_loss":0},{"cards_removed":["Defend_G"],"damage_healed":0,"gold_gain":0,"player_choice":"Removed Skill","damage_taken":0,"max_hp_gain":0,"max_hp_loss":0,"event_name":"Falling","floor":44,"gold_loss":0}],"is_beta":false,"boss_relics":[{"not_picked":["Philosopher\u0027s Stone","SlaversCollar"],"picked":"WristBlade"},{"not_picked":["Astrolabe","Runic Pyramid"],"picked":"Tiny House"}],"items_purged_floors":[20,31,38,48],"is_endless":false,"potions_floor_spawned":[1,6,10,16,19,24,29,33,40,42],"ascension_level":5}}