{"host":"uqku1jlo3s1abgrh","time":1608903383,"event":{"mods":["BaseMod","ChefMod","Downfall","Minty Spire (QoL Compilation)","Robot Space Explorer","StSLib","The Dragon Tamer"],"gold_per_floor":[110,60,60,135,150,180,180,205,205,205,240,255,268,282,282,378,378,396,396,246,256,156,156,156,156,180,180,180,200,227,256,256,361,361,381,426,172,172,222,247,262,262,337,370,394,254,254,288,288,288],"floor_reached":51,"playtime":4179,"items_purged":["chefmod:Leftovers","chefmod:Strike"],"score":767,"play_id":"9a6fbed3-5621-4d30-b3e6-a602419bb962","local_time":"20201225213623","is_ascension_mode":false,"campfire_choices":[{"data":"1","floor":7,"key":"LIFT"},{"data":"2","floor":15,"key":"LIFT"},{"data":"3","floor":23,"key":"LIFT"},{"data":"chefmod:QuickThaw","floor":25,"key":"SMITH"},{"data":"chefmod:TodaysSpecial","floor":32,"key":"SMITH"},{"floor":42,"key":"REST"},{"floor":49,"key":"REST"}],"circlet_count":0,"master_deck":["chefmod:Strike+1","chefmod:Defend","chefmod:Defend","chefmod:QuickThaw+1","chefmod:TodaysSpecial+1","chefmod:Chop","chefmod:ColdSteel","chefmod:DimSum","chefmod:FullCourseMeal","chefmod:LiquidNitrogen","chefmod:HotSoup","chefmod:BananaSplit","chefmod:QuickChop+1","chefmod:Julienne","chefmod:Puree","chefmod:DinoKale","Madness","Madness"],"relics":["chefmod:TrustyPot","NeowsBlessing","Girya","Centennial Puzzle","Calipers","Bronze Scales","Sozu","Ornamental Fan","Whetstone","Eternal Feather","Red Mask","SlaversCollar","Incense Burner","Sundial","WingedGreaves","PreservedInsect","MawBank","chefmod:CookieJar","MealTicket"],"acts_visited":["Exordium","TheCity","TheBeyond"],"potions_floor_usage":[8,13,18,36],"damage_taken":[{"damage":0,"enemies":"2 Louse","floor":1,"turns":1},{"damage":0,"enemies":"Small Slimes","floor":5,"turns":1},{"damage":0,"enemies":"3 Sentries","floor":6,"turns":1},{"damage":17,"enemies":"Lagavulin","floor":8,"turns":7},{"damage":16,"enemies":"Gremlin Nob","floor":11,"turns":4},{"damage":1,"enemies":"Cultist","floor":12,"turns":3},{"damage":2,"enemies":"Gremlin Gang","floor":13,"turns":2},{"damage":4,"enemies":"2 Fungi Beasts","floor":14,"turns":4},{"damage":25,"enemies":"The Guardian","floor":16,"turns":15},{"damage":5,"enemies":"2 Thieves","floor":18,"turns":3},{"damage":7,"enemies":"3 Byrds","floor":21,"turns":3},{"damage":7,"enemies":"Shelled Parasite and Fungi","floor":29,"turns":4},{"damage":5,"enemies":"Slavers","floor":30,"turns":4},{"damage":3,"enemies":"Masked Bandits","floor":31,"turns":4},{"damage":1,"enemies":"Champ","floor":33,"turns":9},{"damage":2,"enemies":"3 Darklings","floor":35,"turns":3},{"damage":53,"enemies":"2 Orb Walkers","floor":36,"turns":7},{"damage":0,"enemies":"Mind Bloom Boss Battle","floor":39,"turns":6},{"damage":11,"enemies":"Reptomancer","floor":40,"turns":6},{"damage":0,"enemies":"3 Shapes","floor":41,"turns":7},{"damage":1,"enemies":"Giant Head","floor":44,"turns":7},{"damage":6,"enemies":"Transient","floor":45,"turns":5},{"damage":1,"enemies":"Nemesis","floor":48,"turns":7},{"damage":19,"enemies":"Awakened One","floor":50,"turns":16}],"seed_played":"8551278014893495221","potions_obtained":[{"floor":1,"key":"ColorlessPotion"},{"floor":11,"key":"Explosive Potion"},{"floor":12,"key":"Fire Potion"},{"floor":16,"key":"SkillPotion"}],"is_trial":false,"path_per_floor":["M","?","?","?","M","E","R","E","T","?","E","M","M","M","R","B",null,"M","?","$","M","$","R","T","R","T","?","?","M","E","?","R","B",null,"M","?","$","?","?","E","M","R","T","E","M","$","?","E","R","B",null],"character_chosen":"THE_CHEF","items_purchased":["chefmod:Julienne","Sundial","chefmod:CookieJar"],"campfire_rested":2,"item_purchase_floors":[20,37,46],"current_hp_per_floor":[76,76,81,70,70,70,70,53,53,53,37,36,34,30,30,5,81,76,76,76,69,69,69,69,69,69,69,69,62,57,54,63,62,81,79,28,28,28,28,17,17,50,50,49,43,43,33,32,65,46],"gold":288,"neow_bonus":"THREE_ENEMY_KILL","is_daily":false,"chose_seed":false,"campfire_upgraded":2,"win_rate":0.0,"timestamp":1608903383,"path_taken":["M","?","?","?","M","E","R","E","T","?","E","?","?","M","R","BOSS","M","?","?","M","$","R","?","R","T","?","?","?","E","?","R","BOSS","M","?","$","?","?","E","?","R","T","E","?","?","?","E","R","BOSS"],"items_purchased_type":["Card","Relic","Relic"],"build_version":"2020-12-22","purchased_purges":2,"victory":true,"max_hp_per_floor":[76,76,81,81,81,81,81,81,81,81,81,81,81,81,81,81,81,81,81,81,81,81,81,81,81,81,81,81,81,81,81,81,81,81,81,81,81,81,81,81,81,81,81,81,81,81,81,81,81,81],"card_choices":[{"not_picked":["chefmod:ColdSteel","chefmod:QuickChop"],"picked":"chefmod:Chop","floor":1},{"not_picked":["chefmod:Defrost","chefmod:Fillet"],"picked":"chefmod:ColdSteel","floor":5},{"not_picked":["chefmod:Sorbet","chefmod:LocoMoco"],"picked":"chefmod:DimSum","floor":6},{"not_picked":["chefmod:QuickChop","chefmod:KnifeFlurry"],"picked":"chefmod:FullCourseMeal","floor":8},{"not_picked":["chefmod:SpaghettiCarbonara","chefmod:BaoBuns"],"picked":"chefmod:LiquidNitrogen","floor":11},{"not_picked":["chefmod:TonkotsuRamen","chefmod:Omelette"],"picked":"chefmod:HotSoup","floor":12},{"not_picked":["chefmod:FireUp","chefmod:IcePick"],"picked":"chefmod:Leftovers","floor":13},{"not_picked":["chefmod:VegetableTart","chefmod:DinoKale","chefmod:Fillet"],"picked":"SKIP","floor":14},{"not_picked":["chefmod:TastyDistraction","chefmod:OrderUp"],"picked":"chefmod:BananaSplit","floor":16},{"not_picked":["chefmod:Sorbet","chefmod:SliceAndDice","chefmod:FireUp"],"picked":"SKIP","floor":18},{"not_picked":["chefmod:Julienne","chefmod:Gelato","chefmod:Puree"],"picked":"SKIP","floor":21},{"not_picked":["chefmod:HotSoup","chefmod:ZaruSoba","chefmod:SpaghettiCarbonara"],"picked":"SKIP","floor":29},{"not_picked":["chefmod:FireUp","chefmod:NoSoupForYou","chefmod:TastyDistraction"],"picked":"SKIP","floor":30},{"not_picked":["chefmod:Granita+1","chefmod:FryPan","chefmod:LiquidNitrogen+1"],"picked":"SKIP","floor":35},{"not_picked":["chefmod:VegetableTart+1","chefmod:IcePick+1","chefmod:Chop"],"picked":"SKIP","floor":40},{"not_picked":["chefmod:ColdSteel+1","chefmod:Gelato+1","chefmod:ZaruSoba"],"picked":"SKIP","floor":41},{"not_picked":["chefmod:FireUp+1","chefmod:IcePick","chefmod:ZaruSoba"],"picked":"SKIP","floor":44},{"not_picked":["chefmod:SushiPlatter","chefmod:VegetableTart","chefmod:DinoKale+1"],"picked":"SKIP","floor":45},{"not_picked":["chefmod:TwoForOne","chefmod:ZaruSoba","chefmod:Escargot+1"],"picked":"SKIP","floor":48}],"player_experience":225703,"relics_obtained":[{"floor":6,"key":"Girya"},{"floor":8,"key":"Centennial Puzzle"},{"floor":9,"key":"Calipers"},{"floor":11,"key":"Bronze Scales"},{"floor":24,"key":"Ornamental Fan"},{"floor":26,"key":"Whetstone"},{"floor":30,"key":"Eternal Feather"},{"floor":31,"key":"Red Mask"},{"floor":36,"key":"Incense Burner"},{"floor":39,"key":"WingedGreaves"},{"floor":40,"key":"PreservedInsect"},{"floor":44,"key":"MawBank"},{"floor":48,"key":"MealTicket"}],"event_choices":[{"cards_removed":["chefmod:Strike"],"damage_healed":0,"gold_gain":0,"player_choice":"Card Removal","damage_taken":0,"max_hp_gain":0,"max_hp_loss":0,"event_name":"The Cleric","floor":2,"gold_loss":50},{"damage_healed":0,"gold_gain":0,"player_choice":"Donut","damage_taken":0,"max_hp_gain":5,"max_hp_loss":0,"event_name":"Big Fish","floor":3,"gold_loss":0},{"damage_healed":0,"gold_gain":75,"player_choice":"Gather Gold","damage_taken":11,"max_hp_gain":0,"max_hp_loss":0,"event_name":"World of Goop","floor":4,"gold_loss":0},{"damage_healed":0,"gold_gain":0,"player_choice":"Leave","damage_taken":0,"max_hp_gain":0,"max_hp_loss":0,"event_name":"FaceTrader","floor":10,"gold_loss":0},{"damage_healed":0,"gold_gain":0,"cards_transformed":["chefmod:Strike"],"player_choice":"Transformed","damage_taken":0,"max_hp_gain":0,"max_hp_loss":0,"event_name":"Transmorgrifier","floor":19,"gold_loss":0,"cards_obtained":["chefmod:QuickChop"]},{"damage_healed":0,"gold_gain":0,"cards_transformed":["chefmod:Strike","chefmod:Defend"],"player_choice":"Became Test Subject","damage_taken":0,"max_hp_gain":0,"max_hp_loss":0,"event_name":"Drug Dealer","floor":27,"gold_loss":0,"cards_obtained":["chefmod:Puree","chefmod:DinoKale"]},{"damage_healed":0,"gold_gain":0,"player_choice":"Fought Bandits","damage_taken":0,"max_hp_gain":0,"max_hp_loss":0,"event_name":"Masked Bandits","floor":31,"gold_loss":0},{"damage_healed":0,"gold_gain":0,"player_choice":"Fight","damage_taken":0,"max_hp_gain":0,"max_hp_loss":0,"event_name":"Mysterious Sphere","floor":36,"gold_loss":0},{"damage_healed":0,"gold_gain":0,"player_choice":"Ignored","damage_taken":0,"max_hp_gain":0,"max_hp_loss":0,"event_name":"The Moai Head","floor":38,"gold_loss":0},{"damage_healed":0,"gold_gain":0,"player_choice":"Fight","damage_taken":0,"max_hp_gain":0,"max_hp_loss":0,"event_name":"MindBloom","floor":39,"gold_loss":0},{"damage_healed":0,"gold_gain":0,"player_choice":"Embrace Madness","damage_taken":10,"max_hp_gain":0,"max_hp_loss":0,"event_name":"Winding Halls","floor":47,"gold_loss":0,"cards_obtained":["Madness","Madness"]}],"is_beta":false,"boss_relics":[{"not_picked":["Calling Bell","Velvet Choker"],"picked":"Sozu"},{"not_picked":["Cursed Key","SacredBark"],"picked":"SlaversCollar"}],"items_purged_floors":[20,22],"is_endless":false,"potions_floor_spawned":[1,11,12,16,31,33,35,39,41,44],"ascension_level":0}}