{"host":"5bdt6s51dmpd4l3v","time":1608890459,"event":{"mods":["AchievementEnabler","BaseMod","Colored Map","Colored Powertips","Highlight Path","Minty Spire (QoL Compilation)","Quick Restart","Rare Cards Sparkle","StSLib"],"gold_per_floor":[111,123,141,141,54,54,86,86,113,124,124,135,135,150,150,150,150],"floor_reached":16,"playtime":327,"items_purged":[],"score":184,"play_id":"58f07a9e-988e-48ae-9675-318b31113ada","local_time":"20201225180059","is_ascension_mode":true,"campfire_choices":[{"data":"Spot Weakness","floor":6.0,"key":"SMITH"},{"data":"Warcry","floor":8.0,"key":"SMITH"},{"data":"Seeing Red","floor":11.0,"key":"SMITH"},{"data":"Headbutt","floor":13.0,"key":"SMITH"},{"data":"Heavy Blade","floor":15.0,"key":"SMITH"}],"circlet_count":0,"master_deck":["AscendersBane","Strike_R","Strike_R","Strike_R","Strike_R","Strike_R","Defend_R+1","Defend_R","Defend_R","Defend_R","Bash","Armaments+1","Headbutt+1","Spot Weakness+1","Warcry+1","Seeing Red+1","Heavy Blade+1"],"relics":["Burning Blood","NeowsBlessing","Blood Vial","Orichalcum"],"acts_visited":["Exordium"],"potions_floor_usage":[16,16],"damage_taken":[{"damage":0.0,"enemies":"2 Louse","floor":1.0,"turns":1.0},{"damage":0.0,"enemies":"Small Slimes","floor":2.0,"turns":1.0},{"damage":0.0,"enemies":"Jaw Worm","floor":3.0,"turns":1.0},{"damage":38.0,"enemies":"Gremlin Nob","floor":7.0,"turns":5.0},{"damage":8.0,"enemies":"3 Louse","floor":10.0,"turns":4.0},{"damage":8.0,"enemies":"2 Fungi Beasts","floor":12.0,"turns":4.0},{"damage":2.0,"enemies":"Exordium Wildlife","floor":14.0,"turns":3.0},{"damage":29,"enemies":"The Guardian","floor":16,"turns":7}],"seed_played":"5795013774895175217","potions_obtained":[{"floor":2.0,"key":"BlessingOfTheForge"},{"floor":14.0,"key":"FearPotion"}],"is_trial":false,"path_per_floor":["M","M","M","?","$","R","E","R","T","M","R","M","R","M","R","B"],"character_chosen":"IRONCLAD","items_purchased":["Spot Weakness"],"campfire_rested":0,"item_purchase_floors":[5],"current_hp_per_floor":[74,75,75,52,52,52,20,20,20,20,20,20,20,26,26,0,0],"gold":150,"neow_bonus":"THREE_ENEMY_KILL","is_daily":false,"chose_seed":false,"campfire_upgraded":5,"win_rate":0.0,"timestamp":1608890459,"path_taken":["M","M","M","?","$","R","E","R","T","M","R","M","R","M","R","BOSS"],"items_purchased_type":["Card"],"build_version":"2020-12-22","purchased_purges":0,"victory":false,"max_hp_per_floor":[75,75,75,75,75,75,75,75,75,75,75,75,75,75,75,75,75],"card_choices":[{"not_picked":["Cleave","Flame Barrier"],"picked":"Armaments","floor":1.0},{"not_picked":["Cleave","Uppercut"],"picked":"Headbutt","floor":2.0},{"not_picked":["Power Through","Anger","Havoc"],"picked":"SKIP","floor":3.0},{"not_picked":["Spot Weakness","Anger"],"picked":"Warcry","floor":7.0},{"not_picked":["Anger","Armaments"],"picked":"Seeing Red","floor":10.0},{"not_picked":["Juggernaut","Armaments","Thunderclap"],"picked":"SKIP","floor":12.0},{"not_picked":["Blood for Blood","Pommel Strike"],"picked":"Heavy Blade","floor":14.0}],"player_experience":232003,"relics_obtained":[{"floor":7.0,"key":"Blood Vial"},{"floor":9.0,"key":"Orichalcum"}],"event_choices":[{"damage_healed":0.0,"max_hp_gain":0.0,"max_hp_loss":0.0,"gold_gain":0.0,"event_name":"Shining Light","player_choice":"Entered Light","floor":4.0,"gold_loss":0.0,"damage_taken":23.0,"cards_upgraded":["Armaments","Defend_R"]}],"is_beta":false,"boss_relics":[],"items_purged_floors":[],"is_endless":false,"potions_floor_spawned":[2,14],"killed_by":"The Guardian","ascension_level":16}}