{"host":"iz3c9fhlsuknuus5","time":1608896419,"event":{"mods":["BaseMod","Better Third Choice","Colored Map","Colored Powertips","Downfall","GifTheSpireLib","Minty Spire (QoL Compilation)","Quick Restart","StSLib"],"gold_per_floor":[0,0,19,36,36,50,74,83,107,126,126,36,36,36,55,159,159,159,179,200,200,220,240,240,256,150,174,193,193,210,79,99,99,99,99],"floor_reached":33,"playtime":1902,"items_purged":["Regret","Slimebound:Strike_Slimebound","Slimebound:Strike_Slimebound"],"score":270,"play_id":"19b66d24-360b-4d2d-966b-01e38488129f","local_time":"20201225114019","is_ascension_mode":false,"campfire_choices":[{"data":"Slimebound:Split","floor":1,"key":"SMITH"},{"data":"Slimebound:LevelUp","floor":11,"key":"SMITH"},{"floor":13,"key":"REST"},{"data":"Slimebound:OozeBath","floor":18,"key":"SMITH"},{"floor":29,"key":"REST"}],"circlet_count":0,"master_deck":["Slimebound:Tackle","Slimebound:Defend_Slimebound","Slimebound:Defend_Slimebound","Slimebound:Defend_Slimebound","Slimebound:Defend_Slimebound","Slimebound:Split+1","Slimebound:CorrosiveSpit+1","Slimebound:Overexert","Slimebound:SplitLeeching","Slimebound:LivingWall+1","Slimebound:LevelUp+1","Slimebound:SlimeSpikes","Slimebound:OozeBath+1","Slimebound:LevelUp","Slimebound:FormOfPuddle+1","Slimebound:SplitLeeching","Slimebound:LevelUp+1","Slimebound:LevelUp"],"relics":["Slimebound:AbsorbEndCombat","Question Card","War Paint","CeramicFish","Sozu","Shuriken"],"acts_visited":["Exordium","TheCity"],"potions_floor_usage":[9,9,16,19],"damage_taken":[{"damage":13,"enemies":"downfall:FleeingMerchant","floor":2,"turns":4},{"damage":10,"enemies":"Cultist","floor":3,"turns":5},{"damage":10,"enemies":"Small Slimes","floor":4,"turns":5},{"damage":18,"enemies":"Jaw Worm","floor":6,"turns":4},{"damage":15,"enemies":"Large Slime","floor":9,"turns":6},{"damage":18,"enemies":"Red Slaver","floor":10,"turns":4},{"damage":8,"enemies":"downfall:FleeingMerchant","floor":12,"turns":4},{"damage":10,"enemies":"3 Louse","floor":15,"turns":4},{"damage":54,"enemies":"downfall:Ironclad","floor":16,"turns":10},{"damage":22,"enemies":"Spheric Guardian","floor":19,"turns":6},{"damage":15,"enemies":"Shell Parasite","floor":20,"turns":6},{"damage":25,"enemies":"Centurion and Healer","floor":22,"turns":9},{"damage":39,"enemies":"Snake Plant","floor":23,"turns":6},{"damage":12,"enemies":"Cultist and Chosen","floor":25,"turns":5},{"damage":12,"enemies":"downfall:FleeingMerchant","floor":26,"turns":4},{"damage":20,"enemies":"Snecko","floor":27,"turns":7},{"damage":25,"enemies":"Chosen and Byrds","floor":28,"turns":6},{"damage":17,"enemies":"Cultist and Chosen","floor":30,"turns":5},{"damage":0,"enemies":"downfall:FleeingMerchant","floor":31,"turns":4},{"damage":32,"enemies":"Snecko","floor":32,"turns":5},{"damage":23,"enemies":"downfall:Defect","floor":33,"turns":7}],"seed_played":"-6437875532375670811","potions_obtained":[{"floor":4,"key":"Slimebound:SlimedPotion"},{"floor":6,"key":"Ancient Potion"},{"floor":15,"key":"Weak Potion"},{"floor":16,"key":"SkillPotion"}],"is_trial":false,"path_per_floor":["R","$","M","M","T","M","T","?","M","M","R","$","R","?","M","B",null,"R","M","M","?","M","M","T","M","$","M","M","R","M","$","M","B"],"character_chosen":"SLIMEBOUND","items_purchased":[],"campfire_rested":2,"item_purchase_floors":[],"current_hp_per_floor":[60,57,57,55,55,51,51,51,42,38,38,34,52,52,50,18,60,60,50,49,49,44,19,19,25,29,25,18,36,33,33,17,0,0,0],"gold":99,"neow_bonus":"THREE_RARE_CARDS","is_daily":false,"chose_seed":false,"campfire_upgraded":3,"win_rate":0.0,"timestamp":1608896419,"path_taken":["R","$","M","M","?","M","T","?","M","?","R","$","R","?","M","BOSS","R","M","M","?","?","M","T","M","$","M","M","R","M","$","M","BOSS"],"items_purchased_type":[],"build_version":"2020-12-22","purchased_purges":3,"victory":false,"max_hp_per_floor":[60,60,60,60,60,60,60,60,60,60,60,60,60,60,60,60,60,60,60,60,60,60,60,60,60,60,60,60,60,60,60,60,60,60,60],"card_choices":[{"not_picked":["Slimebound:PrepareCrush","Slimebound:SelfFormingGoo"],"picked":"Slimebound:Overexert","floor":0},{"not_picked":["Slimebound:TongueLash","Slimebound:ItLooksTasty","Slimebound:AcidTongue"],"picked":"SKIP","floor":2},{"not_picked":["Slimebound:SplitMire","Slimebound:SplitBruiser"],"picked":"Slimebound:SplitLeeching","floor":3},{"not_picked":["Slimebound:MegaLick","Slimebound:Gluttony"],"picked":"Slimebound:LivingWall","floor":4},{"not_picked":["Slimebound:LeechEnergy","Slimebound:RollThrough","Slimebound:SplitBruiser","Slimebound:Equalize"],"picked":"SKIP","floor":6},{"not_picked":["Slimebound:PressTheAttack","Slimebound:Teamwork","Slimebound:FinishingTackle"],"picked":"Slimebound:LevelUp","floor":9},{"not_picked":["Slimebound:Schlurp","Slimebound:SamplingLick","Slimebound:LeechEnergy","Slimebound:FinishingTackle"],"picked":"SKIP","floor":10},{"not_picked":["Slimebound:DisruptingSlam","Slimebound:LeechEnergy","Slimebound:SamplingLick","Slimebound:FinishingTackle"],"picked":"SKIP","floor":12},{"not_picked":["Slimebound:MassRepurpose","Slimebound:GoopTackle","Slimebound:TongueLash"],"picked":"Slimebound:SlimeSpikes","floor":15},{"not_picked":["Slimebound:LeechLife","Slimebound:RallyTheTroops","Slimebound:MassFeed"],"picked":"Slimebound:OozeBath","floor":16},{"not_picked":["Slimebound:LeechingTouch","Slimebound:ComboTackle","Slimebound:ForwardTackle","Slimebound:SplitMire"],"picked":"SKIP","floor":19},{"not_picked":["Slimebound:SplitMire+1","Slimebound:SplitAcid","Slimebound:GoopSpray+1"],"picked":"Slimebound:LevelUp","floor":20},{"not_picked":["Slimebound:SplitMire","Slimebound:TongueLash","Slimebound:AcidTongue","Slimebound:RejuvenatingLick+1"],"picked":"SKIP","floor":22},{"not_picked":["Slimebound:SplitMire","Slimebound:Schlurp","Slimebound:SplitAcid","Slimebound:ViciousTackle"],"picked":"SKIP","floor":23},{"not_picked":["Slimebound:Grow","Slimebound:GoopSpray+1","Slimebound:GrowthPunch","Slimebound:SplitAcid"],"picked":"SKIP","floor":25},{"not_picked":["Slimebound:SelfFormingGoo","Slimebound:FinishingTackle","Slimebound:Grow"],"picked":"Slimebound:FormOfPuddle+1","floor":26},{"not_picked":["Slimebound:SamplingLick","Slimebound:SplitBruiser+1","Slimebound:ComboTackle"],"picked":"Slimebound:SplitLeeching","floor":27},{"not_picked":["Slimebound:SlimeBarrage","Slimebound:LeechingTouch","Slimebound:RollThrough+1"],"picked":"Slimebound:LevelUp+1","floor":28},{"not_picked":["Slimebound:SplitMire","Slimebound:GoopSpray","Slimebound:LeechingTouch+1","Slimebound:Schlurp+1"],"picked":"SKIP","floor":30},{"not_picked":["Slimebound:SplitAcid","Slimebound:LeechLife","Slimebound:RejuvenatingLick+1"],"picked":"Slimebound:LevelUp","floor":31},{"not_picked":["Slimebound:SplitLeeching","Slimebound:LevelUp","Slimebound:BestDefense","Slimebound:Repurpose"],"picked":"SKIP","floor":32}],"player_experience":214278,"relics_obtained":[{"floor":5,"key":"Question Card"},{"floor":7,"key":"War Paint"},{"floor":24,"key":"Shuriken"}],"event_choices":[{"damage_healed":0,"gold_gain":0,"player_choice":"Box","damage_taken":0,"relics_obtained":["CeramicFish"],"max_hp_gain":0,"max_hp_loss":0,"event_name":"Big Fish","floor":8,"gold_loss":0,"cards_obtained":["Regret"]},{"damage_healed":0,"gold_gain":0,"player_choice":"Got Potions","damage_taken":0,"max_hp_gain":0,"max_hp_loss":0,"event_name":"Lab","floor":21,"gold_loss":0}],"is_beta":false,"boss_relics":[{"not_picked":["Coffee Dripper","Tiny House"],"picked":"Sozu"}],"items_purged_floors":[12,26,31],"is_endless":false,"potions_floor_spawned":[4,6,15,16,20,23,27,28,32],"killed_by":"downfall:Defect","ascension_level":0}}