{"host":"vlqejv0notyktumz","time":1608931498,"event":{"mods":["AchievementEnabler","BaseMod","Googly Eyes","Minty Spire (QoL Compilation)"],"gold_per_floor":[117,117,135,146,221,36,36,46,46,46,58,22,42,100,100,201,201,220,29,29,29,42,42,42,42,42,42,67,80,80,96,96,194,194,208,54,66,79,94,123,123,123,123,23,38,38,50,77,77,77],"floor_reached":51,"playtime":1546,"items_purged":["Strike_G","Writhe"],"score":1054,"play_id":"abf9da07-db02-4eb6-9073-ae9561d81b0b","local_time":"20201225152458","is_ascension_mode":true,"campfire_choices":[{"data":"Blur","floor":7,"key":"SMITH"},{"data":"1","floor":10,"key":"LIFT"},{"data":"2","floor":15,"key":"LIFT"},{"data":"3","floor":23,"key":"LIFT"},{"data":"Terror","floor":24,"key":"SMITH"},{"data":"Defend_G","floor":27,"key":"SMITH"},{"data":"Riddle With Holes","floor":30,"key":"SMITH"},{"floor":32,"key":"REST"},{"data":"Footwork","floor":41,"key":"SMITH"},{"data":"Footwork","floor":46,"key":"SMITH"},{"floor":49,"key":"REST"}],"circlet_count":0,"master_deck":["Strike_G","Strike_G","Strike_G","Strike_G","Defend_G","Defend_G","Defend_G","Defend_G","Defend_G+1","Survivor+1","Neutralize+1","Riddle With Holes+1","Slice","Blur+1","Footwork+1","Sucker Punch","Terror+1","Blade Dance","Footwork+1","Blur+1","Adrenaline","Riddle With Holes+1"],"relics":["Ring of the Snake","Girya","WingedGreaves","Busted Crown","Bag of Marbles","Lantern","Orichalcum","Mummified Hand","Runic Pyramid","Bronze Scales","HornCleat","Ninja Scroll","Vajra"],"acts_visited":["Exordium","TheCity","TheBeyond"],"potions_floor_usage":[22,33,48],"damage_taken":[{"damage":0,"enemies":"Small Slimes","floor":1,"turns":3},{"damage":0,"enemies":"Cultist","floor":3,"turns":5},{"damage":0,"enemies":"Jaw Worm","floor":4,"turns":4},{"damage":0,"enemies":"Red Slaver","floor":8,"turns":7},{"damage":10,"enemies":"3 Louse","floor":11,"turns":4},{"damage":0,"enemies":"Exordium Thugs","floor":13,"turns":4},{"damage":7,"enemies":"Lagavulin Event","floor":14,"turns":6},{"damage":6,"enemies":"Hexaghost","floor":16,"turns":11},{"damage":1,"enemies":"Spheric Guardian","floor":18,"turns":3},{"damage":0,"enemies":"Shell Parasite","floor":22,"turns":4},{"damage":23,"enemies":"Slavers","floor":28,"turns":8},{"damage":0,"enemies":"Centurion and Healer","floor":29,"turns":5},{"damage":5,"enemies":"Sentry and Sphere","floor":31,"turns":5},{"damage":0,"enemies":"Champ","floor":33,"turns":13},{"damage":0,"enemies":"Orb Walker","floor":35,"turns":2},{"damage":0,"enemies":"3 Darklings","floor":37,"turns":8},{"damage":0,"enemies":"4 Shapes","floor":38,"turns":5},{"damage":0,"enemies":"Sphere and 2 Shapes","floor":39,"turns":7},{"damage":16,"enemies":"Nemesis","floor":40,"turns":7},{"damage":6,"enemies":"3 Darklings","floor":45,"turns":6},{"damage":0,"enemies":"Spire Growth","floor":47,"turns":4},{"damage":22,"enemies":"Giant Head","floor":48,"turns":7},{"damage":6,"enemies":"Time Eater","floor":50,"turns":11}],"seed_played":"6017298685761913476","potions_obtained":[{"floor":8,"key":"FearPotion"},{"floor":14,"key":"SkillPotion"},{"floor":16,"key":"PowerPotion"},{"floor":22,"key":"GhostInAJar"},{"floor":29,"key":"Energy Potion"},{"floor":33,"key":"SkillPotion"},{"floor":39,"key":"CunningPotion"},{"floor":48,"key":"GhostInAJar"}],"is_trial":false,"path_per_floor":["M","?","M","M","?","$","R","M","T","R","M","$","M","?","R","B",null,"M","$","?","$","M","R","R","?","T","R","E","M","R","M","R","B",null,"M","$","M","M","M","E","R","?","T","$","M","R","M","E","R","B",null],"character_chosen":"THE_SILENT","items_purchased":["Blur","Footwork","Terror","Bag of Marbles","Footwork","Bronze Scales"],"campfire_rested":2,"item_purchase_floors":[6,6,12,19,19,36],"current_hp_per_floor":[63,63,63,63,56,56,56,56,56,56,46,46,46,39,39,33,61,60,60,60,60,60,60,60,60,60,60,37,37,37,32,53,53,66,66,66,66,66,66,50,50,68,68,68,62,62,62,40,61,55],"gold":77,"neow_bonus":"UPGRADE_CARD","is_daily":false,"chose_seed":false,"campfire_upgraded":6,"win_rate":0.0,"timestamp":1608931498,"path_taken":["M","?","?","M","?","$","R","M","T","R","M","$","?","?","R","BOSS","M","$","?","?","?","R","R","?","T","R","E","?","R","M","R","BOSS","M","$","M","M","M","E","R","?","T","$","M","R","M","E","R","BOSS"],"items_purchased_type":["Card","Card","Card","Relic","Card","Relic"],"build_version":"2020-12-22","purchased_purges":2,"victory":true,"max_hp_per_floor":[70,70,70,70,70,70,70,70,70,70,70,70,70,70,70,70,70,70,70,70,70,70,70,70,70,70,70,70,70,70,70,70,70,70,70,70,70,70,70,70,70,70,70,70,70,70,70,70,70,70],"card_choices":[{"not_picked":["Blade Dance","Bane","Outmaneuver"],"picked":"SKIP","floor":1},{"not_picked":["Dagger Spray","Slice"],"picked":"Riddle With Holes","floor":3},{"not_picked":["Deflect","Acrobatics"],"picked":"Slice","floor":4},{"not_picked":["Backflip","Caltrops","Blade Dance"],"picked":"SKIP","floor":8},{"not_picked":["Outmaneuver","Cloak And Dagger"],"picked":"Sucker Punch","floor":11},{"not_picked":["Catalyst","Doppelganger"],"picked":"Blade Dance","floor":13},{"not_picked":["Acrobatics"],"picked":"SKIP","floor":18},{"not_picked":["Prepared"],"picked":"SKIP","floor":22},{"not_picked":["Dagger Throw"],"picked":"SKIP","floor":28},{"not_picked":["Underhanded Strike+1"],"picked":"SKIP","floor":29},{"not_picked":["Calculated Gamble+1"],"picked":"SKIP","floor":31},{"not_picked":[],"picked":"Adrenaline","floor":33},{"not_picked":["Calculated Gamble"],"picked":"SKIP","floor":35},{"not_picked":["Deflect"],"picked":"SKIP","floor":37},{"not_picked":["Bane"],"picked":"SKIP","floor":38},{"not_picked":["Terror+1"],"picked":"SKIP","floor":39},{"not_picked":["Dodge and Roll"],"picked":"SKIP","floor":40},{"not_picked":[],"picked":"Riddle With Holes+1","floor":45},{"not_picked":["Deadly Poison"],"picked":"SKIP","floor":47},{"not_picked":["Cloak And Dagger"],"picked":"SKIP","floor":48}],"player_experience":277122,"relics_obtained":[{"floor":9,"key":"Girya"},{"floor":14,"key":"WingedGreaves"},{"floor":26,"key":"Orichalcum"},{"floor":28,"key":"Mummified Hand"},{"floor":40,"key":"HornCleat"},{"floor":43,"key":"Ninja Scroll"},{"floor":48,"key":"Vajra"}],"event_choices":[{"damage_healed":0,"gold_gain":0,"player_choice":"Forge","damage_taken":0,"max_hp_gain":0,"max_hp_loss":0,"event_name":"Accursed Blacksmith","floor":2,"gold_loss":0,"cards_upgraded":["Survivor"]},{"damage_healed":0,"gold_gain":75,"player_choice":"Touch","damage_taken":7,"max_hp_gain":0,"max_hp_loss":0,"event_name":"FaceTrader","floor":5,"gold_loss":0},{"damage_healed":0,"gold_gain":0,"player_choice":"Searched \u00271\u0027 times","damage_taken":0,"max_hp_gain":0,"max_hp_loss":0,"event_name":"Dead Adventurer","floor":14,"gold_loss":0},{"damage_healed":0,"gold_gain":0,"player_choice":"Copied","damage_taken":0,"max_hp_gain":0,"max_hp_loss":0,"event_name":"Duplicator","floor":20,"gold_loss":0,"cards_obtained":["Blur"]},{"damage_healed":0,"gold_gain":0,"player_choice":"Gave Potion","damage_taken":0,"relics_obtained":["Lantern"],"max_hp_gain":0,"max_hp_loss":0,"event_name":"WeMeetAgain","floor":25,"gold_loss":0},{"damage_healed":18,"gold_gain":0,"player_choice":"Writhe","damage_taken":0,"max_hp_gain":0,"max_hp_loss":0,"event_name":"Winding Halls","floor":42,"gold_loss":0,"cards_obtained":["Writhe"]}],"is_beta":false,"boss_relics":[{"not_picked":["SacredBark","Velvet Choker"],"picked":"Busted Crown"},{"not_picked":["Pandora\u0027s Box","Cursed Key"],"picked":"Runic Pyramid"}],"items_purged_floors":[6,44],"is_endless":false,"potions_floor_spawned":[8,14,16,22,29,33,39,48],"ascension_level":8}}