{"host":"dntw6kil9p09eemm","time":1608881110,"event":{"mods":["Alarm Clock","Aspiration","BaseMod","Colored Powertips","Downfall","Hermit","Hubris","Minty Spire (QoL Compilation)","Permanent Neow","Shop Mod","Spicy Shops","StSLib"],"gold_per_floor":[117,130,205,220,235,266,285,285,285,300,316,416,234,234,234,234],"floor_reached":14,"playtime":754,"items_purged":[],"score":94,"play_id":"f4b1c494-dad9-4afb-8a6c-2037817fd922","local_time":"20201225162510","is_ascension_mode":false,"campfire_choices":[{"floor":8,"key":"REST"}],"circlet_count":0,"master_deck":["champ:Strike","champ:Strike","champ:Strike","champ:Strike","champ:Defend","champ:Defend","champ:Defend","champ:Defend","champ:Execute","champ:Taunt","champ:TornadoPunch","champ:BerserkersShout","champ:RisingSlash","champ:StanceDance","champ:Haymaker","champ:Haymaker"],"relics":["champ:ChampionCrown","Boot","Anchor","MerchantsRug","hubris:OldNail"],"acts_visited":["Exordium"],"potions_floor_usage":[],"damage_taken":[{"damage":16,"enemies":"Cultist","floor":1,"turns":4},{"damage":1,"enemies":"2 Louse","floor":2,"turns":2},{"damage":6,"enemies":"Jaw Worm","floor":4,"turns":4},{"damage":33,"enemies":"Blue Slaver","floor":5,"turns":6},{"damage":54,"enemies":"3 Sentries","floor":6,"turns":6},{"damage":6,"enemies":"Lots of Slimes","floor":7,"turns":2},{"damage":16,"enemies":"2 Fungi Beasts","floor":10,"turns":3},{"damage":30,"enemies":"Large Slime","floor":11,"turns":6},{"damage":48,"enemies":"Gremlin Nob","floor":14,"turns":4}],"seed_played":"-3972641886648576900","potions_obtained":[{"floor":2,"key":"Dexterity Potion"},{"floor":5,"key":"Swift Potion"},{"floor":10,"key":"FearPotion"}],"is_trial":false,"path_per_floor":["M","M","?","M","M","E","M","R","T","M","M","?","$","E"],"character_chosen":"THE_CHAMP","items_purchased":["MerchantsRug","hubris:OldNail"],"campfire_rested":1,"item_purchase_floors":[13,13],"current_hp_per_floor":[84,83,74,71,55,20,20,47,47,40,20,20,20,0,0,0],"gold":234,"neow_bonus":"RANDOM_COMMON_RELIC","is_daily":false,"chose_seed":false,"campfire_upgraded":0,"win_rate":0.0,"timestamp":1608881110,"path_taken":["M","M","?","M","M","E","?","R","T","M","M","?","$","E"],"items_purchased_type":["Relic","Relic"],"build_version":"2020-12-22","purchased_purges":0,"victory":false,"max_hp_per_floor":[90,90,90,90,90,90,90,90,90,90,92,92,92,92,92,92],"card_choices":[{"not_picked":["champ:AdrenalArmor","champ:ShieldSigil"],"picked":"champ:TornadoPunch","floor":1},{"not_picked":["champ:FalseCounter","champ:Backstep"],"picked":"champ:BerserkersShout","floor":2},{"not_picked":["champ:HeartStrike","champ:GutPunch"],"picked":"champ:RisingSlash","floor":4},{"not_picked":["champ:RapidStrikes","champ:FightOn"],"picked":"champ:StanceDance","floor":5},{"not_picked":["champ:EnragedBash","champ:TornadoPunch"],"picked":"champ:Haymaker","floor":6},{"not_picked":["champ:Backstep","champ:GladiatorsShout","champ:SwordSigil"],"picked":"SKIP","floor":7},{"not_picked":["champ:HeavySlash","champ:DefensiveShout"],"picked":"champ:Haymaker","floor":10},{"not_picked":["champ:ArenaPreparation","champ:CrookedStrike","champ:Circumvent"],"picked":"Singing Bowl","floor":11}],"player_experience":448112,"relics_obtained":[{"floor":6,"key":"Anchor"},{"floor":9,"key":"Singing Bowl"}],"event_choices":[{"damage_healed":0,"gold_gain":75,"player_choice":"Touch","damage_taken":9,"max_hp_gain":0,"max_hp_loss":0,"event_name":"FaceTrader","floor":3,"gold_loss":0},{"damage_healed":0,"gold_gain":100,"player_choice":"Gold","damage_taken":0,"max_hp_gain":0,"max_hp_loss":0,"event_name":"Wheel of Change","floor":12,"gold_loss":0}],"is_beta":false,"boss_relics":[],"items_purged_floors":[],"is_endless":false,"potions_floor_spawned":[2,5,10],"killed_by":"Gremlin Nob","ascension_level":0}}