{"host":"nox","time":1608906352,"event":{"mods":["Act Like it!","Aspiration","BaseMod","Better Altar","Better Match","Better Note","Better Sensory Stone","Better Skull","Better Third Choice","BetterRewards","Colored Powertips","Conspire","Energized Spire","GifTheSpireLib","Hubris","Infinite Spire","Minty Spire (QoL Compilation)","Pale of the Ancients","Quick Restart","Rare Cards Sparkle","Replay The Spire","Shop Mod","Spikes Relics","StSLib","Stuff the Spire","SuperFastMode","The Alterego","vexMod"],"gold_per_floor":[117,117,132,147,165,165,190,190,190,210,243,243,243,257,257,354,354,369,309,329,339,362,362,362],"floor_reached":23,"playtime":799,"items_purged":[],"score":274,"play_id":"eb460af2-2adc-49d2-8aad-a2d133ed385e","local_time":"20201225212552","is_ascension_mode":true,"campfire_choices":[{"floor":6.0,"key":"REST"},{"data":"Dualcast","floor":8.0,"key":"SMITH"},{"data":"Lockon","floor":13.0,"key":"SMITH"},{"floor":15.0,"key":"RECALL"}],"circlet_count":0,"master_deck":["Strike_B+1","Strike_B+1","Strike_B","Strike_B","Defend_B","Defend_B","Defend_B+1","Defend_B+1","Zap+1","Dualcast+1","Capacitor","Ball Lightning","StuffTheSpire:LoadUp","Lockon+1","Biased Cognition","Static Discharge+1","Rip and Tear+1"],"relics":["Cracked Core","aspiration:Nostalgia","Burning Blood","Darkstone Periapt","StuffTheSpire:Gunfinga","vexMod:CursedCompass","Replay:Antivirus Software"],"acts_visited":["Exordium","TheCity"],"potions_floor_usage":[23],"damage_taken":[{"damage":1.0,"enemies":"conspire:RoseBush","floor":1.0,"turns":3.0},{"damage":0.0,"enemies":"infinitespire:Voidling","floor":3.0,"turns":2.0},{"damage":0.0,"enemies":"Small Slimes","floor":4.0,"turns":2.0},{"damage":9.0,"enemies":"2 Fungi Beasts","floor":5.0,"turns":3.0},{"damage":8.0,"enemies":"Gremlin Nob","floor":7.0,"turns":3.0},{"damage":7.0,"enemies":"Exordium Wildlife","floor":10.0,"turns":3.0},{"damage":7.0,"enemies":"Replay:BlueRogue","floor":11.0,"turns":4.0},{"damage":10.0,"enemies":"Large Slime","floor":14.0,"turns":2.0},{"damage":25.0,"enemies":"Fading Forest","floor":16.0,"turns":11.0},{"damage":0.0,"enemies":"Spheric Guardian","floor":18.0,"turns":3.0},{"damage":34.0,"enemies":"2 Thieves","floor":20.0,"turns":3.0},{"damage":25.0,"enemies":"Sentry and Sphere","floor":21.0,"turns":4.0},{"damage":19,"enemies":"Nightmare","floor":23,"turns":3}],"seed_played":"-3293344536742842057","potions_obtained":[{"floor":1.0,"key":"ColorlessPotion"},{"floor":4.0,"key":"SpeedPotion"},{"floor":5.0,"key":"EssenceOfSteel"},{"floor":11.0,"key":"Ancient Potion"},{"floor":14.0,"key":"Swift Potion"},{"floor":20.0,"key":"AttackPotion"}],"is_trial":false,"path_per_floor":["M","?","M","M","M","R","E","R","T","M","E","?","R","M","R","B",null,"M","?","M","M","T","NM"],"character_chosen":"DEFECT","items_purchased":[],"campfire_rested":1,"item_purchase_floors":[],"current_hp_per_floor":[73,2,8,14,11,33,31,31,31,30,29,37,37,33,33,14,60,66,66,38,19,19,0,0],"gold":362,"neow_bonus":"NOSTALGIA","is_daily":false,"chose_seed":false,"campfire_upgraded":2,"win_rate":0.0,"timestamp":1608906352,"path_taken":["M","?","M","?","M","R","E","R","T","M","E","?","R","M","R","BOSS","M","?","M","M","?","NM"],"items_purchased_type":[],"build_version":"2020-11-17","purchased_purges":0,"victory":false,"max_hp_per_floor":[75,75,75,75,75,75,75,75,75,75,75,75,75,75,75,75,75,75,75,75,75,75,75,75],"card_choices":[{"not_picked":["Hologram","Go for the Eyes"],"picked":"Capacitor","floor":1.0},{"not_picked":["Beam Cell","Undo","Steam"],"picked":"SKIP","floor":3.0},{"not_picked":["Fusion","Turbo"],"picked":"Ball Lightning","floor":4.0},{"not_picked":["Doom and Gloom","Static Discharge"],"picked":"StuffTheSpire:LoadUp","floor":5.0},{"not_picked":["ReplayTheSpireMod:Repulse","Conserve Battery","Steam"],"picked":"SKIP","floor":7.0},{"not_picked":["Recycle","Scrape"],"picked":"Lockon","floor":10.0},{"not_picked":["StuffTheSpire:LaunchingStrike","hubris:SpecializedCircuitry","Go for the Eyes"],"picked":"SKIP","floor":11.0},{"not_picked":["Compile Driver","StuffTheSpire:LoadUp","Steam"],"picked":"SKIP","floor":14.0},{"not_picked":["hubris:Prefetch","ReplayRNGCard"],"picked":"Biased Cognition","floor":16.0},{"not_picked":["Blizzard","Coolheaded+1"],"picked":"Static Discharge+1","floor":18.0},{"not_picked":["Hologram","Gash+1","Redo"],"picked":"SKIP","floor":20.0},{"not_picked":["Hologram","Gash+1","Redo"],"picked":"SKIP","floor":20.0},{"not_picked":["Hologram","Gash+1","Redo"],"picked":"SKIP","floor":20.0},{"not_picked":["Darkness","Aggregate+1"],"picked":"Rip and Tear+1","floor":21.0}],"player_experience":254020,"relics_obtained":[{"floor":7.0,"key":"Darkstone Periapt"},{"floor":11.0,"key":"StuffTheSpire:Gunfinga"},{"floor":22.0,"key":"Replay:Antivirus Software"}],"event_choices":[{"damage_healed":0.0,"max_hp_gain":0.0,"max_hp_loss":0.0,"gold_gain":0.0,"event_name":"betterSkull:BetterSkull","player_choice":"UP UP UP UP UP ","floor":2.0,"gold_loss":0.0,"damage_taken":81.0,"cards_upgraded":["Strike_B","Strike_B","Zap","Defend_B","Defend_B"],"relics_obtained":[]}],"is_beta":true,"boss_relics":[{"not_picked":["conspire:RunicOctahedron","StuffTheSpire:ModemDavis"],"picked":"vexMod:CursedCompass"}],"items_purged_floors":[],"is_endless":false,"potions_floor_spawned":[1,4,5,11,14,20],"killed_by":"Nightmare","ascension_level":7}}