{"host":"f5gffvlv6a66yqkd","time":1608907247,"event":{"mods":["2.2 Compatiblity","BaseMod","Colored Map","DeckTracker","Keyboard Shortcuts","Minty Spire (QoL Compilation)","Permanent Neow","Quick Restart","Relic Stats","StSLib","SuperFastMode"],"gold_per_floor":[359,359,377,302,302,302,318,318,318,337,351,364,364,389,389,463,463,473,491,516,516,531,531,545,545,545,545,555,555,566,581,581,655,655,674,674,153,173,189,220,220,248,248,248,289,289,61,77,77,77,77,77,77,77,108,108,108],"floor_reached":56,"playtime":2025,"items_purged":["Strike_P","LikeWater","BowlingBash+1"],"score":1952,"play_id":"cfd08562-85d5-4566-a237-14a4d2c4feac","local_time":"20201225234047","is_ascension_mode":true,"campfire_choices":[{"data":"Eruption","floor":6.0,"key":"SMITH"},{"data":"Pray","floor":8.0,"key":"SMITH"},{"data":"Brilliance","floor":15.0,"key":"SMITH"},{"floor":23.0,"key":"REST"},{"data":"Tantrum","floor":25.0,"key":"SMITH"},{"data":"Scrawl","floor":27.0,"key":"SMITH"},{"data":"Evaluate","floor":29.0,"key":"SMITH"},{"data":"BowlingBash","floor":32.0,"key":"SMITH"},{"data":"Prostrate","floor":41.0,"key":"SMITH"},{"data":"MentalFortress","floor":44.0,"key":"SMITH"},{"floor":49.0,"key":"RECALL"},{"data":"MentalFortress","floor":53.0,"key":"SMITH"}],"circlet_count":0,"master_deck":["AscendersBane","Eruption+1","Vigilance","Pray+1","Brilliance+1","EmptyFist","Scrawl+1","FearNoEvil","Tantrum+1","Evaluate+1","Vault","Crescendo","Wish","DevaForm","Crescendo","MentalFortress+1","MentalFortress+1","Prostrate+1","Impatience","Thinking Ahead","Flash of Steel"],"relics":["PureWater","Gremlin Horn","Blood Vial","SlaversCollar","Pen Nib","InkBottle","Pandora\u0027s Box","Happy Flower","Damaru","Boot","Bag of Preparation","Lantern"],"acts_visited":["Exordium","TheCity","TheBeyond","TheBeyond","TheEnding"],"potions_floor_usage":[],"damage_taken":[{"damage":16.0,"enemies":"Small Slimes","floor":1.0,"turns":5.0},{"damage":0.0,"enemies":"Cultist","floor":3.0,"turns":3.0},{"damage":6.0,"enemies":"Jaw Worm","floor":7.0,"turns":2.0},{"damage":8.0,"enemies":"3 Louse","floor":10.0,"turns":4.0},{"damage":6.0,"enemies":"Looter","floor":11.0,"turns":2.0},{"damage":0.0,"enemies":"Gremlin Gang","floor":12.0,"turns":2.0},{"damage":17.0,"enemies":"The Guardian","floor":16.0,"turns":9.0},{"damage":0.0,"enemies":"Spheric Guardian","floor":18.0,"turns":3.0},{"damage":51.0,"enemies":"Chosen","floor":19.0,"turns":6.0},{"damage":0.0,"enemies":"3 Cultists","floor":22.0,"turns":4.0},{"damage":3.0,"enemies":"Centurion and Healer","floor":24.0,"turns":4.0},{"damage":0.0,"enemies":"Snecko","floor":28.0,"turns":2.0},{"damage":23.0,"enemies":"Snake Plant","floor":30.0,"turns":4.0},{"damage":0.0,"enemies":"3 Cultists","floor":31.0,"turns":2.0},{"damage":5.0,"enemies":"Automaton","floor":33.0,"turns":8.0},{"damage":0.0,"enemies":"3 Darklings","floor":35.0,"turns":2.0},{"damage":5.0,"enemies":"3 Shapes","floor":38.0,"turns":4.0},{"damage":0.0,"enemies":"Sphere and 2 Shapes","floor":39.0,"turns":2.0},{"damage":9.0,"enemies":"Nemesis","floor":40.0,"turns":4.0},{"damage":0.0,"enemies":"Reptomancer","floor":42.0,"turns":3.0},{"damage":11.0,"enemies":"Jaw Worm Horde","floor":45.0,"turns":3.0},{"damage":0.0,"enemies":"4 Shapes","floor":48.0,"turns":2.0},{"damage":10.0,"enemies":"Donu and Deca","floor":50.0,"turns":5.0},{"damage":0.0,"enemies":"Awakened One","floor":51.0,"turns":7.0},{"damage":26.0,"enemies":"Shield and Spear","floor":55.0,"turns":6.0},{"damage":51,"enemies":"The Heart","floor":56,"turns":3}],"seed_played":"-8059828402036259794","potions_obtained":[{"floor":7.0,"key":"FearPotion"},{"floor":10.0,"key":"Fire Potion"},{"floor":12.0,"key":"Dexterity Potion"},{"floor":19.0,"key":"Fruit Juice"},{"floor":22.0,"key":"Dexterity Potion"},{"floor":28.0,"key":"DistilledChaos"},{"floor":33.0,"key":"LiquidMemories"}],"is_trial":false,"path_per_floor":["M","?","M","$","?","R","M","R","T","M","M","M","?","T","R","B",null,"M","M","T","?","M","R","M","R","T","R","M","R","M","M","R","B",null,"M","?","$","M","M","E","R","E","T","R","M","?","$","M","R","B","B",null,"R","$","E","B"],"character_chosen":"WATCHER","items_purchased":["MentalFortress","Happy Flower","Damaru","SteroidPotion","Flash of Steel"],"campfire_rested":1,"item_purchase_floors":[37,37,37,37,47],"current_hp_per_floor":[45,45,45,45,45,45,39,39,39,31,25,25,25,25,25,10,54,56,7,7,7,14,35,34,34,34,34,36,36,15,17,17,14,69,71,71,71,68,70,63,63,65,65,65,56,46,46,48,48,40,42,65,65,65,41,0,0],"gold":108,"neow_bonus":"TWO_FIFTY_GOLD","is_daily":false,"chose_seed":false,"campfire_upgraded":10,"win_rate":0.0,"timestamp":1608907247,"path_taken":["M","?","M","?","?","R","M","R","T","M","M","M","?","?","R","BOSS","M","?","?","?","M","R","M","R","T","R","M","R","M","M","R","BOSS","M","?","$","M","M","E","R","E","T","R","M","?","$","M","R","BOSS","BOSS","R","$","E","BOSS"],"items_purchased_type":["Card","Relic","Relic","Potion","Card"],"build_version":"2020-12-22","purchased_purges":3,"victory":false,"max_hp_per_floor":[68,68,68,68,68,68,68,68,68,68,68,68,68,68,68,68,68,68,68,68,68,73,73,73,73,73,73,73,73,73,73,73,73,73,73,73,73,73,73,73,73,73,73,73,73,73,73,73,73,73,73,73,73,73,73,73,73],"relic_stats":{"Blood Vial":40,"Gremlin Horn":[32,32],"Happy Flower":[13],"counters":[26,101],"Pandora\u0027s Box":["LikeWater","Crescendo","Wish","DevaForm","Crescendo","Fasting2"],"Pen Nib":[17],"Bag of Preparation":[12],"Boot":[80],"obtain_stats":[{"Blood Vial":14,"SlaversCollar":17,"Lantern":55,"Gremlin Horn":9,"Happy Flower":37,"Damaru":37,"Pandora\u0027s Box":34,"Pen Nib":20,"Bag of Preparation":42,"PureWater":0,"Boot":40,"InkBottle":26},{"Blood Vial":6,"SlaversCollar":7,"Lantern":25,"Gremlin Horn":3,"Happy Flower":16,"Damaru":16,"Pandora\u0027s Box":15,"Pen Nib":9,"Bag of Preparation":20,"PureWater":0,"Boot":19,"InkBottle":11},{"Blood Vial":18,"SlaversCollar":27,"Lantern":98,"Gremlin Horn":10,"Happy Flower":62,"Damaru":62,"Pandora\u0027s Box":60,"Pen Nib":36,"Bag of Preparation":75,"PureWater":0,"Boot":72,"InkBottle":44}],"InkBottle":[36]},"card_choices":[{"not_picked":["FlyingSleeves","Nirvana"],"picked":"BowlingBash","floor":1.0},{"not_picked":["FollowUp","Wireheading","WaveOfTheHand"],"picked":"SKIP","floor":3.0},{"not_picked":["Consecrate","PathToVictory"],"picked":"Pray","floor":7.0},{"not_picked":["CutThroughFate","EmptyMind"],"picked":"Brilliance","floor":10.0},{"not_picked":["CarveReality","WaveOfTheHand"],"picked":"EmptyFist","floor":11.0},{"not_picked":["SashWhip","FlurryOfBlows","Crescendo"],"picked":"SKIP","floor":12.0},{"not_picked":["DeusExMachina","Blasphemy"],"picked":"Scrawl","floor":16.0},{"not_picked":["Nirvana","JustLucky","ThirdEye"],"picked":"SKIP","floor":18.0},{"not_picked":["BowlingBash","ThirdEye","ClearTheMind"],"picked":"SKIP","floor":19.0},{"not_picked":["Consecrate","ThirdEye"],"picked":"FearNoEvil","floor":22.0},{"not_picked":["Weave+1","ClearTheMind"],"picked":"Tantrum","floor":24.0},{"not_picked":["Weave","FlurryOfBlows"],"picked":"Evaluate","floor":28.0},{"not_picked":["ClearTheMind+1","FlyingSleeves","Swivel"],"picked":"SKIP","floor":30.0},{"not_picked":["Wireheading","ConjureBlade","ThirdEye"],"picked":"SKIP","floor":31.0},{"not_picked":["Devotion","Ragnarok"],"picked":"Vault","floor":33.0},{"not_picked":["CutThroughFate","BattleHymn+1","SandsOfTime+1"],"picked":"SKIP","floor":35.0},{"not_picked":["Conclude","BattleHymn"],"picked":"MentalFortress","floor":38.0},{"not_picked":["FollowUp+1","Conclude"],"picked":"Prostrate","floor":39.0},{"not_picked":["ForeignInfluence","Fasting2+1","Wireheading"],"picked":"SKIP","floor":40.0},{"not_picked":["ForeignInfluence","Fasting2+1","Wireheading"],"picked":"SKIP","floor":40.0},{"not_picked":["Conclude","SignatureMove","Evaluate+1"],"picked":"SKIP","floor":42.0},{"not_picked":["Establishment","DeceiveReality+1","CarveReality+1"],"picked":"SKIP","floor":45.0},{"not_picked":["Purity","Swift Strike"],"picked":"Impatience","floor":46.0},{"not_picked":["Finesse","Discovery"],"picked":"Thinking Ahead","floor":46.0},{"not_picked":["JustLucky+1","SashWhip","CrushJoints+1"],"picked":"SKIP","floor":48.0},{"not_picked":["Pray","Swivel+1","Crescendo"],"picked":"SKIP","floor":55.0}],"player_experience":1482504,"relics_obtained":[{"floor":9.0,"key":"Gremlin Horn"},{"floor":14.0,"key":"Blood Vial"},{"floor":20.0,"key":"Pen Nib"},{"floor":26.0,"key":"InkBottle"},{"floor":40.0,"key":"Boot"},{"floor":42.0,"key":"Bag of Preparation"},{"floor":55.0,"key":"Lantern"}],"event_choices":[{"cards_removed":["Pain"],"damage_healed":0.0,"max_hp_gain":0.0,"max_hp_loss":0.0,"gold_gain":0.0,"event_name":"Purifier","player_choice":"Purged","floor":2.0,"gold_loss":0.0,"damage_taken":0.0},{"damage_healed":0.0,"max_hp_gain":0.0,"max_hp_loss":0.0,"gold_gain":0.0,"event_name":"Liars Game","player_choice":"Ignored","floor":5.0,"gold_loss":0.0,"damage_taken":0.0},{"damage_healed":0.0,"max_hp_gain":0.0,"max_hp_loss":0.0,"gold_gain":0.0,"event_name":"Shining Light","player_choice":"Ignored","floor":13.0,"gold_loss":0.0,"damage_taken":0.0},{"cards_removed":["Strike_P"],"damage_healed":0.0,"max_hp_gain":0.0,"max_hp_loss":0.0,"gold_gain":0.0,"event_name":"Back to Basics","player_choice":"Elegance","floor":21.0,"gold_loss":0.0,"damage_taken":0.0},{"cards_removed":["Fasting2"],"damage_healed":0.0,"max_hp_gain":0.0,"max_hp_loss":0.0,"gold_gain":0.0,"event_name":"Falling","player_choice":"Removed Power","floor":36.0,"gold_loss":0.0,"damage_taken":0.0},{"damage_healed":0.0,"max_hp_gain":0.0,"max_hp_loss":0.0,"gold_gain":0.0,"event_name":"SensoryStone","player_choice":"Memory 3","floor":46.0,"gold_loss":0.0,"damage_taken":10.0}],"is_beta":false,"boss_relics":[{"not_picked":["Snecko Eye","Calling Bell"],"picked":"SlaversCollar"},{"not_picked":["Black Star","Velvet Choker"],"picked":"Pandora\u0027s Box"}],"items_purged_floors":[4,37,47],"is_endless":false,"potions_floor_spawned":[7,10,12,19,22,28,33,40,45],"killed_by":"The Heart","ascension_level":20}}