{"host":"gkh5j5k5w4qf7k7n","time":1608875857,"event":{"mods":["2.2 Compatiblity","AchievementEnabler","Arknights The Spire","BaseMod","Colored Map","Colored Powertips","GifTheSpireLib","Keyboard Shortcuts","Minty Spire (QoL Compilation)","Quick Restart","StSLib","SuperFastMode","The Construct","The Dragon Tamer","The Marked","TheBandit","¡¼?Úª?ø«¡½REMEMod"],"gold_per_floor":[119,49,69,86,102,102,102,5,50,63,75,75,75],"floor_reached":12,"playtime":542,"items_purged":[],"score":72,"play_id":"c7f492d1-43ed-4f39-b8c5-a89632f1b229","local_time":"20201225145737","is_ascension_mode":false,"campfire_choices":[{"data":"ats:Thorns","floor":6,"key":"SMITH"}],"circlet_count":0,"master_deck":["ats:Strike C","ats:Strike G","ats:Strike V","ats:Armor Crushing Shot","ats:Defend","ats:Defend","ats:Defend","ats:Defend","ats:Emotion Absorption","ats:Durian","Fire Breathing","ats:Closed Bolt Burst Fire","ats:Thorns+1","REME_FirmDetermination","ats:Defend Order"],"relics":["ats:Sanity","REME_ComplimentaryCards","GremlinMask"],"acts_visited":["Exordium"],"potions_floor_usage":[10,11,12],"damage_taken":[{"damage":13,"enemies":"Jaw Worm","floor":1,"turns":6},{"damage":10,"enemies":"Cultist","floor":3,"turns":3},{"damage":3,"enemies":"Small Slimes","floor":4,"turns":4},{"damage":20,"enemies":"Exordium Thugs","floor":5,"turns":6},{"damage":0,"enemies":"Looter","floor":10,"turns":3},{"damage":8,"enemies":"Gremlin Gang","floor":11,"turns":5},{"damage":20,"enemies":"Gremlin Nob","floor":12,"turns":3}],"seed_played":"1526917731995719411","potions_obtained":[{"floor":3,"key":"SneckoOil"},{"floor":5,"key":"AttackPotion"},{"floor":10,"key":"Swift Potion"}],"is_trial":false,"path_per_floor":["M","$","M","M","M","R","?","$","T","M","M","E"],"character_chosen":"DOCTOR_CLASS","items_purchased":["ats:Thorns","REME_FirmDetermination"],"campfire_rested":0,"item_purchase_floors":[2,8],"current_hp_per_floor":[59,59,49,46,26,26,26,26,26,26,18,0,0],"gold":75,"neow_bonus":"TRANSFORM_CARD","is_daily":false,"chose_seed":false,"campfire_upgraded":1,"win_rate":0.0,"timestamp":1608875857,"path_taken":["M","$","M","M","M","R","?","$","T","M","?","E"],"items_purchased_type":["Card","Card"],"build_version":"2020-12-22","purchased_purges":0,"victory":false,"max_hp_per_floor":[72,72,72,72,72,72,72,72,72,72,72,72,72],"card_choices":[{"not_picked":["ats:Hammer On","ats:Apocalypse"],"picked":"ats:Closed Bolt Burst Fire","floor":1},{"not_picked":["ats:Burning Ground","ats:Ignite","ats:Shell Defense"],"picked":"SKIP","floor":3},{"not_picked":["ats:Explosion Area Strengthen","ats:Assault Order","ats:Healing Strengthening"],"picked":"SKIP","floor":4},{"not_picked":["ats:Assault Order","ats:Neurotoxin","ats:Poison Spread"],"picked":"SKIP","floor":5},{"not_picked":["ats:Childhood Dance","ats:Leaping Hammer","ats:Sword Rain"],"picked":"SKIP","floor":10},{"not_picked":["ats:Hammer On","ats:Powerful Strike"],"picked":"ats:Defend Order","floor":11}],"player_experience":931066,"relics_obtained":[],"event_choices":[{"damage_healed":0,"gold_gain":0,"player_choice":"Trade","damage_taken":0,"relics_obtained":["GremlinMask"],"max_hp_gain":0,"max_hp_loss":0,"event_name":"FaceTrader","floor":7,"gold_loss":0}],"is_beta":false,"boss_relics":[],"items_purged_floors":[],"is_endless":false,"potions_floor_spawned":[3,5,10],"killed_by":"Gremlin Nob","ascension_level":0}}