{"host":"svwqvw2il1zfkkg0","time":1608864476,"event":{"mods":["AchievementEnabler","BaseMod","BetterRewards","Colored Map","Colored Powertips","Custom Start","Downfall","GifTheSpireLib","Highlight Path","Hubris","Infinite Spire","Minty Spire (QoL Compilation)","Quick Restart","Replay The Spire","Shop Mod","StSLib","SuperFastMode"],"gold_per_floor":[112,128,128,142,157,183,183,199,199,216,15,290,290,301,301,398,398,418,9,9,9,9,35,47,93,130,159,171,201,231,254,266,373,385,441,501,563,17,28,28,28],"floor_reached":40,"playtime":1343,"items_purged":[],"score":655,"play_id":"345fd7a7-8966-44b7-aaf7-6a1299266a88","local_time":"20201224184756","is_ascension_mode":false,"campfire_choices":[{"floor":7,"key":"REST"},{"floor":13,"key":"REST"},{"data":"hubris:DuctTapeCard","floor":15,"key":"SMITH"},{"floor":28,"key":"REST"},{"floor":32,"key":"REST"}],"circlet_count":0,"master_deck":["Strike_G","Strike_G","Strike_G","Strike_G","Strike_G","Defend_G","Defend_G","Defend_G","Defend_G","Defend_G","Survivor","hubris:Defend_Merchant","Strike_P","Dagger Throw","Blade Dance+1","Caltrops","Poisoned Stab","Flying Knee","hubris:DuctTapeCard+2","Blade Dance+1","Regret","Underhanded Strike","Burst","Cloak And Dagger","Dagger Spray","Dash+1","Prepared+1","Prepared","Slice+1","AbeCurse","Poisoned Stab+1","Dagger Spray+1","Accuracy+1","Masterful Stab","Tactician"],"relics":["Ring of the Snake","Matryoshka","hubris:BottledRain","hubris:DuctTape","Pen Nib","Black Star","Boot","Replay:Bottled Eggs","Replay:WaspNest","Vajra","MawBank","Mummified Hand","hubris:Towel","Art of War","Blue Doll","Blood Vial","infinitespire:EvilPickle","Abe\u0027s Treasure","Tough Bandages","Whetstone","Strawberry"],"acts_visited":["Exordium","TheCity","TheBeyond"],"potions_floor_usage":[6,16,16,16,23,25,29,33,33,37,40,40],"damage_taken":[{"damage":4,"enemies":"Jaw Worm","floor":1,"turns":6},{"damage":1,"enemies":"Cultist","floor":2,"turns":4},{"damage":8,"enemies":"Small Slimes","floor":4,"turns":3},{"damage":0,"enemies":"2 Fungi Beasts","floor":5,"turns":3},{"damage":22,"enemies":"3 Sentries","floor":6,"turns":5},{"damage":9,"enemies":"3 Louse","floor":8,"turns":2},{"damage":10,"enemies":"Exordium Wildlife","floor":10,"turns":3},{"damage":6,"enemies":"Red Slaver","floor":14,"turns":3},{"damage":39,"enemies":"The Guardian","floor":16,"turns":8},{"damage":15,"enemies":"2 Thieves","floor":18,"turns":3},{"damage":4,"enemies":"Gremlin Leader","floor":23,"turns":4},{"damage":8,"enemies":"Replay:Snechameleon","floor":25,"turns":4},{"damage":0,"enemies":"Spheric Guardian","floor":27,"turns":1},{"damage":5,"enemies":"Snake Plant","floor":29,"turns":2},{"damage":36,"enemies":"Shelled Parasite and Fungi","floor":30,"turns":5},{"damage":30,"enemies":"Sentry and Sphere","floor":31,"turns":4},{"damage":21,"enemies":"Pondfish","floor":33,"turns":10},{"damage":22,"enemies":"3 Shapes","floor":35,"turns":6},{"damage":7,"enemies":"Orb Walker","floor":36,"turns":3},{"damage":16,"enemies":"Mind Bloom Boss Battle","floor":37,"turns":4},{"damage":13,"enemies":"Jaw Worm Horde","floor":39,"turns":3},{"damage":42,"enemies":"Nightmare","floor":40,"turns":7}],"seed_played":"-1790402162395599645","potions_obtained":[{"floor":5,"key":"infinitespire:BlackPotion"},{"floor":8,"key":"Swift Potion"},{"floor":10,"key":"Adrenaline Potion"},{"floor":16,"key":"FearPotion"},{"floor":23,"key":"hexamod:EctoCoolerPotion"},{"floor":25,"key":"champ:CounterPotion"},{"floor":30,"key":"Strength Potion"},{"floor":31,"key":"Energy Potion"},{"floor":36,"key":"LiquidMemories"},{"floor":39,"key":"CunningPotion"}],"is_trial":false,"path_per_floor":["M","M","?","M","M","E","R","M","T","M","$","?","R","M","R","B",null,"M","$","T","?","?","E","?","E","T","M","R","M","M","M","R","B",null,"M","M","?","$","M","NM"],"character_chosen":"THE_SILENT","items_purchased":["Pen Nib","ColorlessPotion","Boot","Replay:Bottled Eggs","Whetstone","Strawberry","Accuracy+1","Energy Potion","Languid Potion","Masterful Stab","Tactician"],"campfire_rested":4,"item_purchase_floors":[11,11,19,19,38,38,38,38,38,38,38],"current_hp_per_floor":[80,79,79,71,71,49,74,65,65,55,55,55,80,74,74,35,84,69,69,69,69,69,65,65,57,57,59,84,79,45,17,42,23,84,62,57,43,50,39,0,0],"gold":28,"neow_bonus":"TWENTY_PERCENT_HP_BONUS","is_daily":false,"chose_seed":false,"campfire_upgraded":1,"win_rate":0.0,"timestamp":1608864476,"path_taken":["M","M","?","M","?","E","R","M","T","M","$","?","R","M","R","BOSS","M","$","?","?","?","E","?","E","T","M","R","M","M","M","R","BOSS","M","M","?","$","M","NM"],"items_purchased_type":["Relic","Potion","Relic","Relic","Relic","Relic","Card","Potion","Potion","Card","Card"],"build_version":"2020-12-22","purchased_purges":0,"victory":false,"max_hp_per_floor":[84,84,84,84,84,84,84,84,84,84,84,84,84,84,84,84,84,84,84,84,84,84,84,84,84,84,84,84,84,84,84,84,84,84,84,84,84,91,91,91,91],"card_choices":[{"not_picked":["Deflect","Dodge and Roll"],"picked":"Dagger Throw","floor":1},{"not_picked":["Dodge and Roll","Noxious Fumes"],"picked":"Blade Dance","floor":2},{"not_picked":["Bane","Poisoned Stab"],"picked":"Caltrops","floor":4},{"not_picked":["Deflect","Bane"],"picked":"Poisoned Stab","floor":5},{"not_picked":["Poisoned Stab","Bane"],"picked":"Glass Knife","floor":6},{"not_picked":["PiercingWail","Reflex"],"picked":"Flying Knee","floor":8},{"not_picked":["Deadly Poison","ReplayTheSpireMod:Tripwire"],"picked":"Blade Dance","floor":10},{"not_picked":["Acrobatics","Night Terror"],"picked":"Underhanded Strike","floor":14},{"not_picked":["Corpse Explosion","Atom Bomb"],"picked":"Burst","floor":16},{"not_picked":["Catalyst+1","Acrobatics"],"picked":"Cloak And Dagger","floor":18},{"not_picked":["Backflip","Distraction","hubris:Sniper"],"picked":"SKIP","floor":23},{"not_picked":["Deadly Poison","Outmaneuver"],"picked":"Dash","floor":25},{"not_picked":["ReplayTheSpireMod:Exploit Weakness","Quick Slash"],"picked":"Prepared+1","floor":27},{"not_picked":["Terror+1","Setup","Dagger Throw"],"picked":"SKIP","floor":29},{"not_picked":["Flying Knee","Storm of Steel"],"picked":"Prepared","floor":30},{"not_picked":["infinitespire:Neurotoxin","Replay:Poison Smokescreen+1"],"picked":"Slice+1","floor":31},{"not_picked":["Flying Knee","PiercingWail"],"picked":"Poisoned Stab","floor":35},{"not_picked":["Dash+1","Concentrate+1"],"picked":"Dagger Spray+1","floor":36},{"not_picked":["Dodge and Roll","ReplayTheSpireMod:Scrap Shanks","Toxin Wave"],"picked":"SKIP","floor":39}],"player_experience":420037,"relics_obtained":[{"floor":6,"key":"Matryoshka"},{"floor":9,"key":"hubris:BottledRain"},{"floor":9,"key":"hubris:DuctTape"},{"floor":20,"key":"Replay:WaspNest"},{"floor":20,"key":"Vajra"},{"floor":23,"key":"MawBank"},{"floor":23,"key":"Mummified Hand"},{"floor":25,"key":"Art of War"},{"floor":25,"key":"Blue Doll"},{"floor":26,"key":"Blood Vial"},{"floor":37,"key":"Tough Bandages"}],"event_choices":[{"damage_healed":0,"gold_gain":0,"player_choice":"Ignored","damage_taken":0,"max_hp_gain":0,"max_hp_loss":0,"event_name":"NoteForYourself","floor":3,"gold_loss":0},{"damage_healed":0,"gold_gain":275,"player_choice":"Desecrate","damage_taken":0,"max_hp_gain":0,"max_hp_loss":0,"event_name":"Golden Shrine","floor":12,"gold_loss":0,"cards_obtained":["Regret"]},{"damage_healed":0,"gold_gain":0,"player_choice":"Fight","damage_taken":0,"max_hp_gain":0,"max_hp_loss":0,"event_name":"MindBloom","floor":37,"gold_loss":0}],"is_beta":false,"boss_relics":[{"not_picked":["ReplayTheSpireMod:SealedPack","hubris:CrackedHourglass"],"picked":"Black Star"},{"not_picked":["hubris:VirtuousBlindfold","hubris:TerracottaHorce"],"picked":"Abe\u0027s Treasure"}],"items_purged_floors":[],"is_endless":false,"potions_floor_spawned":[5,8,10,16,23,25,30,31,36,39],"killed_by":"Nightmare","ascension_level":0}}