{"host":"t7mx8yfj1no5p62f","time":1608872348,"event":{"mods":["BaseMod","Colored Map","Colored Powertips","Minty Spire (QoL Compilation)","Relic Stats","StSLib"],"gold_per_floor":[118,131,144,164,182,208,223,243,243,243,269,269,332,332,332,403,403,414,24,24,24,37,37,37,37,63,63,90,103,132,151,151,227,227,247,522,422,432,432,432,432,432],"floor_reached":41,"playtime":1400,"items_purged":["Strike_R","Regret"],"score":1032,"play_id":"ce758e3e-0e4a-4b9d-a66f-f76938a24188","local_time":"20201224235908","is_ascension_mode":true,"campfire_choices":[{"data":"Inflame","floor":10.0,"key":"SMITH"},{"floor":15.0,"key":"REST"},{"floor":23.0,"key":"DIG"},{"floor":25.0,"key":"DIG"},{"floor":27,"key":"DIG"},{"floor":32,"key":"DIG"},{"floor":40,"key":"DIG"}],"circlet_count":0,"master_deck":["AscendersBane","Strike_R+1","Strike_R+1","Strike_R+1","Strike_R+1","Defend_R+1","Defend_R+1","Defend_R+1","Defend_R+1","Bash","Inflame+1","Pommel Strike","Sword Boomerang","Shrug It Off","Bludgeon+1","Exhume+1","Shrug It Off+1","Cleave","Armaments+1","Immolate","Reaper+1","Shrug It Off+1","Feel No Pain","True Grit+1","Impervious+1","Burning Pact+1","Barricade"],"relics":["Sozu","Toxic Egg 2","Pear","Shovel","Bag of Preparation","Fusion Hammer","Meat on the Bone","Anchor","Turnip","Bottled Tornado","Bronze Scales","TungstenRod","Whetstone","Black Star","PreservedInsect"],"acts_visited":["Exordium","TheCity","TheBeyond"],"potions_floor_usage":[],"damage_taken":[{"damage":0.0,"enemies":"Cultist","floor":1.0,"turns":2.0},{"damage":8.0,"enemies":"Small Slimes","floor":2.0,"turns":3.0},{"damage":2.0,"enemies":"Jaw Worm","floor":3.0,"turns":3.0},{"damage":1.0,"enemies":"2 Fungi Beasts","floor":4.0,"turns":4.0},{"damage":5.0,"enemies":"Exordium Wildlife","floor":5.0,"turns":3.0},{"damage":0.0,"enemies":"Gremlin Nob","floor":6.0,"turns":2.0},{"damage":16.0,"enemies":"3 Louse","floor":7.0,"turns":2.0},{"damage":12.0,"enemies":"Exordium Thugs","floor":8.0,"turns":4.0},{"damage":13.0,"enemies":"3 Sentries","floor":11.0,"turns":4.0},{"damage":15.0,"enemies":"3 Sentries","floor":13.0,"turns":6.0},{"damage":0.0,"enemies":"Slime Boss","floor":16.0,"turns":4.0},{"damage":0.0,"enemies":"Spheric Guardian","floor":18.0,"turns":3.0},{"damage":17.0,"enemies":"3 Byrds","floor":22.0,"turns":5.0},{"damage":66,"enemies":"Slavers","floor":28,"turns":6},{"damage":19,"enemies":"Centurion and Healer","floor":29,"turns":6},{"damage":22,"enemies":"Book of Stabbing","floor":30,"turns":5},{"damage":6,"enemies":"Snake Plant","floor":31,"turns":4},{"damage":69,"enemies":"Automaton","floor":33,"turns":11},{"damage":0,"enemies":"3 Shapes","floor":35,"turns":9},{"damage":31,"enemies":"3 Darklings","floor":38,"turns":4},{"damage":78,"enemies":"Giant Head","floor":41,"turns":9}],"seed_played":"-9114902465610047879","potions_obtained":[],"is_trial":false,"path_per_floor":["M","M","M","M","M","E","M","M","T","R","E","?","?","?","R","B",null,"M","$","?","?","M","R","?","R","T","R","E","M","E","M","R","B",null,"M","?","$","M","?","R","E"],"character_chosen":"IRONCLAD","items_purchased":["Feel No Pain","Meat on the Bone"],"campfire_rested":1,"item_purchase_floors":[19,19],"current_hp_per_floor":[68,60,58,57,52,52,36,24,34,34,21,21,6,6,31,31,72,72,72,72,72,64,64,64,64,64,64,44,55,48,59,59,18,68,81,81,81,54,54,54,0,0],"gold":432,"neow_bonus":"BOSS_RELIC","is_daily":false,"chose_seed":false,"campfire_upgraded":1,"win_rate":0.0,"timestamp":1608872348,"path_taken":["M","M","?","M","M","E","M","M","T","R","E","?","?","?","R","BOSS","M","$","?","?","?","R","?","R","T","R","E","M","E","M","R","BOSS","M","?","?","?","?","R","E"],"items_purchased_type":["Card","Relic"],"build_version":"2020-12-22","purchased_purges":2,"victory":false,"max_hp_per_floor":[75,75,75,75,75,75,75,75,85,85,85,85,85,85,85,85,85,85,85,85,85,85,85,85,85,85,85,85,85,85,85,85,85,85,85,85,85,85,85,85,85,85],"relic_stats":{"Sozu":9,"Shovel":5,"counters":[21,99],"Bronze Scales":[150],"Turnip":[4],"PreservedInsect":130,"Bag of Preparation":[22],"Black Star":0,"Whetstone":["Reaper","Bludgeon"],"obtain_stats":[{"Pear":9,"PreservedInsect":40,"Bag of Preparation":13,"Whetstone":32,"Bottled Tornado":27,"Burning Blood":0,"Sozu":0,"Anchor":23,"Shovel":11,"Bronze Scales":28,"Fusion Hammer":17,"Turnip":25,"Black Star":34,"Toxic Egg 2":6,"TungstenRod":30,"Meat on the Bone":19},{"Pear":8,"PreservedInsect":20,"Bag of Preparation":10,"Whetstone":17,"Bottled Tornado":13,"Burning Blood":0,"Sozu":0,"Anchor":13,"Shovel":9,"Bronze Scales":14,"Fusion Hammer":11,"Turnip":13,"Black Star":18,"Toxic Egg 2":6,"TungstenRod":16,"Meat on the Bone":12},{"Pear":23,"PreservedInsect":90,"Bag of Preparation":33,"Whetstone":66,"Bottled Tornado":45,"Burning Blood":0,"Sozu":0,"Anchor":45,"Shovel":27,"Bronze Scales":51,"Fusion Hammer":37,"Turnip":45,"Black Star":77,"Toxic Egg 2":17,"TungstenRod":62,"Meat on the Bone":40}],"TungstenRod":13,"Meat on the Bone":24},"card_choices":[{"not_picked":["Cleave","Clash"],"picked":"Inflame","floor":1.0},{"not_picked":["Sentinel","Hemokinesis"],"picked":"Pommel Strike","floor":2.0},{"not_picked":["Heavy Blade","Burning Pact"],"picked":"Sword Boomerang","floor":3.0},{"not_picked":["Dropkick","True Grit"],"picked":"Shrug It Off","floor":4.0},{"not_picked":["Cleave","Intimidate"],"picked":"Bludgeon","floor":5.0},{"not_picked":["Dropkick","Searing Blow","Exhume+1"],"picked":"SKIP","floor":6.0},{"not_picked":["Dropkick","Searing Blow"],"picked":"Exhume+1","floor":6.0},{"not_picked":["Flex+1","Infernal Blade+1"],"picked":"Shrug It Off+1","floor":7.0},{"not_picked":["Bloodletting+1","Pommel Strike"],"picked":"Cleave","floor":8.0},{"not_picked":["Clothesline","Iron Wave"],"picked":"Armaments+1","floor":11.0},{"not_picked":["Pommel Strike","Combust"],"picked":"Immolate","floor":13.0},{"not_picked":["Brutality","Exhume+1"],"picked":"Reaper","floor":16.0},{"not_picked":["Heavy Blade","Blood for Blood"],"picked":"Shrug It Off+1","floor":18.0},{"not_picked":["Cleave","Reckless Charge+1","Shrug It Off+1"],"picked":"SKIP","floor":22.0},{"not_picked":["Clash","Anger"],"picked":"True Grit+1","floor":28},{"not_picked":["True Grit+1","Iron Wave"],"picked":"Impervious+1","floor":29},{"not_picked":["Heavy Blade","Anger"],"picked":"Burning Pact+1","floor":30},{"not_picked":["Warcry+1","Cleave","Anger"],"picked":"SKIP","floor":31},{"not_picked":["Berserk","Double Tap+1"],"picked":"Barricade","floor":33},{"not_picked":["Twin Strike","Sword Boomerang+1","Cleave"],"picked":"SKIP","floor":35},{"not_picked":["Sever Soul","Pommel Strike","Bloodletting+1"],"picked":"SKIP","floor":38}],"player_experience":1588559,"relics_obtained":[{"floor":6.0,"key":"Toxic Egg 2"},{"floor":9.0,"key":"Pear"},{"floor":11.0,"key":"Shovel"},{"floor":13.0,"key":"Bag of Preparation"},{"floor":23.0,"key":"Anchor"},{"floor":25.0,"key":"Turnip"},{"floor":27,"key":"Bottled Tornado"},{"floor":28,"key":"Bronze Scales"},{"floor":30,"key":"TungstenRod"},{"floor":32,"key":"Whetstone"},{"floor":40,"key":"PreservedInsect"}],"event_choices":[{"damage_healed":0.0,"max_hp_gain":0.0,"max_hp_loss":0.0,"gold_gain":0.0,"event_name":"Shining Light","player_choice":"Ignored","floor":12.0,"gold_loss":0.0,"damage_taken":0.0},{"damage_healed":0.0,"max_hp_gain":0.0,"max_hp_loss":0.0,"gold_gain":0.0,"event_name":"Dead Adventurer","player_choice":"Searched \u00272\u0027 times","floor":13.0,"gold_loss":0.0,"damage_taken":0.0},{"damage_healed":0.0,"max_hp_gain":0.0,"max_hp_loss":0.0,"gold_gain":0.0,"event_name":"Liars Game","player_choice":"Ignored","floor":14.0,"gold_loss":0.0,"damage_taken":0.0},{"damage_healed":0.0,"max_hp_gain":0.0,"max_hp_loss":0.0,"gold_gain":0.0,"event_name":"Ghosts","player_choice":"Ignored","floor":20.0,"gold_loss":0.0,"damage_taken":0.0},{"damage_healed":0.0,"max_hp_gain":0.0,"max_hp_loss":0.0,"gold_gain":0.0,"event_name":"Match and Keep!","player_choice":"0 cards matched","floor":21.0,"gold_loss":0.0,"damage_taken":0.0,"cards_obtained":[]},{"damage_healed":0.0,"max_hp_gain":0.0,"max_hp_loss":0.0,"gold_gain":0.0,"event_name":"Back to Basics","player_choice":"Simplicity","floor":24.0,"gold_loss":0.0,"damage_taken":0.0,"cards_upgraded":["Strike_R","Strike_R","Strike_R","Strike_R","Defend_R","Defend_R","Defend_R","Defend_R"]},{"damage_healed":0,"gold_gain":275,"player_choice":"Desecrate","damage_taken":0,"max_hp_gain":0,"max_hp_loss":0,"event_name":"Golden Shrine","floor":36,"gold_loss":0,"cards_obtained":["Regret"]},{"damage_healed":0,"gold_gain":0,"player_choice":"Ignored","damage_taken":0,"max_hp_gain":0,"max_hp_loss":0,"event_name":"Tomb of Lord Red Mask","floor":39,"gold_loss":0}],"is_beta":false,"boss_relics":[{"not_picked":["SacredBark","Empty Cage"],"picked":"Fusion Hammer"},{"not_picked":["Philosopher\u0027s Stone","Mark of Pain"],"picked":"Black Star"}],"items_purged_floors":[19,37],"is_endless":false,"potions_floor_spawned":[2,6,8,16,18,28,29,33,35],"killed_by":"Giant Head","ascension_level":20}}