{"host":"81h68oe4mr04pk3r","time":1608892470,"event":{"mods":["Act Like it!","Aspiration","BaseMod","BetterRewards","Colored Map","Colored Powertips","Conspire","Downfall","Hermit","Hubris","Infinite Spire","Jorbs\u0027s Wanderer Trilogy","Koishi","Lobotomy","LobotomyExtend","Marisa????????","Minty Spire (QoL Compilation)","Quick Restart","Reimu??????","Remilia??????","Replay The Spire","StSLib","The Bug Knight","The Construct","The Cursed","The Disciple","The Servant 0.9.4"],"gold_per_floor":[117,131,142,152,166,166,176,276,303,303,315,315,343,355,355,459,459,459,471,29,45,57,3,3,3,3,3,14,14,25,25,25,25,25],"floor_reached":33,"playtime":1362,"items_purged":[],"score":251,"play_id":"ce8fa0dc-86f2-4eba-922d-82fb8a5955c9","local_time":"20201225023430","is_ascension_mode":false,"campfire_choices":[{"floor":6,"key":"REST"},{"floor":10,"key":"REST"},{"data":"HollowMod:Grubsong","floor":12,"key":"SMITH"},{"floor":15,"key":"REST"},{"floor":25,"key":"REST"},{"floor":27,"key":"REST"},{"floor":29,"key":"REST"},{"floor":32,"key":"REST"}],"circlet_count":0,"master_deck":["HollowMod:NailStrikeStart","HollowMod:NailStrikeStart","HollowMod:NailStrikeStart","HollowMod:NailStrikeStart","HollowMod:QuickDashStart","HollowMod:QuickDashStart","HollowMod:QuickDashStart","HollowMod:QuickDashStart","HollowMod:FocusHealStart","HollowMod:PogoStrike","HollowMod:LifebloodCocoon","HollowMod:DashSlash","HollowMod:HeavyBlow","HollowMod:ShadowDash","HollowMod:SoulSplash","HollowMod:Grubsong+1","HollowMod:HornetsHelp","HollowMod:DescendingDark","HollowMod:CloakDash","HollowMod:theNailsmith","HollowMod:CycloneSlash+1","HollowMod:DescendingDark","HollowMod:CornifersMapStart","HollowMod:CornifersMapStart","HollowMod:SoulEater","HollowMod:CycloneSlash","HollowMod:DesolateDive+1","HollowMod:SoulStrike+1","HollowMod:VengefulVoid","Flex","HollowMod:ChannelNail"],"relics":["HollowMod:VesselMask","Bronze Scales","LetterFromLob","Happy Flower","Blood Vial","conspire:SpecialSausage","hubris:DisguiseKit","aspiration:RitualStick","HollowMod:MillibellesNoteRelic"],"acts_visited":["Exordium","TheCity"],"potions_floor_usage":[13,16,16,16,22,22,33],"damage_taken":[{"damage":1,"enemies":"Cultist","floor":1,"turns":3},{"damage":1,"enemies":"Jaw Worm","floor":2,"turns":4},{"damage":0,"enemies":"2 Louse","floor":3,"turns":2},{"damage":10,"enemies":"2 Fungi Beasts","floor":4,"turns":3},{"damage":24,"enemies":"Large Slime","floor":5,"turns":7},{"damage":12,"enemies":"Exordium Wildlife","floor":7,"turns":4},{"damage":11,"enemies":"2 Fungi Beasts","floor":11,"turns":4},{"damage":28,"enemies":"Lagavulin","floor":13,"turns":5},{"damage":5,"enemies":"Looter","floor":14,"turns":3},{"damage":44,"enemies":"The Guardian","floor":16,"turns":10},{"damage":12,"enemies":"3 Byrds","floor":19,"turns":5},{"damage":4,"enemies":"Chosen","floor":21,"turns":4},{"damage":22,"enemies":"Shelled Parasite and Fungi","floor":22,"turns":3},{"damage":18,"enemies":"Cultist and Chosen","floor":28,"turns":4},{"damage":20,"enemies":"Sentry and Sphere","floor":30,"turns":4},{"damage":83,"enemies":"Collector","floor":33,"turns":6}],"seed_played":"6781720007698766351","potions_obtained":[{"floor":3,"key":"Toxic Potion"},{"floor":5,"key":"Strength Potion"},{"floor":11,"key":"GrandPatriotsElixir:ReiMu"},{"floor":14,"key":"SpeedPotion"},{"floor":16,"key":"SneckoOil"},{"floor":21,"key":"SneckoOil"},{"floor":28,"key":"Milkshake"}],"is_trial":false,"path_per_floor":["M","M","M","M","M","R","M","?","T","R","M","R","E","M","R","B",null,"M","M","$","M","M","$","?","R","T","R","M","R","M","?","R","B"],"character_chosen":"THE_BUGKNIGHT","items_purchased":["HollowMod:DescendingDark","HollowMod:CornifersMapStart","HollowMod:SoulEater","HollowMod:CycloneSlash","hubris:DisguiseKit","HollowMod:VengefulVoid"],"campfire_rested":7,"item_purchase_floors":[20,20,20,20,20,23],"current_hp_per_floor":[74,73,75,71,53,75,63,63,63,75,70,70,42,39,61,19,75,75,63,63,61,41,41,26,48,48,70,54,75,55,55,75,0,0],"gold":25,"neow_bonus":"RANDOM_COMMON_RELIC","is_daily":false,"chose_seed":false,"campfire_upgraded":1,"win_rate":0.0,"timestamp":1608892470,"path_taken":["M","?","M","M","M","R","M","?","T","R","M","R","E","M","R","BOSS","M","M","$","M","M","?","?","R","T","R","M","R","M","?","R","BOSS"],"items_purchased_type":["Card","Card","Card","Card","Relic","Card"],"build_version":"2020-12-22","purchased_purges":0,"victory":false,"max_hp_per_floor":[75,75,75,75,75,75,75,75,75,75,75,75,75,75,75,75,75,75,75,75,75,75,75,75,75,75,75,75,75,75,75,75,75,75],"card_choices":[{"not_picked":["HollowMod:CoiledNail","HollowMod:NewJinnsSoul"],"picked":"HollowMod:LifebloodCocoon","floor":1},{"not_picked":["HollowMod:DungDefenderAura","HollowMod:DescendingDark"],"picked":"HollowMod:DashSlash","floor":2},{"not_picked":["HollowMod:DashSlash","HollowMod:WraithStrike"],"picked":"HollowMod:HeavyBlow","floor":3},{"not_picked":["HollowMod:NewLittleFool","HollowMod:GoodIntentions"],"picked":"HollowMod:ShadowDash","floor":4},{"not_picked":["HollowMod:ChannelNail","HollowMod:PerfectDash"],"picked":"HollowMod:SoulSplash","floor":5},{"not_picked":["HollowMod:CrystalDash","HollowMod:InfectedCysts"],"picked":"HollowMod:Grubsong","floor":7},{"not_picked":["HollowMod:HeavyBlow","HollowMod:FastStrike"],"picked":"HollowMod:HornetsHelp","floor":11},{"not_picked":["HollowMod:DashSlash","HollowMod:InfectedAttack"],"picked":"HollowMod:DescendingDark","floor":13},{"not_picked":["HollowMod:SiblingsSouls","HollowMod:NewGlowingWomb"],"picked":"HollowMod:CloakDash","floor":14},{"not_picked":["HollowMod:LifebloodCore","HollowMod:ElderbugsWisdom"],"picked":"HollowMod:theNailsmith","floor":16},{"not_picked":["HollowMod:CloakDash","HollowMod:NewJinnsSoul"],"picked":"HollowMod:CycloneSlash+1","floor":19},{"not_picked":["HollowMod:SoulEater","HollowMod:ElderbugsWisdom","Wild Strike"],"picked":"HollowMod:DesolateDive+1","floor":21},{"not_picked":["HollowMod:InfectionAssault","HollowMod:MawleksShell","Sword Boomerang"],"picked":"HollowMod:SoulStrike+1","floor":22},{"not_picked":["HollowMod:ChannelNail","HollowMod:CrystalDash","HollowMod:FastStrike"],"picked":"Flex","floor":28},{"not_picked":["HollowMod:CycloneSlash","HollowMod:NewGlowingWomb","Rupture"],"picked":"HollowMod:ChannelNail","floor":30}],"player_experience":186836,"relics_obtained":[{"floor":1,"key":"LetterFromLob"},{"floor":9,"key":"Happy Flower"},{"floor":13,"key":"Blood Vial"},{"floor":26,"key":"HollowMod:MillibellesNoteRelic"}],"event_choices":[{"damage_healed":0,"gold_gain":100,"player_choice":"Pray","damage_taken":0,"max_hp_gain":0,"max_hp_loss":0,"event_name":"Golden Shrine","floor":8,"gold_loss":0},{"damage_healed":0,"gold_gain":0,"player_choice":"Leave","damage_taken":0,"max_hp_gain":0,"max_hp_loss":0,"event_name":"conspire:Investor","floor":31,"gold_loss":0}],"is_beta":false,"boss_relics":[{"not_picked":["Replay:Ancient Bell","Replay:Drink Me"],"picked":"conspire:SpecialSausage"}],"items_purged_floors":[],"is_endless":false,"potions_floor_spawned":[3,5,11,14,16,21,28],"killed_by":"Collector","ascension_level":0}}