{"host":"98ajcw3do3zsggh8","time":1608909647,"event":{"mods":["BaseMod","Minty Spire (QoL Compilation)","Replay The Spire","StSLib"],"gold_per_floor":[112,34,50,0,0,0,25,25,52,72,72,72,90,107,107,202,202,219,144,162,162,177,177,177,187,257,271,271,271],"floor_reached":28,"playtime":779,"items_purged":["Strike_P"],"score":295,"play_id":"44816697-323b-4a86-a4b7-f0e9d592c3d6","local_time":"20201225162047","is_ascension_mode":false,"campfire_choices":[{"data":"WreathOfFlame","floor":6.0,"key":"SMITH"},{"data":"Eruption","floor":12.0,"key":"SMITH"},{"data":"TalkToTheHand","floor":15.0,"key":"SMITH"},{"data":"Ragnarok","floor":23,"key":"SMITH"}],"circlet_count":0,"master_deck":["Strike_P","Defend_P","Defend_P","Defend_P","Eruption+1","Vigilance","WreathOfFlame+1","TalkToTheHand+1","Consecrate","Consecrate","SignatureMove","Ragnarok+1","Swivel+1","Replay:Vibes+1","TalkToTheHand"],"relics":["PureWater","NeowsBlessing","Toxic Egg 2","Unceasing Top","Pen Nib","Ring of Chaos","Gremlin Horn","Onion Ring"],"acts_visited":["Exordium","TheCity"],"potions_floor_usage":[20,28],"damage_taken":[{"damage":0.0,"enemies":"Small Slimes","floor":1.0,"turns":1.0},{"damage":0.0,"enemies":"2 Louse","floor":3.0,"turns":1.0},{"damage":0.0,"enemies":"3 Sentries","floor":7.0,"turns":1.0},{"damage":0.0,"enemies":"Cultist","floor":10.0,"turns":2.0},{"damage":12.0,"enemies":"3 Louse","floor":13.0,"turns":2.0},{"damage":6.0,"enemies":"Exordium Thugs","floor":14.0,"turns":3.0},{"damage":0.0,"enemies":"Slime Boss","floor":16.0,"turns":5.0},{"damage":2,"enemies":"Spheric Guardian","floor":18,"turns":3},{"damage":9,"enemies":"3 Byrds","floor":20,"turns":3},{"damage":2,"enemies":"Cultist and Chosen","floor":22,"turns":3},{"damage":29,"enemies":"Centurion and Healer","floor":25,"turns":7},{"damage":15,"enemies":"Shelled Parasite and Fungi","floor":27,"turns":2},{"damage":28,"enemies":"Slavers","floor":28,"turns":2}],"seed_played":"-7043373464299764049","potions_obtained":[{"floor":1.0,"key":"GamblersBrew"},{"floor":7.0,"key":"AttackPotion"},{"floor":11.0,"key":"Reflective Coating"},{"floor":11.0,"key":"Cursed Concoction"},{"floor":13.0,"key":"DuplicationPotion"},{"floor":20,"key":"Elixir"}],"is_trial":false,"path_per_floor":["M","$","M","?","?","R","E","?","T","M","?","R","M","M","R","B",null,"M","$","M","?","M","R","?","M","T","M","E"],"character_chosen":"WATCHER","items_purchased":["TalkToTheHand"],"campfire_rested":0,"item_purchase_floors":[2],"current_hp_per_floor":[72,72,72,72,72,72,72,65,65,65,65,65,53,47,47,47,72,70,70,61,61,59,59,59,30,30,15,0,0],"gold":271,"neow_bonus":"THREE_ENEMY_KILL","is_daily":false,"chose_seed":false,"campfire_upgraded":4,"win_rate":0.0,"timestamp":1608909647,"path_taken":["M","$","M","?","?","R","E","?","T","M","?","R","?","M","R","BOSS","M","$","M","?","?","R","?","M","T","M","E"],"items_purchased_type":["Card"],"build_version":"2020-12-22","purchased_purges":1,"victory":false,"max_hp_per_floor":[72,72,72,72,72,72,72,72,72,72,72,72,72,72,72,72,72,72,72,72,72,72,72,72,72,72,72,72,72],"card_choices":[{"not_picked":["Replay:BluntJabs","JustLucky"],"picked":"WreathOfFlame","floor":1.0},{"not_picked":["FollowUp","Nirvana"],"picked":"Consecrate","floor":3.0},{"not_picked":["Protect+1","Fasting2","ClearTheMind+1"],"picked":"SKIP","floor":7.0},{"not_picked":["Worship+1","InnerPeace+1"],"picked":"Consecrate","floor":10.0},{"not_picked":["PathToVictory+1","SashWhip"],"picked":"SignatureMove","floor":13.0},{"not_picked":["Perseverance+1","EmptyFist","FollowUp"],"picked":"SKIP","floor":14.0},{"not_picked":["Brilliance","Replay:AllIn+1"],"picked":"Ragnarok","floor":16.0},{"not_picked":["Replay:ManipulateFuture+1","Replay:Hum+1"],"picked":"Swivel+1","floor":18},{"not_picked":["Replay:Anticipation+1","Consecrate+1","DeceiveReality+1"],"picked":"SKIP","floor":20},{"not_picked":["FlyingSleeves","BowlingBash","Replay:AtTheReady+1"],"picked":"SKIP","floor":22},{"not_picked":["FlyingSleeves","Evaluate+1","CutThroughFate+1"],"picked":"SKIP","floor":25},{"not_picked":["Replay:AllIn+1","Nirvana+1","CrushJoints"],"picked":"SKIP","floor":27}],"player_experience":170362,"relics_obtained":[{"floor":7.0,"key":"Unceasing Top"},{"floor":9.0,"key":"Pen Nib"},{"floor":26,"key":"Onion Ring"}],"event_choices":[{"cards_removed":["Defend_P"],"damage_healed":0.0,"max_hp_gain":0.0,"max_hp_loss":0.0,"gold_gain":0.0,"event_name":"The Cleric","player_choice":"Card Removal","floor":4.0,"gold_loss":50.0,"damage_taken":0.0},{"damage_healed":0.0,"max_hp_gain":0.0,"max_hp_loss":0.0,"gold_gain":0.0,"event_name":"Big Fish","player_choice":"Box","floor":5.0,"gold_loss":0.0,"damage_taken":0.0,"relics_obtained":["Toxic Egg 2"],"cards_obtained":["Regret"]},{"cards_removed":["Regret"],"damage_healed":0.0,"max_hp_gain":0.0,"max_hp_loss":0.0,"gold_gain":0.0,"event_name":"Golden Wing","player_choice":"Card Removal","floor":8.0,"gold_loss":0.0,"damage_taken":7.0},{"damage_healed":0.0,"max_hp_gain":0.0,"max_hp_loss":0.0,"gold_gain":0.0,"event_name":"Lab","player_choice":"Got Potions","floor":11.0,"gold_loss":0.0,"damage_taken":0.0},{"damage_healed":0,"gold_gain":0,"cards_transformed":["Strike_P","Strike_P"],"player_choice":"Became Test Subject","damage_taken":0,"max_hp_gain":0,"max_hp_loss":0,"event_name":"Drug Dealer","floor":24,"gold_loss":0,"cards_obtained":["Replay:Vibes","TalkToTheHand"]}],"is_beta":false,"boss_relics":[{"not_picked":["Replay:Ancient Bell","SacredBark"],"picked":"Ring of Chaos"}],"items_purged_floors":[19],"is_endless":false,"potions_floor_spawned":[1,7,13,20],"killed_by":"Slavers","ascension_level":0}}