{"host":"e4wnmsyty9uvvtwf","time":1608902911,"event":{"mods":["Aspiration","BaseMod","Colored Map","Colored Powertips","Marisa£®ÏF”Í°°ƒß¿Ì…≥£©","Minty Spire (QoL Compilation)","Rare Cards Sparkle","Replay The Spire","StSLib"],"gold_per_floor":[119,119,119,133,34,67,67,67,117,146,146,146,146,169,169,169,169],"floor_reached":16,"playtime":362,"items_purged":[],"score":249,"play_id":"bd3b0da6-b26d-4a09-b844-443e1e5d30fe","local_time":"20201225212831","is_ascension_mode":true,"campfire_choices":[{"data":"Choke","floor":8.0,"key":"SMITH"},{"floor":11.0,"key":"REST"},{"data":"Distraction","floor":15,"key":"SMITH"}],"circlet_count":0,"master_deck":["AscendersBane","Strike_G","Strike_G","Strike_G","Strike_G","Defend_G","Defend_G","Defend_G","Defend_G","Defend_G","Choke+1","Distraction+1","Replay:Sssssssssstrike","Infinite Blades","Regret","Pot Of Greed","Pot Of Greed","Slice","Leap","Beam Cell","Injury","PiercingWail"],"relics":["Ring of the Snake","NeowsBlessing","Ornamental Fan","Potion Belt","Grinning Jar","Turnip","Golden Idol"],"acts_visited":["Exordium"],"potions_floor_usage":[],"damage_taken":[{"damage":0.0,"enemies":"2 Louse","floor":1.0,"turns":1.0},{"damage":0.0,"enemies":"Small Slimes","floor":4.0,"turns":1.0},{"damage":0.0,"enemies":"Lagavulin","floor":6.0,"turns":1.0},{"damage":37.0,"enemies":"3 Sentries","floor":10.0,"turns":10.0},{"damage":5,"enemies":"Cultist","floor":14,"turns":3},{"damage":8,"enemies":"Fading Forest","floor":16,"turns":7}],"seed_played":"-3238312026880514762","potions_obtained":[{"floor":6.0,"key":"SmokeBomb"},{"floor":10.0,"key":"Energy Potion"},{"floor":14,"key":"Languid Potion"}],"is_trial":false,"path_per_floor":["M","?","?","M","$","E","?","R","T","E","R","?","?","M","R","B"],"character_chosen":"THE_SILENT","items_purchased":["Replay:Sssssssssstrike"],"campfire_rested":1,"item_purchase_floors":[5],"current_hp_per_floor":[59,59,59,59,59,59,59,59,59,22,41,41,41,36,36,36,36],"gold":169,"neow_bonus":"THREE_ENEMY_KILL","is_daily":false,"chose_seed":false,"campfire_upgraded":2,"win_rate":0.0,"timestamp":1608902911,"path_taken":["M","?","?","?","?","E","?","R","T","E","R","?","?","M","R","BOSS"],"items_purchased_type":["Card"],"build_version":"2020-12-22","purchased_purges":0,"victory":false,"max_hp_per_floor":[66,66,66,66,66,66,66,66,66,66,66,66,66,66,66,66,66],"card_choices":[{"not_picked":["Dodge and Roll","Blur"],"picked":"Choke","floor":1.0},{"not_picked":["Sneak Up","Well Laid Plans"],"picked":"Distraction","floor":4.0},{"not_picked":["Calculated Gamble","ReplayTheSpireMod:The Works"],"picked":"Infinite Blades","floor":6.0},{"not_picked":["Prepared","Flying Knee"],"picked":"Slice","floor":10.0},{"not_picked":["Poisoned Stab","Terror"],"picked":"PiercingWail","floor":14}],"player_experience":648541,"relics_obtained":[{"floor":6.0,"key":"Ornamental Fan"},{"floor":9.0,"key":"Grinning Jar"},{"floor":10.0,"key":"Turnip"}],"event_choices":[{"damage_healed":0.0,"max_hp_gain":0.0,"max_hp_loss":0.0,"gold_gain":0.0,"event_name":"The Cleric","player_choice":"Leave","floor":2.0,"gold_loss":0.0,"damage_taken":0.0},{"cards_removed":["Strike_G"],"damage_healed":0.0,"max_hp_gain":0.0,"max_hp_loss":0.0,"gold_gain":0.0,"event_name":"Bonfire Elementals","player_choice":"Offered Basic","floor":3.0,"gold_loss":0.0,"damage_taken":0.0},{"damage_healed":0.0,"max_hp_gain":0.0,"max_hp_loss":0.0,"gold_gain":0.0,"event_name":"Big Fish","player_choice":"Box","floor":7.0,"gold_loss":0.0,"damage_taken":0.0,"relics_obtained":["Potion Belt"],"cards_obtained":["Regret"]},{"damage_healed":0,"gold_gain":0,"player_choice":"Take Wound","damage_taken":0,"relics_obtained":["Golden Idol"],"max_hp_gain":0,"max_hp_loss":0,"event_name":"Golden Idol","floor":13,"gold_loss":0,"cards_obtained":["Injury"]}],"is_beta":false,"boss_relics":[],"items_purged_floors":[],"is_endless":false,"potions_floor_spawned":[6,10,14],"killed_by":"Fading Forest","ascension_level":18}}