{"host":"0vobf7lgf552vogm","time":1608856770,"event":{"mods":["AchievementEnabler","Act Like it!","BaseMod","Better Sensory Stone","Colored Map","DeckTracker","Minty Spire (QoL Compilation)","Pale of the Ancients","Rare Cards Sparkle","Relic Stats","StSLib","Synergy Search","Unceasing Turn Reminder","Wandering Minibosses"],"gold_per_floor":[112,129,129,129,144,158,158,13,13,13,27,27,27,27,27,131,181,192,208,133,133,145,145,176,193,493,493,511,586,600,231,231,330,330,344,269,269,269,283,283,333,344,368,368,380,380,380,398,398,398,398,398,398],"floor_reached":52,"playtime":2434,"items_purged":["Defend_B","Defend_B"],"score":702,"play_id":"58845208-326c-461f-9b61-b086a4f7782f","local_time":"20201225013930","is_ascension_mode":false,"campfire_choices":[{"data":"Defragment","floor":7.0,"key":"SMITH"},{"data":"Redo","floor":13.0,"key":"SMITH"},{"floor":15.0,"key":"REST"},{"floor":23.0,"key":"REST"},{"floor":27.0,"key":"REST"},{"floor":32.0,"key":"REST"},{"data":"Lockon","floor":40.0,"key":"SMITH"},{"data":"Strike_B+1","floor":44.0,"key":"PURGE"},{"data":"Conserve Battery","floor":46.0,"key":"SMITH"},{"floor":49.0,"key":"REST"}],"circlet_count":0,"master_deck":["Strike_B+1","Defend_B+1","Zap","Dualcast","Defragment+1","Redo+1","Melter","White Noise","FTL","Purity","Multi-Cast","Tempest+1","Lockon+1","Double Energy+1","Doom and Gloom","Stack+1","Capacitor","Electrodynamics","Go for the Eyes+1","Conserve Battery+1","Hello World+1","Undo","Melter+1","Consume","Double Energy+1"],"relics":["Cracked Core","TungstenRod","Oddly Smooth Stone","Symbiotic Virus","Tiny House","Anchor","Old Coin","Membership Card","HornCleat","Nuclear Battery","Incense Burner","Peace Pipe","Vajra","paleoftheancients:Timepiece","Meat on the Bone","Ice Cream","Gremlin Horn"],"acts_visited":["Exordium","TheCity","TheBeyond","paleoftheancients:PaleOfTheAncients"],"potions_floor_usage":[52],"damage_taken":[{"damage":0.0,"enemies":"Cultist","floor":1.0,"turns":3.0},{"damage":1.0,"enemies":"Jaw Worm","floor":2.0,"turns":3.0},{"damage":0.0,"enemies":"2 Louse","floor":5.0,"turns":2.0},{"damage":0.0,"enemies":"2 Fungi Beasts","floor":6.0,"turns":3.0},{"damage":13.0,"enemies":"Large Slime","floor":11.0,"turns":3.0},{"damage":19.0,"enemies":"The Guardian","floor":16.0,"turns":8.0},{"damage":20.0,"enemies":"3 Byrds","floor":18.0,"turns":4.0},{"damage":0.0,"enemies":"Chosen","floor":19.0,"turns":3.0},{"damage":39.0,"enemies":"Centurion and Healer","floor":22.0,"turns":6.0},{"damage":30.0,"enemies":"Book of Stabbing","floor":24.0,"turns":4.0},{"damage":6.0,"enemies":"Snake Plant","floor":25.0,"turns":2.0},{"damage":4.0,"enemies":"Chosen and Byrds","floor":28.0,"turns":4.0},{"damage":4.0,"enemies":"Shelled Parasite and Fungi","floor":30.0,"turns":3.0},{"damage":65.0,"enemies":"Automaton","floor":33.0,"turns":9.0},{"damage":0.0,"enemies":"3 Darklings","floor":35.0,"turns":3.0},{"damage":5.0,"enemies":"3 Shapes","floor":39.0,"turns":3.0},{"damage":26.0,"enemies":"Mind Bloom Boss Battle","floor":41.0,"turns":5.0},{"damage":0.0,"enemies":"Sphere and 2 Shapes","floor":42.0,"turns":3.0},{"damage":0.0,"enemies":"4 Shapes","floor":45.0,"turns":3.0},{"damage":0.0,"enemies":"Maw","floor":48.0,"turns":6.0},{"damage":68.0,"enemies":"Donu and Deca","floor":50.0,"turns":10.0},{"damage":115.0,"enemies":"Donu and Deca","floor":51.0,"turns":8.0},{"damage":101,"enemies":"","floor":52,"turns":9}],"seed_played":"8605776874329808114","potions_obtained":[{"floor":4.0,"key":"FairyPotion"},{"floor":4.0,"key":"ColorlessPotion"},{"floor":4.0,"key":"Energy Potion"},{"floor":6.0,"key":"EssenceOfDarkness"},{"floor":16.0,"key":"SkillPotion"},{"floor":24.0,"key":"PowerPotion"},{"floor":25.0,"key":"EssenceOfSteel"},{"floor":39.0,"key":"EssenceOfSteel"},{"floor":42.0,"key":"EntropicBrew"},{"floor":45.0,"key":"Swift Potion"}],"is_trial":false,"path_per_floor":["M","M","?","?","M","M","R","$","T","?","M","?","R","?","R","B",null,"M","M","?","?","M","R","E","M","T","R","M","?","M","$","R","B",null,"M","$","?","?","M","R","?","M","T","R","M","R","?","M","R","B","M","M"],"character_chosen":"DEFECT","items_purchased":["Oddly Smooth Stone","Membership Card","HornCleat","Fruit Juice","Conserve Battery"],"campfire_rested":5,"item_purchase_floors":[8,31,31,31,36],"current_hp_per_floor":[82,81,63,63,63,63,63,63,63,68,55,55,55,39,65,46,92,72,72,72,72,33,60,30,24,24,51,47,39,35,40,69,4,97,97,97,97,97,92,92,66,66,66,66,66,66,66,66,95,97,97,0,0],"gold":398,"neow_bonus":"TEN_PERCENT_HP_BONUS","is_daily":false,"chose_seed":false,"campfire_upgraded":4,"win_rate":0.0,"timestamp":1608856770,"path_taken":["M","M","?","?","M","?","R","$","T","?","M","?","R","?","R","BOSS","M","M","?","?","M","R","E","?","T","R","M","?","?","$","R","BOSS","M","$","?","?","?","R","?","M","T","R","M","R","?","M","R","BOSS","M","M"],"items_purchased_type":["Relic","Relic","Relic","Potion","Card"],"build_version":"2020-12-22","purchased_purges":2,"victory":false,"max_hp_per_floor":[82,82,82,82,82,82,82,82,82,87,87,87,87,87,87,87,92,92,92,92,92,92,92,92,92,92,92,92,92,92,97,97,97,97,97,97,97,97,97,97,97,97,97,97,97,97,97,97,97,97,97,97,97],"relic_stats":{"Peace Pipe":1,"Gremlin Horn":[3,3],"counters":[23,107],"obtain_stats":[{"Ice Cream":50,"Tiny House":17,"Gremlin Horn":50,"Oddly Smooth Stone":8,"Vajra":43,"Incense Burner":38,"Old Coin":26,"Nuclear Battery":34,"Peace Pipe":41,"paleoftheancients:Timepiece":50,"Anchor":24,"HornCleat":31,"Membership Card":31,"Cracked Core":0,"Symbiotic Virus":9,"TungstenRod":3,"Meat on the Bone":50},{"Ice Cream":21,"Tiny House":6,"Gremlin Horn":21,"Oddly Smooth Stone":4,"Vajra":18,"Incense Burner":15,"Old Coin":11,"Nuclear Battery":14,"Peace Pipe":17,"paleoftheancients:Timepiece":21,"Anchor":10,"HornCleat":13,"Membership Card":13,"Cracked Core":0,"Symbiotic Virus":4,"TungstenRod":2,"Meat on the Bone":21},{"Ice Cream":90,"Tiny House":22,"Gremlin Horn":90,"Oddly Smooth Stone":11,"Vajra":71,"Incense Burner":60,"Old Coin":41,"Nuclear Battery":57,"Peace Pipe":68,"paleoftheancients:Timepiece":90,"Anchor":39,"HornCleat":48,"Membership Card":48,"Cracked Core":0,"Symbiotic Virus":11,"TungstenRod":6,"Meat on the Bone":90}],"TungstenRod":66,"Meat on the Bone":0},"card_choices":[{"not_picked":["Conserve Battery","Go for the Eyes"],"picked":"Defragment","floor":1.0},{"not_picked":["Beam Cell","Hologram"],"picked":"Redo","floor":2.0},{"not_picked":["Aggregate","Skim"],"picked":"Melter","floor":5.0},{"not_picked":["Go for the Eyes","Turbo"],"picked":"White Noise","floor":6.0},{"not_picked":["Steam","Coolheaded"],"picked":"FTL","floor":11.0},{"not_picked":["Deep Breath","Metamorphosis"],"picked":"Purity","floor":12.0},{"not_picked":["Buffer","Biased Cognition"],"picked":"Multi-Cast","floor":16.0},{"not_picked":["Barrage","Redo"],"picked":"Tempest+1","floor":18.0},{"not_picked":["Beam Cell","Go for the Eyes"],"picked":"Lockon","floor":19.0},{"not_picked":["Leap","Creative AI"],"picked":"Double Energy+1","floor":22.0},{"not_picked":["Sweeping Beam","Compile Driver","Cold Snap"],"picked":"SKIP","floor":24.0},{"not_picked":["Hologram","Gash+1"],"picked":"Doom and Gloom","floor":25.0},{"not_picked":["FTL","Rainbow"],"picked":"Stack+1","floor":28.0},{"not_picked":["Barrage+1","Chaos"],"picked":"Capacitor","floor":30.0},{"not_picked":["Meteor Strike","Reboot"],"picked":"Electrodynamics","floor":33.0},{"not_picked":["Compile Driver","Gash"],"picked":"Go for the Eyes+1","floor":35.0},{"not_picked":["Compile Driver+1","Doom and Gloom"],"picked":"Hello World+1","floor":39.0},{"not_picked":["Rebound","Redo+1"],"picked":"Undo","floor":41.0},{"not_picked":["Hello World","Tempest","Barrage+1"],"picked":"SKIP","floor":42.0},{"not_picked":["Redo+1","Beam Cell"],"picked":"Melter+1","floor":45.0},{"not_picked":["Scrape+1","Redo"],"picked":"Double Energy+1","floor":48.0}],"player_experience":789102,"relics_obtained":[{"floor":9.0,"key":"Symbiotic Virus"},{"floor":24.0,"key":"Anchor"},{"floor":26.0,"key":"Old Coin"},{"floor":38.0,"key":"Incense Burner"},{"floor":41.0,"key":"Peace Pipe"},{"floor":43.0,"key":"Vajra"}],"event_choices":[{"damage_healed":0.0,"max_hp_gain":0.0,"max_hp_loss":0.0,"gold_gain":0.0,"event_name":"Scrap Ooze","player_choice":"Success","floor":3.0,"gold_loss":0.0,"damage_taken":18.0,"relics_obtained":["TungstenRod"]},{"damage_healed":0.0,"max_hp_gain":0.0,"max_hp_loss":0.0,"gold_gain":0.0,"event_name":"Lab","player_choice":"Got Potions","floor":4.0,"gold_loss":0.0,"damage_taken":0.0},{"damage_healed":0.0,"max_hp_gain":5.0,"max_hp_loss":0.0,"gold_gain":0.0,"event_name":"Big Fish","player_choice":"Donut","floor":10.0,"gold_loss":0.0,"damage_taken":0.0},{"damage_healed":0.0,"max_hp_gain":0.0,"max_hp_loss":0.0,"gold_gain":1.0,"event_name":"betterStone:BetterStone","player_choice":"1","floor":12.0,"gold_loss":0.0,"damage_taken":0.0},{"damage_healed":0.0,"max_hp_gain":0.0,"max_hp_loss":0.0,"gold_gain":0.0,"event_name":"Shining Light","player_choice":"Entered Light","floor":14.0,"gold_loss":0.0,"damage_taken":17.0,"cards_upgraded":["Strike_B","Defend_B"]},{"cards_removed":["Strike_B"],"damage_healed":0.0,"max_hp_gain":0.0,"max_hp_loss":0.0,"gold_gain":0.0,"event_name":"Beggar","player_choice":"Gave Gold","floor":20.0,"gold_loss":75.0,"damage_taken":0.0},{"cards_removed":["Strike_B"],"damage_healed":0.0,"max_hp_gain":0.0,"max_hp_loss":0.0,"gold_gain":0.0,"event_name":"Purifier","player_choice":"Purged","floor":21.0,"gold_loss":0.0,"damage_taken":0.0},{"damage_healed":0.0,"max_hp_gain":0.0,"max_hp_loss":0.0,"gold_gain":75.0,"event_name":"FaceTrader","player_choice":"Touch","floor":29.0,"gold_loss":0.0,"damage_taken":9.0},{"damage_healed":0.0,"max_hp_gain":0.0,"max_hp_loss":0.0,"gold_gain":0.0,"event_name":"Tomb of Lord Red Mask","player_choice":"Ignored","floor":37.0,"gold_loss":0.0,"damage_taken":0.0},{"damage_healed":0.0,"max_hp_gain":0.0,"max_hp_loss":0.0,"gold_gain":0.0,"event_name":"Wheel of Change","player_choice":"Relic","floor":38.0,"gold_loss":0.0,"damage_taken":0.0},{"damage_healed":0.0,"max_hp_gain":0.0,"max_hp_loss":0.0,"gold_gain":0.0,"event_name":"MindBloom","player_choice":"Fight","floor":41.0,"gold_loss":0.0,"damage_taken":0.0},{"damage_healed":0.0,"max_hp_gain":0.0,"max_hp_loss":0.0,"gold_gain":0.0,"cards_transformed":["Defend_B"],"event_name":"Transmorgrifier","player_choice":"Transformed","floor":47.0,"gold_loss":0.0,"damage_taken":0.0,"cards_obtained":["Consume"]}],"is_beta":false,"boss_relics":[{"not_picked":["Velvet Choker","Sozu"],"picked":"Tiny House"},{"not_picked":["FrozenCore","Black Star"],"picked":"Nuclear Battery"}],"items_purged_floors":[31,36],"is_endless":false,"potions_floor_spawned":[6,16,24,25,39,42,45,48],"killed_by":"","ascension_level":0}}