{"host":"Melcetto","time":1608855963,"event":{"mods":["AlwaysNeverKeys","BaseMod","Better Vampires","Colored Map","Colored Powertips","DeckTracker","Emptier Cage","Minty Spire (QoL Compilation)","Permanent Neow","Quick Restart","Random Character Button","Rare Cards Sparkle","Relic Sorter","Relic Stats","StSLib","Transform Curses"],"gold_per_floor":[115,130,141,158,171,171,196,209,234,234,234,271,293,321,321,401,401,401,61,61,61,61,61,61,61,61,61,61,61,61,61,61,61,61],"floor_reached":33,"playtime":2327,"items_purged":["Strike_R"],"score":744,"play_id":"ec0df444-031f-49c1-838e-369099f199a1","local_time":"20201224192603","is_ascension_mode":true,"campfire_choices":[{"data":"Combust","floor":6,"key":"SMITH"},{"floor":10,"key":"REST"},{"data":"Armaments","floor":15,"key":"SMITH"},{"data":"Cleave","floor":23,"key":"SMITH"},{"floor":25,"key":"REST"},{"floor":32,"key":"REST"}],"circlet_count":0,"master_deck":["AscendersBane","Strike_R","Strike_R","Strike_R","Strike_R","Defend_R","Defend_R","Defend_R","Defend_R","Bash","Cleave+1","Spot Weakness","Shockwave","Combust+1","Shrug It Off","Battle Trance","Armaments+1","Exhume","Corruption","Spot Weakness+1","Flame Barrier","Flame Barrier","Fiend Fire","Shrug It Off"],"relics":["Burning Blood","Nunchaku","Bottled Tornado","PreservedInsect","Ice Cream","CeramicFish","Ectoplasm","Frozen Egg 2","Dream Catcher","Bronze Scales","Red Mask","Lantern","MealTicket"],"acts_visited":["Exordium","TheCity"],"potions_floor_usage":[7,7,16,27,29],"damage_taken":[{"damage":1,"enemies":"Cultist","floor":1,"turns":3},{"damage":4,"enemies":"Small Slimes","floor":2,"turns":4},{"damage":0,"enemies":"2 Louse","floor":3,"turns":2},{"damage":8,"enemies":"Exordium Wildlife","floor":4,"turns":4},{"damage":26,"enemies":"Exordium Thugs","floor":5,"turns":5},{"damage":39,"enemies":"Gremlin Nob","floor":7,"turns":5},{"damage":8,"enemies":"Blue Slaver","floor":8,"turns":5},{"damage":17,"enemies":"3 Sentries","floor":12,"turns":3},{"damage":8,"enemies":"Looter","floor":13,"turns":3},{"damage":7,"enemies":"Lots of Slimes","floor":14,"turns":2},{"damage":8,"enemies":"The Guardian","floor":16,"turns":9},{"damage":3,"enemies":"3 Byrds","floor":18,"turns":3},{"damage":12,"enemies":"Shell Parasite","floor":22,"turns":3},{"damage":43,"enemies":"Shelled Parasite and Fungi","floor":24,"turns":5},{"damage":32,"enemies":"Book of Stabbing","floor":27,"turns":5},{"damage":4,"enemies":"Masked Bandits","floor":29,"turns":3},{"damage":5,"enemies":"Gremlin Leader","floor":31,"turns":6},{"damage":68,"enemies":"Champ","floor":33,"turns":11}],"seed_played":"2188658097853978769","potions_obtained":[{"floor":2,"key":"DistilledChaos"},{"floor":5,"key":"Block Potion"},{"floor":8,"key":"Energy Potion"},{"floor":12,"key":"SneckoOil"},{"floor":13,"key":"Weak Potion"},{"floor":14,"key":"DistilledChaos"},{"floor":18,"key":"Strength Potion"},{"floor":27,"key":"SkillPotion"}],"is_trial":false,"path_per_floor":["M","M","M","M","M","R","E","M","T","R","?","E","M","M","R","B",null,"M","$","?","?","M","R","M","R","T","E","$","?","T","E","R","B"],"character_chosen":"IRONCLAD","items_purchased":["Frozen Egg 2"],"campfire_rested":3,"item_purchase_floors":[19],"current_hp_per_floor":[73,75,75,73,53,53,20,18,18,40,40,29,27,26,26,24,62,65,65,65,65,59,59,22,44,44,18,18,20,20,21,43,0,0],"gold":61,"neow_bonus":"RANDOM_COMMON_RELIC","is_daily":false,"chose_seed":false,"campfire_upgraded":3,"win_rate":0.0,"timestamp":1608855963,"path_taken":["M","M","M","M","M","R","E","M","T","R","?","E","M","?","R","BOSS","M","?","?","?","?","R","M","R","T","E","$","?","?","E","R","BOSS"],"items_purchased_type":["Relic"],"build_version":"2020-12-18","purchased_purges":1,"victory":false,"max_hp_per_floor":[75,75,75,75,75,75,75,75,75,75,75,75,75,75,75,75,75,75,75,75,75,75,75,75,75,75,75,75,75,75,75,75,75,75],"relic_stats":{"Nunchaku":[10],"Dream Catcher":1,"counters":[18,81],"CeramicFish":36,"Bronze Scales":[29],"MealTicket":0,"PreservedInsect":122,"Ectoplasm":205,"obtain_stats":[{"Ice Cream":11,"Lantern":30,"CeramicFish":12,"PreservedInsect":9,"Bottled Tornado":7,"Frozen Egg 2":19,"Burning Blood":0,"Nunchaku":0,"Dream Catcher":26,"Bronze Scales":27,"MealTicket":31,"Ectoplasm":17,"Red Mask":29},{"Ice Cream":7,"Lantern":16,"CeramicFish":8,"PreservedInsect":7,"Bottled Tornado":6,"Frozen Egg 2":12,"Burning Blood":0,"Nunchaku":0,"Dream Catcher":14,"Bronze Scales":15,"MealTicket":17,"Ectoplasm":11,"Red Mask":16},{"Ice Cream":28,"Lantern":64,"CeramicFish":31,"PreservedInsect":28,"Bottled Tornado":23,"Frozen Egg 2":48,"Burning Blood":0,"Nunchaku":0,"Dream Catcher":56,"Bronze Scales":61,"MealTicket":70,"Ectoplasm":45,"Red Mask":64}],"Burning Blood":96},"card_choices":[{"not_picked":["True Grit","Havoc"],"picked":"Cleave","floor":1},{"not_picked":["Carnage","Clash"],"picked":"Spot Weakness","floor":2},{"not_picked":["Warcry","Pummel"],"picked":"Shockwave","floor":3},{"not_picked":["Pommel Strike","Bloodletting"],"picked":"Combust","floor":4},{"not_picked":["True Grit","Flame Barrier"],"picked":"Shrug It Off","floor":5},{"not_picked":["Rage","Sentinel","Anger"],"picked":"SKIP","floor":7},{"not_picked":["Second Wind","Whirlwind","Anger"],"picked":"SKIP","floor":8},{"not_picked":["Entrench","Iron Wave"],"picked":"Battle Trance","floor":12},{"not_picked":["True Grit","Fire Breathing"],"picked":"Armaments","floor":13},{"not_picked":["Dark Embrace","Clothesline"],"picked":"Exhume","floor":14},{"not_picked":["Berserk","Barricade"],"picked":"Corruption","floor":16},{"not_picked":["Cleave","Shrug It Off"],"picked":"Spot Weakness+1","floor":18},{"not_picked":["Armaments","Sever Soul","Clothesline"],"picked":"SKIP","floor":22},{"not_picked":["Body Slam","Sword Boomerang"],"picked":"Flame Barrier","floor":24},{"not_picked":["Whirlwind","Shrug It Off"],"picked":"Flame Barrier","floor":27},{"not_picked":["Body Slam","Battle Trance"],"picked":"Fiend Fire","floor":31},{"not_picked":["Intimidate+1","Wild Strike"],"picked":"Shrug It Off","floor":32}],"player_experience":18806124,"relics_obtained":[{"floor":7,"key":"Bottled Tornado"},{"floor":9,"key":"PreservedInsect"},{"floor":12,"key":"CeramicFish"},{"floor":26,"key":"Dream Catcher"},{"floor":27,"key":"Bronze Scales"},{"floor":29,"key":"Red Mask"},{"floor":30,"key":"Lantern"},{"floor":31,"key":"MealTicket"}],"event_choices":[{"damage_healed":0,"gold_gain":0,"player_choice":"Gave Potion","damage_taken":0,"relics_obtained":["Ice Cream"],"max_hp_gain":0,"max_hp_loss":0,"event_name":"WeMeetAgain","floor":11,"gold_loss":0},{"damage_healed":0,"gold_gain":0,"player_choice":"Ignored","damage_taken":0,"max_hp_gain":0,"max_hp_loss":0,"event_name":"The Mausoleum","floor":21,"gold_loss":0},{"damage_healed":0,"gold_gain":0,"player_choice":"Fought Bandits","damage_taken":0,"max_hp_gain":0,"max_hp_loss":0,"event_name":"Masked Bandits","floor":29,"gold_loss":0}],"is_beta":true,"boss_relics":[{"not_picked":["Black Star","Tiny House"],"picked":"Ectoplasm"}],"items_purged_floors":[19],"is_endless":false,"potions_floor_spawned":[2,5,8,12,13,14,18,24,27],"killed_by":"Champ","ascension_level":20}}