{"host":"8xt6qtpg1rkermdd","time":1608899662,"event":{"mods":["AchievementEnabler","Astrologer","Bard","BaseMod","Colored Powertips","Downfall","Hermit","Highlight Path","Hubris","Infinite Spire","Jorbs\u0027s Wanderer Trilogy","Minty Spire (QoL Compilation)","Replay The Spire","Shade Mod","StSLib","The Blackbeard","The Bladedancer","The Bug Knight","The Construct","The Cursed","The Disciple","The Dragon Tamer","The Gatherer","The Hayseed","The Marked","The Runesmith","The Servant 0.9.4","TheArtist","TheBandit"],"gold_per_floor":[111,130,149,149,249,249,267,267,267,283,283,315,0,0,0,119,119,133,154,154,154,173,197,197,197,197,197,197,547,26,49,49,177,177,212,212,27,43,1042,1042,1138,1138,1138],"floor_reached":42,"playtime":1974,"items_purged":["Spreading Infection"],"score":571,"play_id":"778d5610-604c-4309-8dc2-3faf104baeef","local_time":"20201225063422","is_ascension_mode":false,"campfire_choices":[{"data":"theMarked:KeepCalmAndFightOn","floor":6,"key":"SMITH"},{"data":"theMarked:SoldierOfQuellstein","floor":8,"key":"SMITH"},{"data":"theMarked:Reabsorb","floor":11,"key":"SMITH"},{"floor":15,"key":"REST"},{"floor":24,"key":"REST"},{"floor":25,"key":"REST"},{"floor":27,"key":"REST"},{"floor":28,"key":"REST"},{"floor":32,"key":"REST"},{"data":"theMarked:DispelDoubt","floor":40,"key":"SMITH"}],"circlet_count":0,"master_deck":["theMarked:Strike","theMarked:Strike","theMarked:Strike","theMarked:Strike","theMarked:Strike","theMarked:Defend","theMarked:Defend","theMarked:Defend","theMarked:Defend","theMarked:SoldierOfQuellstein+1","theMarked:Aftermath","theMarked:KeepCalmAndFightOn+1","theMarked:SwordAndMagic","theMarked:HeightenedSenses","theMarked:Reabsorb+1","theMarked:Indomitable","theMarked:SwordAndMagic","theMarked:ThrowWeapon","theMarked:SwordAndMagic+1","theMarked:ElectricStrings+1","Thinking Ahead","Apotheosis","theMarked:EmpowerWeapon+1","theMarked:BanishingStrike+1","Sickly","theMarked:Electrocute","SwitchThreat","theMarked:DispelDoubt+1","CurseOfTheBell","theMarked:EnhanceMovement+1","Writhe","theMarked:ReduceFriction+1","theMarked:Static+1","Normality","Normality","Shame","ReplayTheSpireMod:IOU","hubris:Disease","infinitespire:Pacifist","Writhe","hubris:Greed","hubris:Gluttony","theMarked:RepellingDischarge+1"],"relics":["theMarked:ArtifactOfAir","HollowMod:LifeEnderRelic","White Beast Statue","WingedGreaves","Unceasing Top","Golden Idol","hubris:HollowSoul","ReplayTheSpireMod:ShopPack","SlaversCollar","Toxic Egg 2","Ring of Greed","Ring of Peace","Old Coin","MealTicket","ClockworkSouvenir","Potion Belt","Oddly Smooth Stone","Calling Bell","ReplayTheSpireMod:TigerMarble","Pantograph","Counterbalance","infinitespire:EvilPickle","Chemical X"],"acts_visited":["Exordium","TheCity","TheBeyond"],"potions_floor_usage":[19],"damage_taken":[{"damage":1,"enemies":"Cultist","floor":1,"turns":4},{"damage":6,"enemies":"Jaw Worm","floor":2,"turns":3},{"damage":0,"enemies":"2 Louse","floor":3,"turns":1},{"damage":8,"enemies":"Gremlin Gang","floor":7,"turns":3},{"damage":2,"enemies":"Blue Slaver","floor":10,"turns":2},{"damage":40,"enemies":"Lagavulin","floor":12,"turns":6},{"damage":40,"enemies":"Slime Boss","floor":16,"turns":12},{"damage":24,"enemies":"Spheric Guardian","floor":18,"turns":4},{"damage":5,"enemies":"Chosen","floor":19,"turns":3},{"damage":22,"enemies":"Snake Plant","floor":22,"turns":4},{"damage":46,"enemies":"Cultist and Chosen","floor":23,"turns":6},{"damage":27,"enemies":"3 Cultists","floor":31,"turns":6},{"damage":50,"enemies":"Pondfish","floor":33,"turns":10},{"damage":22,"enemies":"3 Darklings","floor":35,"turns":5},{"damage":0,"enemies":"Orb Walker","floor":38,"turns":2},{"damage":28,"enemies":"Maw","floor":41,"turns":7},{"damage":16,"enemies":"2 Orb Walkers","floor":42,"turns":2}],"seed_played":"-5839290891746040440","potions_obtained":[{"floor":2,"key":"Dexterity Potion"},{"floor":7,"key":"Fire Potion"},{"floor":10,"key":"Fire Potion"},{"floor":19,"key":"BlessingOfTheForge"},{"floor":22,"key":"FairyPotion"},{"floor":31,"key":"Explosive Potion"},{"floor":33,"key":"Guardian:BlockOnCardUsePotion"},{"floor":35,"key":"EntropicBrew"}],"is_trial":false,"path_per_floor":["M","M","M","?","?","R","M","R","T","M","R","E","$","?","R","B",null,"M","M","?","AVR","M","M","R","R","T","R","R","?","$","M","R","B",null,"M","?","$","M","?","R","M","?"],"character_chosen":"THE_DEFAULT","items_purchased":["Unceasing Top","theMarked:SwordAndMagic","ClockworkSouvenir","Potion Belt","Oddly Smooth Stone","Chemical X","theMarked:ReduceFriction+1"],"campfire_rested":6,"item_purchase_floors":[13,13,30,30,30,37,37],"current_hp_per_floor":[76,70,70,70,70,70,62,62,62,60,60,20,20,20,41,1,71,47,42,42,42,20,6,27,48,48,69,71,71,71,44,65,15,71,49,67,71,71,71,71,43,0,0],"gold":1138,"neow_bonus":"TEN_PERCENT_HP_BONUS","is_daily":false,"chose_seed":false,"campfire_upgraded":4,"win_rate":0.0,"timestamp":1608899662,"path_taken":["M","M","?","?","?","R","?","R","T","?","R","E","$","?","R","BOSS","M","M","?","AVR","?","M","R","R","T","R","R","?","$","M","R","BOSS","M","?","$","M","?","R","M","?"],"items_purchased_type":["Relic","Card","Relic","Relic","Relic","Relic","Card"],"build_version":"2020-12-22","purchased_purges":1,"victory":false,"max_hp_per_floor":[77,77,77,77,77,77,77,77,77,77,77,77,77,71,71,71,71,71,71,71,71,71,71,71,71,71,71,71,71,71,71,71,71,71,71,71,71,71,71,71,71,71,71],"card_choices":[{"not_picked":["theMarked:BanishingStrike","theMarked:EmpowerWeapon"],"picked":"theMarked:Aftermath","floor":1},{"not_picked":["theMarked:Frustration","theMarked:WastefulDefense"],"picked":"theMarked:KeepCalmAndFightOn","floor":2},{"not_picked":["theMarked:ResourceFulStrike","theMarked:RepellingDischarge"],"picked":"theMarked:SwordAndMagic","floor":3},{"not_picked":["theMarked:LightningStrikesTwice","theMarked:SwordAndMagic"],"picked":"theMarked:HeightenedSenses","floor":7},{"not_picked":["theMarked:TwofoldDefense","theMarked:ResourceFulStrike"],"picked":"theMarked:Reabsorb","floor":10},{"not_picked":["theMarked:BanishingWave","theMarked:MysticalArsenal"],"picked":"theMarked:Indomitable","floor":12},{"not_picked":["theMarked:Snap","theMarked:MuscleMemory"],"picked":"theMarked:ThrowWeapon","floor":16},{"not_picked":["theMarked:Aftermath","theMarked:Improvise+1"],"picked":"theMarked:SwordAndMagic+1","floor":18},{"not_picked":["theMarked:KeepCalmAndFightOn","theMarked:RogueSparks"],"picked":"theMarked:ElectricStrings+1","floor":19},{"not_picked":["Secret Weapon","Transmutation"],"picked":"Thinking Ahead","floor":21},{"not_picked":["Panacea","expansioncontent:ManipulateTime"],"picked":"Apotheosis","floor":21},{"not_picked":["theMarked:SwordAndMagic","theMarked:Improvise+1"],"picked":"theMarked:EmpowerWeapon+1","floor":22},{"not_picked":["theMarked:Seal","theMarked:Frustration"],"picked":"theMarked:BanishingStrike+1","floor":23},{"not_picked":["theMarked:BanishingStrike","theMarked:TwofoldDefense+1"],"picked":"theMarked:Electrocute","floor":31},{"not_picked":["theMarked:ThrowWeapon","theMarked:SummonStrength"],"picked":"theMarked:DispelDoubt","floor":33},{"not_picked":["theMarked:SwordAndMagic+1","theMarked:WastefulAttack+1"],"picked":"theMarked:EnhanceMovement+1","floor":35},{"not_picked":["theMarked:Frustration","theMarked:PowerFlow+1"],"picked":"theMarked:Static+1","floor":38},{"not_picked":["theMarked:Overthink+1","theMarked:TunnelVision+1"],"picked":"theMarked:RepellingDischarge+1","floor":41}],"player_experience":32855,"relics_obtained":[{"floor":4,"key":"HollowMod:LifeEnderRelic"},{"floor":9,"key":"White Beast Statue"},{"floor":12,"key":"WingedGreaves"},{"floor":26,"key":"Toxic Egg 2"},{"floor":29,"key":"Ring of Greed"},{"floor":29,"key":"Ring of Peace"},{"floor":29,"key":"Old Coin"},{"floor":29,"key":"MealTicket"},{"floor":34,"key":"ReplayTheSpireMod:TigerMarble"},{"floor":34,"key":"Pantograph"},{"floor":34,"key":"Counterbalance"}],"event_choices":[{"damage_healed":0,"gold_gain":100,"player_choice":"Pray","damage_taken":0,"max_hp_gain":0,"max_hp_loss":0,"event_name":"Golden Shrine","floor":5,"gold_loss":0},{"damage_healed":0,"gold_gain":0,"player_choice":"Lose Max HP","damage_taken":0,"relics_obtained":["Golden Idol"],"max_hp_gain":0,"max_hp_loss":6,"event_name":"Golden Idol","floor":14,"gold_loss":0},{"damage_healed":0,"gold_gain":0,"player_choice":"Leave","damage_taken":0,"max_hp_gain":0,"max_hp_loss":0,"event_name":"FaceTrader","floor":20,"gold_loss":0},{"damage_healed":18,"gold_gain":0,"player_choice":"Writhe","damage_taken":0,"max_hp_gain":0,"max_hp_loss":0,"event_name":"Winding Halls","floor":36,"gold_loss":0,"cards_obtained":["Writhe"]},{"damage_healed":0,"gold_gain":999,"player_choice":"Gold","damage_taken":0,"max_hp_gain":0,"max_hp_loss":0,"event_name":"MindBloom","floor":39,"gold_loss":0,"cards_obtained":["Normality","Normality"]},{"damage_healed":0,"gold_gain":0,"player_choice":"Fight","damage_taken":0,"max_hp_gain":0,"max_hp_loss":0,"event_name":"Mysterious Sphere","floor":42,"gold_loss":0}],"is_beta":false,"boss_relics":[{"not_picked":["Busted Crown","hubris:ScarierMask"],"picked":"hubris:HollowSoul"},{"not_picked":["Replay:Drink Me","Sozu"],"picked":"Calling Bell"}],"items_purged_floors":[30],"is_endless":false,"potions_floor_spawned":[2,7,10,12,16,18,19,22,23,31,33,35,38,41],"killed_by":"2 Orb Walkers","ascension_level":0}}