{"host":"3a1ypf1irl30q4k8","time":1608908437,"event":{"mods":["AchievementEnabler","BaseMod","Bestiary","Colored Map","Minty Spire (QoL Compilation)","Relic Stats"],"gold_per_floor":[117,77,92,108,122,122,151,151,151,180,180,199,199,253,253,253,253],"floor_reached":16,"playtime":644,"items_purged":[],"score":193,"play_id":"dba40d02-3921-4a24-b733-d60f5caff5d8","local_time":"20201225150037","is_ascension_mode":true,"campfire_choices":[{"data":"Combust","floor":6,"key":"SMITH"},{"floor":8,"key":"REST"},{"floor":11,"key":"REST"},{"data":"Dark Embrace","floor":15,"key":"SMITH"}],"circlet_count":0,"master_deck":["AscendersBane","Strike_R","Strike_R","Strike_R","Strike_R","Defend_R","Defend_R","Defend_R","Defend_R","Bash","Havoc","Dark Embrace+1","Combust+1","Thunderclap","Pommel Strike","Corruption","Seeing Red+1"],"relics":["Burning Blood","Eternal Feather","Toxic Egg 2","Pocketwatch","Bag of Preparation"],"acts_visited":["Exordium"],"potions_floor_usage":[12],"damage_taken":[{"damage":6.0,"enemies":"2 Louse","floor":1.0,"turns":3.0},{"damage":1.0,"enemies":"Cultist","floor":3.0,"turns":3.0},{"damage":16,"enemies":"Jaw Worm","floor":4,"turns":6},{"damage":12,"enemies":"2 Fungi Beasts","floor":5,"turns":3},{"damage":44,"enemies":"3 Sentries","floor":7,"turns":7},{"damage":28,"enemies":"Gremlin Nob","floor":10,"turns":4},{"damage":24,"enemies":"Gremlin Gang","floor":12,"turns":3},{"damage":60,"enemies":"Hexaghost","floor":16,"turns":7}],"seed_played":"-7454949956260077932","potions_obtained":[{"floor":2.0,"key":"SpeedPotion"},{"floor":2.0,"key":"Energy Potion"}],"is_trial":false,"path_per_floor":["M","?","M","M","M","R","E","R","T","E","R","M","?","T","R","B"],"character_chosen":"IRONCLAD","items_purchased":[],"campfire_rested":2,"item_purchase_floors":[],"current_hp_per_floor":[75,75,80,70,64,64,26,59,59,37,70,52,45,45,54,0,0],"gold":253,"neow_bonus":"TEN_PERCENT_HP_BONUS","is_daily":false,"chose_seed":false,"campfire_upgraded":2,"win_rate":0.0,"timestamp":1608908437,"path_taken":["M","?","M","M","M","R","E","R","T","E","R","M","?","?","R","BOSS"],"items_purchased_type":[],"build_version":"2020-12-22","purchased_purges":0,"victory":false,"max_hp_per_floor":[82,82,82,82,82,82,82,82,82,82,82,82,82,82,82,82,82],"relic_stats":{"counters":[8,36],"Eternal Feather":27,"Bag of Preparation":[2],"obtain_stats":[{"Eternal Feather":7,"Bag of Preparation":14,"Toxic Egg 2":9,"Burning Blood":0,"Pocketwatch":10},{"Eternal Feather":5,"Bag of Preparation":7,"Toxic Egg 2":5,"Burning Blood":0,"Pocketwatch":6},{"Eternal Feather":22,"Bag of Preparation":29,"Toxic Egg 2":22,"Burning Blood":0,"Pocketwatch":26}],"Burning Blood":42,"Pocketwatch":[18]},"card_choices":[{"not_picked":["Headbutt","Flex"],"picked":"Havoc","floor":1.0},{"not_picked":["Sword Boomerang","Iron Wave"],"picked":"Dark Embrace","floor":3},{"not_picked":["Pommel Strike","Thunderclap"],"picked":"Combust","floor":4},{"not_picked":["Iron Wave","Barricade"],"picked":"Thunderclap","floor":5},{"not_picked":["Flex","Combust"],"picked":"Pommel Strike","floor":7},{"not_picked":["Inflame","Combust"],"picked":"Corruption","floor":10},{"not_picked":["Hemokinesis","Twin Strike"],"picked":"Seeing Red+1","floor":12}],"player_experience":886826,"relics_obtained":[{"floor":7,"key":"Eternal Feather"},{"floor":9,"key":"Toxic Egg 2"},{"floor":10,"key":"Pocketwatch"},{"floor":14,"key":"Bag of Preparation"}],"event_choices":[{"damage_healed":0.0,"max_hp_gain":0.0,"max_hp_loss":0.0,"gold_gain":0.0,"event_name":"The Woman in Blue","player_choice":"Bought 3 Potions","floor":2.0,"gold_loss":0.0,"damage_taken":0.0},{"cards_removed":["Strike_R"],"damage_healed":0,"gold_gain":0,"player_choice":"Card Removal","damage_taken":7,"max_hp_gain":0,"max_hp_loss":0,"event_name":"Golden Wing","floor":13,"gold_loss":0}],"is_beta":false,"boss_relics":[],"items_purged_floors":[],"is_endless":false,"potions_floor_spawned":[3,4],"killed_by":"Hexaghost","ascension_level":15}}