{"host":"sav7uxregyirlf69","time":1608906246,"event":{"mods":["AchievementEnabler","BaseMod","Colored Map","DeckTracker","Keyboard Shortcuts","Minty Spire (QoL Compilation)","READ ME - Guardian Mod","StSLib","SuperFastMode"],"gold_per_floor":[114,129,129,144,159,189,204,204,204,234,249,279,354,354,354,454,454,469,484,499,514,514,544,544,574,624,624,444,483,498,537,537,646,646,661,323,323,323,347,386,386,416,441,441,480,355,385,385,385,385],"floor_reached":51,"playtime":1268,"items_purged":[],"score":1361,"play_id":"b20730f3-a805-4456-a50f-67ccbe6ac38c","local_time":"20201225232406","daily_mods":["Draft","Hoarder","Elite Swarm"],"is_ascension_mode":false,"campfire_choices":[{"data":"Seeing Red","floor":8,"key":"SMITH"},{"data":"Armaments","floor":15,"key":"SMITH"},{"data":"Seeing Red","floor":24,"key":"SMITH"},{"data":"Corruption","floor":32,"key":"SMITH"},{"data":"1","floor":41,"key":"LIFT"},{"data":"2","floor":44,"key":"LIFT"},{"data":"3","floor":49,"key":"LIFT"}],"circlet_count":0,"master_deck":["Iron Wave","Iron Wave","Iron Wave","Pommel Strike","Pommel Strike","Pommel Strike","Flame Barrier","Flame Barrier","Flame Barrier","Iron Wave","Iron Wave","Iron Wave","Clothesline","Clothesline","Clothesline","Cleave","Cleave","Cleave","Cleave","Cleave","Cleave","Shrug It Off","Shrug It Off","Shrug It Off","Seeing Red+1","Seeing Red","Seeing Red","Sword Boomerang","Sword Boomerang","Sword Boomerang+1","Seeing Red+1","Seeing Red","Wild Strike","Wild Strike","Wild Strike","Iron Wave","Iron Wave","Iron Wave","Body Slam+1","Body Slam","Body Slam","Armaments+1","Armaments","Armaments+1","Shrug It Off+1","Shrug It Off","Shrug It Off","Shrug It Off","Shrug It Off","Shrug It Off","Feed","Feed","Feed","Bludgeon","Bludgeon","Bludgeon","Immolate","Immolate","Immolate","Anger+1","Anger+1","Anger+1","Armaments+1","Armaments+1","Armaments+1","Carnage","Carnage","Carnage","Corruption","Corruption","Corruption+1","Inflame","Inflame","Inflame","Impervious","Impervious","Impervious","Reaper","Reaper","Reaper","Limit Break","Limit Break","Limit Break","Sword Boomerang","Sword Boomerang","Sword Boomerang","Feed","Feed","Feed","Offering","Offering","Offering"],"relics":["Burning Blood","Vajra","Pear","Potion Belt","InkBottle","Black Star","Red Skull","Centennial Puzzle","HornCleat","Magic Flower","CeramicFish","Membership Card","CaptainsWheel","Blue Candle","Bronze Scales","Orichalcum","Busted Crown","ClockworkSouvenir","Champion Belt","War Paint","Girya","Du-Vu Doll","Anchor","Torii","Whetstone","Lizard Tail","Strawberry","Bag of Preparation","White Beast Statue","Mummified Hand"],"acts_visited":["Exordium","TheCity","TheBeyond"],"potions_floor_usage":[16,23,23,29,29,33,33,50,50,50],"damage_taken":[{"damage":5,"enemies":"Small Slimes","floor":1,"turns":2},{"damage":0,"enemies":"Cultist","floor":2,"turns":2},{"damage":0,"enemies":"2 Louse","floor":4,"turns":2},{"damage":0,"enemies":"Large Slime","floor":5,"turns":7},{"damage":5,"enemies":"3 Sentries","floor":6,"turns":6},{"damage":1,"enemies":"Exordium Wildlife","floor":7,"turns":3},{"damage":3,"enemies":"Gremlin Nob","floor":10,"turns":4},{"damage":1,"enemies":"Blue Slaver","floor":11,"turns":2},{"damage":0,"enemies":"Lagavulin","floor":12,"turns":7},{"damage":0,"enemies":"Slime Boss","floor":16,"turns":6},{"damage":5,"enemies":"Shell Parasite","floor":18,"turns":5},{"damage":11,"enemies":"Spheric Guardian","floor":19,"turns":4},{"damage":0,"enemies":"3 Cultists","floor":20,"turns":3},{"damage":16,"enemies":"Cultist and Chosen","floor":21,"turns":5},{"damage":31,"enemies":"Gremlin Leader","floor":23,"turns":6},{"damage":28,"enemies":"Book of Stabbing","floor":25,"turns":5},{"damage":0,"enemies":"Slavers","floor":29,"turns":4},{"damage":0,"enemies":"Sentry and Sphere","floor":30,"turns":3},{"damage":25,"enemies":"Book of Stabbing","floor":31,"turns":7},{"damage":53,"enemies":"Champ","floor":33,"turns":11},{"damage":0,"enemies":"3 Darklings","floor":35,"turns":5},{"damage":0,"enemies":"Orb Walker","floor":39,"turns":4},{"damage":20,"enemies":"Reptomancer","floor":40,"turns":6},{"damage":21,"enemies":"Nemesis","floor":42,"turns":7},{"damage":8,"enemies":"Reptomancer","floor":45,"turns":4},{"damage":15,"enemies":"Giant Head","floor":47,"turns":6},{"damage":12,"enemies":"Donu and Deca","floor":50,"turns":5}],"seed_played":"-567031674859551473","potions_obtained":[{"floor":4,"key":"SteroidPotion"},{"floor":5,"key":"ColorlessPotion"},{"floor":6,"key":"Energy Potion"},{"floor":11,"key":"FearPotion"},{"floor":12,"key":"Regen Potion"},{"floor":18,"key":"Block Potion"},{"floor":23,"key":"BlessingOfTheForge"},{"floor":30,"key":"Strength Potion"},{"floor":33,"key":"Block Potion"},{"floor":45,"key":"BloodPotion"}],"is_trial":false,"path_per_floor":["M","M","?","M","M","E","M","R","T","E","M","E","?","?","R","B",null,"M","M","M","M","?","E","R","E","T","?","$","E","M","E","R","B",null,"M","$","?","?","M","E","R","E","T","R","E","$","E","?","R","B",null],"character_chosen":"IRONCLAD","items_purchased":["Membership Card","Inflame","ClockworkSouvenir","Champion Belt","War Paint","LiquidMemories","Bag of Preparation","SkillPotion","Energy Potion"],"campfire_rested":0,"item_purchase_floors":[28,28,36,36,36,36,46,46,46],"current_hp_per_floor":[80,80,72,78,80,80,80,80,90,90,93,96,85,90,90,99,104,104,99,107,97,97,72,72,50,50,28,28,56,65,55,55,44,116,116,116,110,110,110,110,110,98,98,98,120,120,114,102,102,124],"gold":385,"neow_bonus":"","is_daily":true,"chose_seed":false,"campfire_upgraded":4,"win_rate":0.0,"timestamp":1608906246,"path_taken":["M","M","?","M","?","E","M","R","T","E","M","E","?","?","R","BOSS","M","M","M","M","?","E","R","E","T","?","?","E","M","E","R","BOSS","M","$","?","?","?","E","R","E","T","R","E","$","E","?","R","BOSS"],"items_purchased_type":["Relic","Card","Relic","Relic","Relic","Potion","Relic","Potion","Potion"],"build_version":"2020-12-22","purchased_purges":0,"victory":true,"max_hp_per_floor":[80,80,80,80,80,80,80,80,90,90,93,96,96,101,101,104,104,104,104,107,107,107,107,107,107,107,112,112,112,112,116,116,116,116,116,116,110,110,110,110,110,110,110,110,120,120,120,120,120,124],"card_choices":[{"not_picked":["Havoc","Warcry"],"picked":"Iron Wave","floor":0},{"not_picked":["Reckless Charge","Seeing Red"],"picked":"Pommel Strike","floor":0},{"not_picked":["Searing Blow","Thunderclap"],"picked":"Flame Barrier","floor":0},{"not_picked":["Sentinel","Heavy Blade"],"picked":"Iron Wave","floor":0},{"not_picked":["Heavy Blade","Bloodletting"],"picked":"Clothesline","floor":0},{"not_picked":["Dual Wield","Heavy Blade"],"picked":"Cleave","floor":0},{"not_picked":["Heavy Blade","Clash"],"picked":"Cleave","floor":0},{"not_picked":["Power Through","Flex"],"picked":"Shrug It Off","floor":0},{"not_picked":["Heavy Blade","Combust"],"picked":"Seeing Red","floor":0},{"not_picked":["Clash","Armaments"],"picked":"Sword Boomerang","floor":0},{"not_picked":["Thunderclap","Perfected Strike"],"picked":"Seeing Red","floor":0},{"not_picked":["Dual Wield","Dropkick"],"picked":"Wild Strike","floor":0},{"not_picked":["Cleave","Havoc"],"picked":"Iron Wave","floor":0},{"not_picked":["Havoc","Disarm"],"picked":"Body Slam","floor":0},{"not_picked":["Clash","Rupture"],"picked":"Armaments","floor":0},{"not_picked":["Thunderclap","Combust","Sentinel"],"picked":"SKIP","floor":1},{"not_picked":["Entrench","Heavy Blade"],"picked":"Shrug It Off","floor":2},{"not_picked":["Seeing Red","Heavy Blade"],"picked":"Shrug It Off","floor":4},{"not_picked":["Clothesline","Searing Blow","Heavy Blade"],"picked":"SKIP","floor":5},{"not_picked":["Impervious","Exhume","Limit Break"],"picked":"SKIP","floor":6},{"not_picked":["Clash","Thunderclap","Wild Strike"],"picked":"SKIP","floor":7},{"not_picked":["Limit Break","Reaper"],"picked":"Feed","floor":10},{"not_picked":["Sever Soul","Metallicize","Warcry"],"picked":"SKIP","floor":11},{"not_picked":["Impervious","Reaper"],"picked":"Bludgeon","floor":12},{"not_picked":["Juggernaut","Impervious"],"picked":"Immolate","floor":16},{"not_picked":["Disarm","Dual Wield+1","Sword Boomerang"],"picked":"SKIP","floor":18},{"not_picked":["Clothesline+1","Warcry+1"],"picked":"Anger+1","floor":19},{"not_picked":["Fiend Fire","Combust","Havoc"],"picked":"SKIP","floor":20},{"not_picked":["Headbutt+1","Sword Boomerang"],"picked":"Armaments+1","floor":21},{"not_picked":["Barricade","Exhume","Double Tap"],"picked":"SKIP","floor":23},{"not_picked":["Brutality","Offering"],"picked":"Corruption","floor":25},{"not_picked":["Corruption","Double Tap"],"picked":"Impervious","floor":29},{"not_picked":["Body Slam","Metallicize","Cleave"],"picked":"SKIP","floor":30},{"not_picked":["Double Tap","Exhume"],"picked":"Reaper","floor":31},{"not_picked":["Barricade","Reaper"],"picked":"Limit Break","floor":33},{"not_picked":["Anger+1"],"picked":"SKIP","floor":35},{"not_picked":["Sword Boomerang"],"picked":"SKIP","floor":39},{"not_picked":[],"picked":"Sword Boomerang","floor":39},{"not_picked":[],"picked":"Feed","floor":40},{"not_picked":["Brutality"],"picked":"SKIP","floor":42},{"not_picked":[],"picked":"Offering","floor":45},{"not_picked":["Bludgeon"],"picked":"SKIP","floor":47}],"player_experience":1012610,"relics_obtained":[{"floor":6,"key":"Vajra"},{"floor":9,"key":"Pear"},{"floor":10,"key":"Potion Belt"},{"floor":12,"key":"InkBottle"},{"floor":23,"key":"Red Skull"},{"floor":23,"key":"Centennial Puzzle"},{"floor":25,"key":"HornCleat"},{"floor":25,"key":"Magic Flower"},{"floor":26,"key":"CeramicFish"},{"floor":29,"key":"CaptainsWheel"},{"floor":29,"key":"Blue Candle"},{"floor":31,"key":"Bronze Scales"},{"floor":31,"key":"Orichalcum"},{"floor":40,"key":"Girya"},{"floor":40,"key":"Du-Vu Doll"},{"floor":42,"key":"Anchor"},{"floor":42,"key":"Torii"},{"floor":43,"key":"Whetstone"},{"floor":45,"key":"Lizard Tail"},{"floor":45,"key":"Strawberry"},{"floor":47,"key":"White Beast Statue"},{"floor":47,"key":"Mummified Hand"}],"event_choices":[{"damage_healed":0,"gold_gain":0,"player_choice":"Damaged","damage_taken":8,"max_hp_gain":0,"max_hp_loss":0,"event_name":"Wheel of Change","floor":3,"gold_loss":0},{"damage_healed":0,"gold_gain":75,"player_choice":"Gather Gold","damage_taken":11,"max_hp_gain":0,"max_hp_loss":0,"event_name":"World of Goop","floor":13,"gold_loss":0},{"damage_healed":0,"gold_gain":0,"player_choice":"Donut","damage_taken":0,"max_hp_gain":5,"max_hp_loss":0,"event_name":"Big Fish","floor":14,"gold_loss":0},{"damage_healed":0,"gold_gain":0,"player_choice":"Read","damage_taken":0,"max_hp_gain":0,"max_hp_loss":0,"event_name":"The Library","floor":22,"gold_loss":0,"cards_obtained":["Carnage"]},{"damage_healed":0,"gold_gain":0,"player_choice":"Shed Blood","damage_taken":27,"max_hp_gain":5,"max_hp_loss":0,"event_name":"Forgotten Altar","floor":27,"gold_loss":0},{"damage_healed":0,"gold_gain":0,"player_choice":"Max HP","damage_taken":0,"max_hp_gain":0,"max_hp_loss":6,"event_name":"Winding Halls","floor":37,"gold_loss":0},{"cards_removed":["Seeing Red"],"damage_healed":0,"gold_gain":0,"player_choice":"Removed Skill","damage_taken":0,"max_hp_gain":0,"max_hp_loss":0,"event_name":"Falling","floor":38,"gold_loss":0},{"damage_healed":0,"gold_gain":0,"player_choice":"Damaged","damage_taken":12,"max_hp_gain":0,"max_hp_loss":0,"event_name":"Wheel of Change","floor":48,"gold_loss":0}],"is_beta":false,"boss_relics":[{"not_picked":["SacredBark","Astrolabe"],"picked":"Black Star"},{"not_picked":["Cursed Key","Coffee Dripper"],"picked":"Busted Crown"}],"items_purged_floors":[],"is_endless":false,"potions_floor_spawned":[4,5,6,11,12,18,21,23,30,33,45],"ascension_level":0}}