{"host":"ssbj2e5691x5ub3h","time":1608917830,"event":{"mods":["BaseMod","Duelist Mod","Minty Spire (QoL Compilation)","StSLib"],"gold_per_floor":[142,317,317,92,108,140,140,169,193,213,213,230,230,240,240,336,336,353,353,104,118,137,137,153,164,164,197,197,216,228,228,228],"floor_reached":31,"playtime":1477,"items_purged":["Doubt"],"score":363,"play_id":"bcbc0b6d-9587-4980-99ba-c71c09bbd9b4","local_time":"20201225153710","is_ascension_mode":true,"campfire_choices":[{"data":"theDuelist:DragonShield+1","floor":7,"key":"SMITH"},{"floor":11,"key":"REST"},{"floor":15,"key":"REST"},{"floor":23,"key":"REST"},{"data":"theDuelist:DragonShield+2","floor":28,"key":"SMITH"}],"circlet_count":0,"master_deck":["theDuelist:BabyDragon","theDuelist:CastleWalls","theDuelist:CastleWalls","theDuelist:CaveDragon","theDuelist:CaveDragon","theDuelist:LesserDragon","theDuelist:LesserDragon","theDuelist:Sparks","theDuelist:Sparks","theDuelist:YamataDragon","theDuelist:Mountain","theDuelist:CyberDragon","theDuelist:BlasterDragonInfernos","theDuelist:DragonShield+3","theDuelist:CoralDragon","theDuelist:MirageDragon","theDuelist:AncientRules","theDuelist:ChimeratechOverdragon","theDuelist:CoralDragon","theDuelist:TwinHeadedFire+1","theDuelist:BoosterDragon","theDuelist:FrostflameDragon","theDuelist:ThunderDragon","theDuelist:CyberTwinDragon"],"relics":["theDuelist:MillenniumPuzzle","theDuelist:CardPoolRelic","theDuelist:CardPoolBasicRelic","theDuelist:BoosterPackPoolRelic","theDuelist:CardPoolAddRelic","theDuelist:CardPoolMinusRelic","theDuelist:CardPoolSaveRelic","theDuelist:CardPoolOptionsRelic","Toy Ornithopter","theDuelist:ZoneToken","theDuelist:DragonBurnRelic","Ancient Tea Set","Runic Dome","theDuelist:DragonRelicC","theDuelist:GiftAnubis","theDuelist:MillenniumRod"],"acts_visited":["Exordium","TheCity"],"potions_floor_usage":[16,24,27],"damage_taken":[{"damage":2,"enemies":"Small Slimes","floor":1,"turns":3},{"damage":11,"enemies":"2 Louse","floor":5,"turns":3},{"damage":13,"enemies":"Gremlin Nob","floor":6,"turns":4},{"damage":25,"enemies":"3 Sentries","floor":8,"turns":9},{"damage":0,"enemies":"Cultist","floor":10,"turns":2},{"damage":0,"enemies":"2 Fungi Beasts","floor":12,"turns":3},{"damage":0,"enemies":"Exordium Thugs","floor":14,"turns":4},{"damage":29,"enemies":"Hexaghost","floor":16,"turns":9},{"damage":11,"enemies":"2 Thieves","floor":18,"turns":4},{"damage":2,"enemies":"Shell Parasite","floor":21,"turns":5},{"damage":16,"enemies":"Snecko","floor":22,"turns":4},{"damage":23,"enemies":"Centurion and Healer","floor":24,"turns":5},{"damage":9,"enemies":"Sentry and Sphere","floor":25,"turns":4},{"damage":2,"enemies":"Book of Stabbing","floor":27,"turns":4},{"damage":0,"enemies":"Snecko","floor":29,"turns":3},{"damage":17,"enemies":"Cultist and Chosen","floor":30,"turns":5},{"damage":29,"enemies":"Gremlin Leader","floor":31,"turns":3}],"seed_played":"-2012450137422498495","potions_obtained":[{"floor":5,"key":"theDuelist:TributeBottle"},{"floor":8,"key":"theDuelist:SolderPotionB"},{"floor":14,"key":"SpeedPotion"},{"floor":21,"key":"theDuelist:WaterBottle"},{"floor":25,"key":"SmokeBomb"}],"is_trial":false,"path_per_floor":["M","?","?","$","M","E","R","E","T","M","R","M","$","M","R","B",null,"M","?","$","M","M","R","M","M","T","E","R","M","M","E"],"character_chosen":"THE_DUELIST","items_purchased":["Toy Ornithopter","theDuelist:DragonRelicC"],"campfire_rested":3,"item_purchase_floors":[4,20],"current_hp_per_floor":[70,70,70,70,59,46,46,21,21,21,45,45,45,45,69,45,71,60,60,60,58,42,66,48,39,39,42,42,42,25,0,0],"gold":228,"neow_bonus":"TRANSFORM_CARD","is_daily":false,"chose_seed":false,"campfire_upgraded":2,"win_rate":0.0,"timestamp":1608917830,"path_taken":["M","?","?","$","?","E","R","E","T","M","R","M","$","M","R","BOSS","M","?","$","M","M","R","M","M","T","E","R","M","M","E"],"items_purchased_type":["Relic","Relic"],"build_version":"2020-12-22","purchased_purges":1,"victory":false,"max_hp_per_floor":[80,80,80,80,80,80,80,80,80,80,80,80,80,80,80,80,80,80,80,80,80,80,80,80,80,80,80,80,80,80,80,80],"card_choices":[{"not_picked":["theDuelist:GiantRex","theDuelist:GenesisDragon"],"picked":"theDuelist:CyberDragon","floor":1},{"not_picked":["theDuelist:VoidOgreDragon","theDuelist:FiveHeaded"],"picked":"theDuelist:BlasterDragonInfernos","floor":5},{"not_picked":["theDuelist:VeilDarkness+1","theDuelist:SpiralSpearStrike+1","theDuelist:SafeZone","theDuelist:FireDarts"],"picked":"theDuelist:DragonShield+1","floor":6},{"not_picked":["theDuelist:ViceDragon","theDuelist:HazyFlameHydra","theDuelist:CyberDinosaur","theDuelist:UltraEvolutionPill"],"picked":"theDuelist:CoralDragon","floor":8},{"not_picked":["theDuelist:Kabazauls","theDuelist:Earthquake","theDuelist:BlackBrutdrago","theDuelist:BusterBlader"],"picked":"theDuelist:MirageDragon","floor":10},{"not_picked":["theDuelist:ViceDragon","theDuelist:SafeZone","theDuelist:Duoterion","theDuelist:DefenseZone","theDuelist:Kabazauls"],"picked":"SKIP","floor":12},{"not_picked":["theDuelist:TwinHeadedBehemoth","theDuelist:LavaDragon","theDuelist:LesserDragon","theDuelist:CyberneticOverflow"],"picked":"theDuelist:AncientRules","floor":14},{"not_picked":["theDuelist:StardustDragon","theDuelist:DragonMastery","theDuelist:BerserkScales","theDuelist:ArmageddonDragonEmp"],"picked":"theDuelist:ChimeratechOverdragon","floor":16},{"not_picked":["theDuelist:BlackStego","theDuelist:CyberDragonNachster","theDuelist:DefenseZone+1","theDuelist:CyberValley"],"picked":"theDuelist:CoralDragon","floor":18},{"not_picked":["theDuelist:MirageDragon+1","theDuelist:CyberDragonVier","theDuelist:MadSwordBeast","theDuelist:WaterDragonCluster"],"picked":"theDuelist:TwinHeadedFire+1","floor":21},{"not_picked":["theDuelist:MiraculousDescent","theDuelist:GalaxySoldier","theDuelist:ArtifactSanctum","theDuelist:Berserking"],"picked":"theDuelist:BoosterDragon","floor":22},{"not_picked":["theDuelist:SpiralSpearStrike+1","theDuelist:Pyrorex","theDuelist:CyberDragonNachster","theDuelist:SoulCharge"],"picked":"theDuelist:FrostflameDragon","floor":24},{"not_picked":["theDuelist:YamataDragon","theDuelist:ScrapIronScarecrow","theDuelist:TornadoDragon+1","theDuelist:DefenseZone","theDuelist:Beatraptor"],"picked":"SKIP","floor":25},{"not_picked":["theDuelist:DarkDriceratops","theDuelist:RedHeadedOni+1","theDuelist:MadFlameKaiju","theDuelist:RedEyesZombie"],"picked":"theDuelist:ThunderDragon","floor":27},{"not_picked":["theDuelist:Kabazauls","theDuelist:BlackPtera+1","theDuelist:TrihornedDragon","theDuelist:BlackBrachios"],"picked":"theDuelist:CyberTwinDragon","floor":29},{"not_picked":["theDuelist:FiveHeaded+1","theDuelist:BlueEyes+1","theDuelist:BarrelDragon+1"],"picked":"SKIP","floor":30}],"player_experience":219566,"relics_obtained":[{"floor":6,"key":"theDuelist:ZoneToken"},{"floor":8,"key":"theDuelist:DragonBurnRelic"},{"floor":9,"key":"Ancient Tea Set"},{"floor":26,"key":"theDuelist:GiftAnubis"},{"floor":27,"key":"theDuelist:MillenniumRod"}],"event_choices":[{"damage_healed":0,"gold_gain":175,"player_choice":"AGREE","damage_taken":0,"max_hp_gain":0,"max_hp_loss":0,"event_name":"Liars Game","floor":2,"gold_loss":0,"cards_obtained":["Doubt"]},{"damage_healed":0,"gold_gain":0,"player_choice":"Leave","duelist":true,"damage_taken":0,"max_hp_gain":0,"max_hp_loss":0,"event_name":"Card Trader","floor":3,"gold_loss":0},{"damage_healed":0,"gold_gain":0,"player_choice":"Leave","duelist":true,"damage_taken":0,"max_hp_gain":0,"max_hp_loss":0,"event_name":"Relic Duplicator","floor":19,"gold_loss":0}],"is_beta":false,"boss_relics":[{"not_picked":["Runic Cube","Fusion Hammer"],"picked":"Runic Dome"}],"items_purged_floors":[4],"is_endless":false,"potions_floor_spawned":[5,8,14,21,25],"killed_by":"Gremlin Leader","ascension_level":7}}