{"host":"vtat3rddyckbno30","time":1608915392,"event":{"mods":["AchievementEnabler","BaseMod","BetterRewards","Colored Map","Downfall","Highlight Path","Minty Spire (QoL Compilation)","Replay The Spire","StSLib","everything is the same but u backflip on backflip"],"gold_per_floor":[119,138,138,138,156,156,167,202,202,231,249,259,270,270,270,366,366,378,393,419,434,434,434,162,182,182,182,182,209,209,222,222,322,322,340,170,392,402,419,419,449,449,449,449,449,467,467,481,481,481,481],"floor_reached":50,"playtime":3904,"items_purged":["Strike_G"],"score":752,"play_id":"fca6b8ec-9ac9-46a2-ac7f-d44f01dc1651","local_time":"20201225175632","is_ascension_mode":false,"campfire_choices":[{"data":"Apotheosis","floor":6.0,"key":"SMITH"},{"floor":15.0,"key":"REST"},{"data":"Defend_G","floor":23.0,"key":"PURGE"},{"floor":28.0,"key":"REST"},{"floor":42,"key":"RECALL"},{"floor":49,"key":"REST"}],"circlet_count":0,"master_deck":["Defend_G","Defend_G","Survivor","Neutralize","Apotheosis+1","Acrobatics","Dagger Spray","Flying Knee","Skewer","Blur+1","Panacea","Flying Knee","Prepared+1","Tools of the Trade","Replay:Bag of Tricks","Midas Touch","Sickly","Tactician","Madness","Madness"],"relics":["Ring of the Snake","Ice Cream","Thread and Needle","Replay:Multitool","Strawberry","Busted Crown","Red Mask","Blue Doll","Sundial","Oddly Smooth Stone","Replay:Grab Bag","ReplayTheSpireMod:Onyx Gauntlets","Fusion Hammer","SlaversCollar","Empty Cage","Centennial Puzzle","ReplayTheSpireMod:Ring of Collecting","Ring of Hypnosis"],"acts_visited":["Exordium","TheCity","TheBeyond"],"potions_floor_usage":[50,50,50],"damage_taken":[{"damage":9.0,"enemies":"2 Louse","floor":1.0,"turns":3.0},{"damage":0.0,"enemies":"Small Slimes","floor":5.0,"turns":4.0},{"damage":1.0,"enemies":"Jaw Worm","floor":7.0,"turns":4.0},{"damage":13.0,"enemies":"3 Sentries","floor":8.0,"turns":9.0},{"damage":29.0,"enemies":"Gremlin Nob","floor":10.0,"turns":5.0},{"damage":0.0,"enemies":"Large Slime","floor":11.0,"turns":8.0},{"damage":4.0,"enemies":"Gremlin Gang","floor":12.0,"turns":4.0},{"damage":0.0,"enemies":"Looter","floor":13.0,"turns":3.0},{"damage":18.0,"enemies":"Slime Boss","floor":16.0,"turns":9.0},{"damage":5.0,"enemies":"2 Thieves","floor":18.0,"turns":4.0},{"damage":0.0,"enemies":"Chosen","floor":19.0,"turns":5.0},{"damage":18.0,"enemies":"Masked Bandits","floor":20.0,"turns":7.0},{"damage":4.0,"enemies":"3 Cultists","floor":21.0,"turns":5.0},{"damage":0.0,"enemies":"Snake Plant","floor":25.0,"turns":5.0},{"damage":0.0,"enemies":"Replay:Snechameleon","floor":29.0,"turns":6.0},{"damage":13.0,"enemies":"Shelled Parasite and Fungi","floor":31.0,"turns":5.0},{"damage":0.0,"enemies":"Automaton","floor":33.0,"turns":11.0},{"damage":0.0,"enemies":"3 Darklings","floor":35.0,"turns":5.0},{"damage":13,"enemies":"Orb Walker","floor":38,"turns":3},{"damage":2,"enemies":"Spire Growth","floor":39,"turns":3},{"damage":0,"enemies":"R_Hoarder","floor":41,"turns":5},{"damage":38,"enemies":"4 Shapes","floor":46,"turns":6},{"damage":16,"enemies":"Maw","floor":48,"turns":5},{"damage":54,"enemies":"Awakened One","floor":50,"turns":4}],"seed_played":"-3236910111012557016","potions_obtained":[{"floor":7.0,"key":"DuplicationPotion"},{"floor":11.0,"key":"FearPotion"},{"floor":13.0,"key":"sneckomod:MuddlingPotion"},{"floor":16.0,"key":"Regen Potion"},{"floor":18.0,"key":"Venom Potion"},{"floor":20.0,"key":"Cursed Concoction"},{"floor":38,"key":"Strength Potion"}],"is_trial":false,"path_per_floor":["M","?","?","?","M","R","M","E","T","E","M","M","M","?","R","B",null,"M","M","?","M","?","R","$","M","T","?","R","E","R","M","R_BF","B",null,"M","$","?","M","M","R","E","R","T","R","?","M","R","M","R","B"],"character_chosen":"THE_SILENT","items_purchased":["Apotheosis","Acrobatics","Flying Knee","Blue Doll","Midas Touch"],"campfire_rested":3,"item_purchase_floors":[0,0,24,24,36],"current_hp_per_floor":[56,56,49,49,49,49,48,35,35,13,13,9,9,9,32,14,77,72,72,54,50,50,50,50,50,50,50,73,73,59,46,70,70,82,82,82,82,69,67,82,82,82,82,82,82,44,34,18,42,0,0],"gold":481,"neow_bonus":"","is_daily":false,"chose_seed":false,"campfire_upgraded":1,"win_rate":0.0,"timestamp":1608915392,"path_taken":["M","?","?","?","M","R","M","E","T","E","M","M","?","?","R","BOSS","M","M","?","M","?","R","$","?","T","?","R","E","R","M","R_BF","BOSS","M","$","?","M","M","R","E","R","T","R","?","?","R","M","R","BOSS"],"items_purchased_type":["Card","Card","Card","Relic","Card"],"build_version":"2020-12-22","purchased_purges":1,"victory":false,"max_hp_per_floor":[70,70,70,70,70,70,70,70,70,77,77,77,77,77,77,77,77,77,77,77,77,77,77,77,77,77,77,77,77,82,82,82,82,82,82,82,82,82,82,82,82,82,82,82,82,82,82,82,82,82,82],"card_choices":[{"not_picked":["Replay:Poison Smokescreen","Slice"],"picked":"Dagger Spray","floor":1.0},{"not_picked":["Underhanded Strike","Caltrops"],"picked":"Flying Knee","floor":2.0},{"not_picked":["Deadly Poison","Sucker Punch","Dodge and Roll"],"picked":"SKIP","floor":5.0},{"not_picked":["Dodge and Roll","Backflip"],"picked":"Skewer","floor":7.0},{"not_picked":["Riddle With Holes","Hidden Blade"],"picked":"Blur","floor":8.0},{"not_picked":["Dagger Spray","All Out Attack","Toxin Wave"],"picked":"SKIP","floor":10.0},{"not_picked":["Acrobatics","ReplayTheSpireMod:Shiv Toss","Blade Dance"],"picked":"SKIP","floor":11.0},{"not_picked":["Dodge and Roll","Deflect","PiercingWail"],"picked":"SKIP","floor":12.0},{"not_picked":["Sucker Punch","Slice","Skewer"],"picked":"SKIP","floor":13.0},{"not_picked":["ReplayTheSpireMod:Shiv Toss"],"picked":"SKIP","floor":18.0},{"not_picked":["Acrobatics"],"picked":"SKIP","floor":19.0},{"not_picked":["Hidden Blade+1"],"picked":"SKIP","floor":21.0},{"not_picked":["Dagger Spray+1"],"picked":"SKIP","floor":25.0},{"not_picked":["ReplayTheSpireMod:Exploit Weakness"],"picked":"SKIP","floor":29.0},{"not_picked":["Crippling Poison"],"picked":"SKIP","floor":31.0},{"not_picked":[],"picked":"Replay:Bag of Tricks","floor":33.0},{"not_picked":["Hidden Blade+1"],"picked":"SKIP","floor":35.0},{"not_picked":["Reflex+1"],"picked":"SKIP","floor":38},{"not_picked":["Quick Slash+1"],"picked":"SKIP","floor":39},{"not_picked":["Deflect+1"],"picked":"SKIP","floor":41},{"not_picked":[],"picked":"Tactician","floor":46},{"not_picked":["Deflect+1"],"picked":"SKIP","floor":48}],"player_experience":526089,"relics_obtained":[{"floor":2.0,"key":"Ice Cream"},{"floor":8.0,"key":"Thread and Needle"},{"floor":9.0,"key":"Replay:Multitool"},{"floor":10.0,"key":"Strawberry"},{"floor":20.0,"key":"Red Mask"},{"floor":26.0,"key":"Sundial"},{"floor":29.0,"key":"Oddly Smooth Stone"},{"floor":41,"key":"Centennial Puzzle"},{"floor":44,"key":"ReplayTheSpireMod:Ring of Collecting"},{"floor":44,"key":"Ring of Hypnosis"}],"event_choices":[{"cards_removed":["Strike_G"],"damage_healed":0.0,"max_hp_gain":0.0,"max_hp_loss":0.0,"gold_gain":0.0,"event_name":"Golden Wing","player_choice":"Card Removal","floor":3.0,"gold_loss":0.0,"damage_taken":7.0},{"damage_healed":0.0,"max_hp_gain":0.0,"max_hp_loss":0.0,"gold_gain":0.0,"event_name":"NoteForYourself","player_choice":"Ignored","floor":4.0,"gold_loss":0.0,"damage_taken":0.0},{"cards_removed":["Strike_G"],"damage_healed":0.0,"max_hp_gain":0.0,"max_hp_loss":0.0,"gold_gain":0.0,"event_name":"Living Wall","player_choice":"Forget","floor":14.0,"gold_loss":0.0,"damage_taken":0.0},{"damage_healed":0.0,"max_hp_gain":0.0,"max_hp_loss":0.0,"gold_gain":0.0,"event_name":"Masked Bandits","player_choice":"Fought Bandits","floor":20.0,"gold_loss":0.0,"damage_taken":0.0},{"damage_healed":0.0,"max_hp_gain":0.0,"max_hp_loss":0.0,"gold_gain":0.0,"event_name":"Match and Keep!","player_choice":"1 cards matched","floor":22.0,"gold_loss":0.0,"damage_taken":0.0,"cards_obtained":["Panacea"]},{"damage_healed":0.0,"max_hp_gain":0.0,"max_hp_loss":0.0,"gold_gain":0.0,"cards_transformed":["Strike_G","Defend_G"],"event_name":"Drug Dealer","player_choice":"Became Test Subject","floor":27.0,"gold_loss":0.0,"damage_taken":0.0,"cards_obtained":["Prepared","Tools of the Trade"]},{"damage_healed":0.0,"max_hp_gain":5.0,"max_hp_loss":0.0,"gold_gain":0.0,"event_name":"Forgotten Altar","player_choice":"Shed Blood","floor":30.0,"gold_loss":0.0,"damage_taken":19.0},{"damage_healed":0.0,"max_hp_gain":0.0,"max_hp_loss":0.0,"gold_gain":222.0,"event_name":"Tomb of Lord Red Mask","player_choice":"Wore Mask","floor":37.0,"gold_loss":0.0,"damage_taken":0.0},{"damage_healed":0,"gold_gain":0,"player_choice":"Full Heal","damage_taken":0,"max_hp_gain":0,"max_hp_loss":0,"event_name":"Wheel of Change","floor":45,"gold_loss":0},{"damage_healed":0,"gold_gain":0,"player_choice":"Embrace Madness","damage_taken":10,"max_hp_gain":0,"max_hp_loss":0,"event_name":"Winding Halls","floor":47,"gold_loss":0,"cards_obtained":["Madness","Madness"]}],"is_beta":false,"boss_relics":[{"not_picked":["Snecko Eye","Astrolabe"],"picked":"Busted Crown"},{"not_picked":["Snecko Scales","Painkiller Herb"],"picked":"Replay:Grab Bag"},{"not_picked":["ChewingGum","Coffee Dripper"],"picked":"ReplayTheSpireMod:Onyx Gauntlets"},{"not_picked":["Abe\u0027s Treasure","Replay:Bronze Core"],"picked":"Fusion Hammer"},{"not_picked":["WristBlade","SacredBark"],"picked":"SlaversCollar"},{"not_picked":["Pandora\u0027s Box","Kintsugi"],"picked":"Empty Cage"}],"items_purged_floors":[24],"is_endless":false,"potions_floor_spawned":[7,11,13,16,18,20,31,38,46,48],"killed_by":"Awakened One","ascension_level":0}}