{"host":"tknto047uabgu3zm","time":1608864059,"event":{"mods":["AchievementEnabler","BaseMod","Block Reminder","Colored Map","Colored Powertips","Highlight Path","Minty Spire (QoL Compilation)","MonsterHotkey","Permanent Neow","Random Character Button","Rare Cards Sparkle","Relic Sorter","StSLib"],"gold_per_floor":[115,115,215,233,246,279,279,279,353,28,43,62,62,72,72,145,145,155,173,185,211,211,211,237,274,286,298,364,376,406,437,449,461,461],"floor_reached":33,"playtime":1422,"items_purged":[],"score":571,"play_id":"92a64d81-46a7-4b80-b532-fc4cf2cc5650","local_time":"20201224184059","is_ascension_mode":true,"campfire_choices":[{"data":"Skewer","floor":7.0,"key":"SMITH"},{"floor":15.0,"key":"REST"},{"floor":23,"key":"REST"},{"floor":27,"key":"REST"},{"data":"Malaise","floor":29,"key":"SMITH"},{"floor":32,"key":"REST"}],"circlet_count":0,"master_deck":["AscendersBane","Strike_G","Strike_G","Strike_G","Defend_G","Defend_G","Defend_G","Survivor","Neutralize+1","Dodge and Roll","Skewer+1","Malaise+1","Blade Dance","Infinite Blades","Noxious Fumes","Escape Plan","Corpse Explosion","Storm of Steel+1","Backstab+1","Footwork+1","Noxious Fumes","Expertise","Bouncing Flask","Bouncing Flask+1","Blur","Accuracy"],"relics":["Runic Dome","Omamori","White Beast Statue","Vajra","Orichalcum","Astrolabe","Red Mask","The Specimen","MawBank","Du-Vu Doll","Molten Egg 2","Art of War"],"acts_visited":["Exordium","TheCity"],"potions_floor_usage":[19,20,20,25,30,31,33,33],"damage_taken":[{"damage":0.0,"enemies":"Jaw Worm","floor":1.0,"turns":5.0},{"damage":0.0,"enemies":"2 Louse","floor":4.0,"turns":3.0},{"damage":0.0,"enemies":"Cultist","floor":5.0,"turns":4.0},{"damage":23.0,"enemies":"3 Sentries","floor":6.0,"turns":12.0},{"damage":0.0,"enemies":"Looter","floor":11.0,"turns":2.0},{"damage":12.0,"enemies":"Exordium Thugs","floor":12.0,"turns":2.0},{"damage":0.0,"enemies":"Blue Slaver","floor":14.0,"turns":2.0},{"damage":0.0,"enemies":"The Guardian","floor":16.0,"turns":11.0},{"damage":5,"enemies":"Shell Parasite","floor":18,"turns":8},{"damage":14,"enemies":"Chosen","floor":19,"turns":6},{"damage":3,"enemies":"3 Cultists","floor":20,"turns":4},{"damage":24,"enemies":"Masked Bandits","floor":21,"turns":3},{"damage":20,"enemies":"Slavers","floor":25,"turns":3},{"damage":12,"enemies":"Chosen and Byrds","floor":30,"turns":5},{"damage":0,"enemies":"Shelled Parasite and Fungi","floor":31,"turns":3},{"damage":63,"enemies":"Collector","floor":33,"turns":6}],"seed_played":"-3355272084905942156","potions_obtained":[{"floor":1.0,"key":"Fruit Juice"},{"floor":11.0,"key":"Dexterity Potion"},{"floor":12.0,"key":"Regen Potion"},{"floor":16.0,"key":"Block Potion"},{"floor":19,"key":"DistilledChaos"},{"floor":20,"key":"Ancient Potion"},{"floor":21,"key":"AttackPotion"},{"floor":25,"key":"Block Potion"},{"floor":30,"key":"EntropicBrew"},{"floor":31,"key":"CultistPotion"}],"is_trial":false,"path_per_floor":["M","?","?","M","M","E","R","?","T","$","M","M","$","M","R","B",null,"M","M","M","?","?","R","T","E","T","R","T","R","M","M","R","B"],"character_chosen":"THE_SILENT","items_purchased":["Vajra","Orichalcum"],"campfire_rested":4,"item_purchase_floors":[10,10],"current_hp_per_floor":[59,59,64,64,64,41,41,41,41,41,41,29,29,29,50,50,66,61,47,56,32,32,53,53,33,33,54,54,54,42,42,63,0,0],"gold":461,"neow_bonus":"BOSS_RELIC","is_daily":false,"chose_seed":false,"campfire_upgraded":2,"win_rate":0.0,"timestamp":1608864059,"path_taken":["M","?","?","?","M","E","R","?","T","?","M","M","$","M","R","BOSS","M","M","M","?","?","R","?","E","T","R","?","R","M","?","R","BOSS"],"items_purchased_type":["Relic","Relic"],"build_version":"2020-12-22","purchased_purges":0,"victory":false,"max_hp_per_floor":[66,66,71,71,71,71,71,71,71,71,71,71,71,71,71,71,71,71,71,71,71,71,71,71,71,71,71,71,71,71,71,71,71,71],"card_choices":[{"not_picked":["Setup","Deflect"],"picked":"Dodge and Roll","floor":1.0},{"not_picked":["Dodge and Roll","Dagger Throw"],"picked":"Skewer","floor":4.0},{"not_picked":["Dagger Spray","Distraction"],"picked":"Malaise","floor":5.0},{"not_picked":["Sucker Punch","Distraction"],"picked":"Blade Dance","floor":6.0},{"not_picked":["Dodge and Roll","Deflect"],"picked":"Infinite Blades","floor":11.0},{"not_picked":["Underhanded Strike","All Out Attack"],"picked":"Noxious Fumes","floor":12.0},{"not_picked":["Predator","Acrobatics"],"picked":"Escape Plan","floor":14.0},{"not_picked":["Burst","Unload"],"picked":"Corpse Explosion","floor":16.0},{"not_picked":["Predator","Prepared"],"picked":"Noxious Fumes","floor":18},{"not_picked":["Reflex","Dodge and Roll"],"picked":"Expertise","floor":19},{"not_picked":["Outmaneuver","Choke"],"picked":"Bouncing Flask","floor":20},{"not_picked":["Dagger Throw","Terror"],"picked":"Bouncing Flask+1","floor":25},{"not_picked":["Endless Agony+1","Bane+1"],"picked":"Blur","floor":30},{"not_picked":["Acrobatics","Cloak And Dagger"],"picked":"Accuracy","floor":31}],"player_experience":466271,"relics_obtained":[{"floor":6.0,"key":"Omamori"},{"floor":9.0,"key":"White Beast Statue"},{"floor":21,"key":"Red Mask"},{"floor":24,"key":"MawBank"},{"floor":25,"key":"Du-Vu Doll"},{"floor":26,"key":"Molten Egg 2"},{"floor":28,"key":"Art of War"}],"event_choices":[{"damage_healed":0.0,"max_hp_gain":0.0,"max_hp_loss":0.0,"gold_gain":0.0,"event_name":"Living Wall","player_choice":"Grow","floor":2.0,"gold_loss":0.0,"damage_taken":0.0,"cards_upgraded":["Neutralize"]},{"damage_healed":0.0,"max_hp_gain":0.0,"max_hp_loss":0.0,"gold_gain":100.0,"event_name":"Wheel of Change","player_choice":"Gold","floor":3.0,"gold_loss":0.0,"damage_taken":0.0},{"cards_removed":["Strike_G"],"damage_healed":0.0,"max_hp_gain":0.0,"max_hp_loss":0.0,"gold_gain":0.0,"event_name":"Purifier","player_choice":"Purged","floor":8.0,"gold_loss":0.0,"damage_taken":0.0},{"damage_healed":0,"gold_gain":0,"player_choice":"Fought Bandits","damage_taken":0,"max_hp_gain":0,"max_hp_loss":0,"event_name":"Masked Bandits","floor":21,"gold_loss":0},{"damage_healed":0,"gold_gain":0,"player_choice":"Opened","damage_taken":0,"relics_obtained":["The Specimen"],"max_hp_gain":0,"max_hp_loss":0,"event_name":"The Mausoleum","floor":22,"gold_loss":0,"cards_obtained":["Writhe"]}],"is_beta":false,"boss_relics":[{"not_picked":["Tiny House","Black Star"],"picked":"Astrolabe"}],"items_purged_floors":[],"is_endless":false,"potions_floor_spawned":[1,11,12,14,16,18,19,20,21,25,30,31],"killed_by":"Collector","ascension_level":16}}