{"host":"qxeepl7ydvsgmfdb","time":1608909849,"event":{"mods":["AchievementEnabler","BaseMod","Colored Powertips","Minty Spire (QoL Compilation)","Quick Restart","slay the spire mod where everything is the same but ironclad has a cowboy hat"],"gold_per_floor":[116,94,169,169,181,215,228,228,228,256,256,256,272,291,291,291,291],"floor_reached":16,"playtime":412,"items_purged":[],"score":176,"play_id":"decfd97d-2e05-448f-847a-e692465ce4a8","local_time":"20201225102409","is_ascension_mode":true,"campfire_choices":[{"floor":8,"key":"REST"},{"floor":12,"key":"REST"},{"floor":15,"key":"REST"}],"circlet_count":0,"master_deck":["Strike_G","Strike_G","Strike_G","Strike_G","Strike_G","Defend_G","Defend_G","Defend_G","Defend_G","Defend_G","Survivor","Neutralize","Backflip","Deadly Poison","Cloak And Dagger","Cloak And Dagger","Blade Dance","Backstab","Acrobatics"],"relics":["Ring of the Snake","NeowsBlessing","Lantern","Ornamental Fan","Gremlin Horn","Question Card","CultistMask"],"acts_visited":["Exordium"],"potions_floor_usage":[10,16,16],"damage_taken":[{"damage":0,"enemies":"Jaw Worm","floor":1,"turns":1},{"damage":0,"enemies":"Small Slimes","floor":5,"turns":1},{"damage":0,"enemies":"3 Sentries","floor":6,"turns":1},{"damage":1,"enemies":"2 Louse","floor":7,"turns":2},{"damage":30,"enemies":"Gremlin Nob","floor":10,"turns":5},{"damage":0,"enemies":"Gremlin Gang","floor":13,"turns":3},{"damage":0,"enemies":"Looter","floor":14,"turns":2},{"damage":67,"enemies":"Slime Boss","floor":16,"turns":11}],"seed_played":"6639598439725272652","potions_obtained":[{"floor":1,"key":"Block Potion"},{"floor":13,"key":"LiquidMemories"},{"floor":14,"key":"SpeedPotion"}],"is_trial":false,"path_per_floor":["M","$","?","?","M","E","M","R","T","E","?","R","M","M","R","B"],"character_chosen":"THE_SILENT","items_purchased":["Deadly Poison"],"campfire_rested":3,"item_purchase_floors":[2],"current_hp_per_floor":[63,63,52,34,34,34,33,54,54,24,24,45,45,45,66,0,0],"gold":291,"neow_bonus":"THREE_ENEMY_KILL","is_daily":false,"chose_seed":false,"campfire_upgraded":0,"win_rate":0.0,"timestamp":1608909849,"path_taken":["M","$","?","?","M","E","M","R","T","E","?","R","?","M","R","BOSS"],"items_purchased_type":["Card"],"build_version":"2020-12-22","purchased_purges":0,"victory":false,"max_hp_per_floor":[70,70,70,70,70,70,70,70,70,70,70,70,70,70,70,70,70],"card_choices":[{"not_picked":["Bouncing Flask","Blade Dance"],"picked":"Backflip","floor":1},{"not_picked":["Dagger Throw","Calculated Gamble"],"picked":"Cloak And Dagger","floor":5},{"not_picked":["Acrobatics","Flechettes"],"picked":"Cloak And Dagger","floor":6},{"not_picked":["Calculated Gamble","Dagger Throw"],"picked":"Blade Dance","floor":7},{"not_picked":["Bane","Underhanded Strike"],"picked":"Backstab","floor":10},{"not_picked":["Outmaneuver","Leg Sweep","Finisher"],"picked":"Acrobatics","floor":13},{"not_picked":["Masterful Stab","Bane","Flying Knee","Tools of the Trade"],"picked":"SKIP","floor":14}],"player_experience":384161,"relics_obtained":[{"floor":6,"key":"Ornamental Fan"},{"floor":9,"key":"Gremlin Horn"},{"floor":10,"key":"Question Card"}],"event_choices":[{"damage_healed":0,"gold_gain":75,"player_choice":"Gather Gold","damage_taken":11,"max_hp_gain":0,"max_hp_loss":0,"event_name":"World of Goop","floor":3,"gold_loss":0},{"damage_healed":0,"gold_gain":0,"player_choice":"Success","damage_taken":18,"relics_obtained":["Lantern"],"max_hp_gain":0,"max_hp_loss":0,"event_name":"Scrap Ooze","floor":4,"gold_loss":0},{"damage_healed":0,"gold_gain":0,"player_choice":"Trade","damage_taken":0,"relics_obtained":["CultistMask"],"max_hp_gain":0,"max_hp_loss":0,"event_name":"FaceTrader","floor":11,"gold_loss":0}],"is_beta":false,"boss_relics":[],"items_purged_floors":[],"is_endless":false,"potions_floor_spawned":[1,13,14],"killed_by":"Slime Boss","ascension_level":6}}