{"host":"artsn6osczjqlp5e","time":1608875519,"event":{"mods":["Act Like it!","BaseMod","CapriCore","Colored Map","Downfall","Gensokyo","GungeonMod","Hallownest","Hermit","HololiveMod","Koishi","Marisa£®ÏF”Í°°ƒß¿Ì…≥£©","Marked Mod","Minty Spire (QoL Compilation)","MostiFishMod","Quarter Circle Forward PUNCH!","Quick Restart","Relic Stats","Replay The Spire","SIMod","Shop Mod","Spicy Shops","Spire Birthday Party","StSLib","The Administrix","The Animator","The Bug Knight","The Construct","The Cursed","The Gatherer","The Immortal","The Poker Player","WarShipGirlsR/’ΩΩ¢…Ÿ≈ÆR mod","Youmu£®ªÍ∆«—˝√Œ£©","Yuri Mod","Yuyuko","vexMod"],"gold_per_floor":[99,99,99,142,142,162,238,300,293,293,293,293,293],"floor_reached":11,"playtime":359,"items_purged":[],"score":60,"play_id":"1b6afcdf-0aa3-44cb-844c-4cfe78e357bb","local_time":"20201225135159","is_ascension_mode":true,"campfire_choices":[{"floor":1,"key":"RECALL"}],"circlet_count":0,"master_deck":["hexamod:Strike","hexamod:Strike","hexamod:Strike","hexamod:Strike","hexamod:Defend","hexamod:Defend","hexamod:Defend","hexamod:Defend","hexamod:Sear","hexamod:Float","hexamod:AdvancingGuard","hexamod:SuperheatedStrike","hexamod:HauntingEcho","hexamod:AdvancingGuard","hexamod:ThirdSeal","hexamod:BacktrackSmack","hexamod:Hexaguard","hexamod:SwordOfDarkness","hexamod:SecondSeal","hexamod:StepThrough","hexamod:SkipABeat"],"relics":["hexamod:SpiritBrand","DaveBox","EGODaCapo","downfall:HeartsMalice","qcfpunch:Red_Gi","DemoMod:JetPack"],"acts_visited":["Exordium"],"potions_floor_usage":[],"damage_taken":[{"damage":0,"enemies":"Jaw Worm","floor":2,"turns":1},{"damage":0,"enemies":"2 Louse","floor":3,"turns":1},{"damage":0,"enemies":"Small Slimes","floor":5,"turns":1},{"damage":0,"enemies":"3 Louse","floor":6,"turns":4},{"damage":1,"enemies":"3 Sentries","floor":8,"turns":9},{"damage":10,"enemies":"downfall:FleeingMerchant","floor":9,"turns":4},{"damage":70,"enemies":"Gremlin Nob","floor":11,"turns":4}],"seed_played":"1475234839311072781","potions_obtained":[{"floor":8,"key":"Toxic Potion"}],"is_trial":false,"path_per_floor":["R","M","M","?","M","M","T","?","$","?","E"],"character_chosen":"THE_SPIRIT","items_purchased":[],"campfire_rested":0,"item_purchase_floors":[],"current_hp_per_floor":[70,70,70,42,42,42,42,41,31,54,0,0,0],"gold":293,"neow_bonus":"THREE_ENEMY_KILL","is_daily":false,"chose_seed":false,"campfire_upgraded":0,"win_rate":0.0,"timestamp":1608875519,"path_taken":["R","M","M","?","M","M","T","?","$","?","E"],"items_purchased_type":[],"build_version":"2020-12-22","purchased_purges":0,"victory":false,"max_hp_per_floor":[70,70,70,70,70,70,70,70,70,70,70,70,70],"relic_stats":{"counters":[7,21],"obtain_stats":[{"DaveBox":0,"EGODaCapo":0,"qcfpunch:Red_Gi":4,"downfall:HeartsMalice":0,"DemoMod:GlassGuonStoneRelic":3,"hexamod:SpiritBrand":0,"DemoMod:JetPack":7},{"DaveBox":0,"EGODaCapo":0,"qcfpunch:Red_Gi":2,"downfall:HeartsMalice":0,"DemoMod:GlassGuonStoneRelic":2,"hexamod:SpiritBrand":0,"DemoMod:JetPack":4},{"DaveBox":0,"EGODaCapo":0,"qcfpunch:Red_Gi":0,"downfall:HeartsMalice":0,"DemoMod:GlassGuonStoneRelic":0,"hexamod:SpiritBrand":0,"DemoMod:JetPack":4}]},"card_choices":[{"not_picked":["hexamod:ShieldOfDarkness","hexamod:HeatShield"],"picked":"hexamod:AdvancingGuard","floor":2},{"not_picked":["hexamod:NightmareStrike","hexamod:GhostLash"],"picked":"hexamod:SuperheatedStrike","floor":3},{"not_picked":["hexamod:Haunt","hexamod:InspiringFlames"],"picked":"hexamod:HauntingEcho","floor":4},{"not_picked":["hexamod:NightmareGuise","hexamod:GhostLash"],"picked":"hexamod:AdvancingGuard","floor":4},{"not_picked":["hexamod:ThermalTransfer","hexamod:CatchUp"],"picked":"hexamod:ThirdSeal","floor":5},{"not_picked":["hexamod:UnleashSpirits","hexamod:SpectralSpark"],"picked":"hexamod:BacktrackSmack","floor":6},{"not_picked":["hexamod:RainOfEmbers","hexamod:PhantomCloak"],"picked":"hexamod:Hexaguard","floor":6},{"not_picked":["hexamod:BacktrackSmack","hexamod:DynamicBlow"],"picked":"hexamod:SwordOfDarkness","floor":8},{"not_picked":["hexamod:GhostLash","hexamod:FlamesFromBeyond"],"picked":"hexamod:SecondSeal","floor":8},{"not_picked":["hexamod:ThermalTransfer","hexamod:Firestarter"],"picked":"hexamod:StepThrough","floor":9},{"not_picked":["hexamod:InspiringFlames","hexamod:GhostLash"],"picked":"hexamod:SkipABeat","floor":9}],"player_experience":187939,"relics_obtained":[{"floor":4,"key":"qcfpunch:Red_Gi"},{"floor":7,"key":"DemoMod:JetPack"}],"event_choices":[{"damage_healed":23,"gold_gain":0,"player_choice":"Banana","damage_taken":0,"max_hp_gain":0,"max_hp_loss":0,"event_name":"Big Fish","floor":10,"gold_loss":0}],"is_beta":false,"boss_relics":[],"items_purged_floors":[],"is_endless":false,"potions_floor_spawned":[8],"killed_by":"Gremlin Nob","ascension_level":1}}