{"host":"naykp6d9ulahlwib","time":1608923158,"event":{"mods":["BaseMod","Highlight Path","Minty Spire (QoL Compilation)","Shop Mod","StSLib"],"gold_per_floor":[215,235,4,24,24,24,59,59,59,59,59,69,69,89,89,185,185,202,102,135,135,155,155,182,194,194,208,208,88,88,13,13,108,108,127,127,127,138,138,167,167,185,185,204,204,222,97,107,107,107,107,107,19,44,44,44],"floor_reached":55,"playtime":5259,"items_purged":["Strike_G","Strike_G","Strike_G"],"score":1147,"play_id":"0b4f2626-ca5a-4245-880d-dd60180e0f93","local_time":"20201225130558","is_ascension_mode":true,"campfire_choices":[{"data":"Neutralize","floor":6.0,"key":"SMITH"},{"floor":8.0,"key":"REST"},{"floor":11.0,"key":"REST"},{"data":"Finisher","floor":15.0,"key":"SMITH"},{"floor":23.0,"key":"REST"},{"floor":28.0,"key":"REST"},{"data":"Accuracy","floor":32.0,"key":"SMITH"},{"data":"Infinite Blades","floor":41.0,"key":"SMITH"},{"floor":45.0,"key":"RECALL"},{"floor":49.0,"key":"REST"},{"floor":52.0,"key":"REST"}],"circlet_count":0,"master_deck":["AscendersBane","Defend_G","Defend_G","Defend_G","Defend_G","Survivor","Neutralize+1","Dagger Spray","Finisher+1","Die Die Die","Escape Plan+1","Dark Shackles+1","Cloak And Dagger+1","Footwork+1","Blade Dance+1","Accuracy+1","Blade Dance+1","Infinite Blades+1","Well Laid Plans","Corpse Explosion+1","Cloak And Dagger+1","Dodge and Roll+1","Dodge and Roll+1","Blind+1","Dodge and Roll+1"],"relics":["Ring of the Snake","Blood Vial","Toxic Egg 2","Kunai","Philosopher\u0027s Stone","Red Mask","Vajra","Sundial","Sozu","Singing Bowl","Orichalcum"],"acts_visited":["Exordium","TheCity","TheBeyond","TheEnding"],"potions_floor_usage":[55],"damage_taken":[{"damage":2.0,"enemies":"Cultist","floor":1.0,"turns":5.0},{"damage":0.0,"enemies":"Small Slimes","floor":2.0,"turns":3.0},{"damage":0.0,"enemies":"Jaw Worm","floor":4.0,"turns":3.0},{"damage":50.0,"enemies":"Gremlin Nob","floor":7.0,"turns":5.0},{"damage":0.0,"enemies":"2 Fungi Beasts","floor":12.0,"turns":3.0},{"damage":3.0,"enemies":"Exordium Thugs","floor":14.0,"turns":4.0},{"damage":17.0,"enemies":"Slime Boss","floor":16.0,"turns":10.0},{"damage":20.0,"enemies":"Spheric Guardian","floor":18.0,"turns":5.0},{"damage":6.0,"enemies":"Masked Bandits","floor":20.0,"turns":5.0},{"damage":1.0,"enemies":"Chosen","floor":22.0,"turns":5.0},{"damage":8.0,"enemies":"Slavers","floor":24.0,"turns":6.0},{"damage":12.0,"enemies":"3 Cultists","floor":25.0,"turns":5.0},{"damage":5.0,"enemies":"Shelled Parasite and Fungi","floor":27.0,"turns":7.0},{"damage":0.0,"enemies":"Automaton","floor":33.0,"turns":7.0},{"damage":0.0,"enemies":"3 Darklings","floor":35.0,"turns":2.0},{"damage":0.0,"enemies":"3 Shapes","floor":38.0,"turns":3.0},{"damage":13.0,"enemies":"Nemesis","floor":40.0,"turns":9.0},{"damage":2.0,"enemies":"3 Darklings","floor":42.0,"turns":3.0},{"damage":12.0,"enemies":"Sphere and 2 Shapes","floor":44.0,"turns":4.0},{"damage":16.0,"enemies":"Maw","floor":46.0,"turns":6.0},{"damage":3.0,"enemies":"Transient","floor":48.0,"turns":5.0},{"damage":41.0,"enemies":"Donu and Deca","floor":50.0,"turns":6.0},{"damage":46.0,"enemies":"Shield and Spear","floor":54.0,"turns":7.0},{"damage":49,"enemies":"The Heart","floor":55,"turns":6}],"seed_played":"-1569097576308250510","potions_obtained":[{"floor":2.0,"key":"Poison Potion"},{"floor":7.0,"key":"Poison Potion"},{"floor":12.0,"key":"Fire Potion"},{"floor":14.0,"key":"SkillPotion"},{"floor":22.0,"key":"CunningPotion"},{"floor":25.0,"key":"Fire Potion"},{"floor":27.0,"key":"PowerPotion"}],"is_trial":false,"path_per_floor":["M","M","$","M","$","R","E","R","T","$","R","M","?","M","R","B",null,"M","$","?","?","M","R","E","M","T","M","R","$","?","?","R","B",null,"M","$","?","M","$","E","R","M","T","M","R","M","$","M","R","B",null,"R","$","E","B"],"character_chosen":"THE_SILENT","items_purchased":["Blood Vial","Accuracy","Blade Dance+1","Blind+1"],"campfire_rested":6,"item_purchase_floors":[3,29,29,53],"current_hp_per_floor":[61,61,61,63,63,63,15,36,36,36,57,59,64,63,63,48,68,50,50,46,28,29,51,45,35,35,32,54,54,54,54,54,56,70,72,72,72,74,74,62,62,64,64,56,56,44,44,43,67,28,68,81,81,35,0,0],"gold":44,"neow_bonus":"HUNDRED_GOLD","is_daily":false,"chose_seed":false,"campfire_upgraded":4,"win_rate":0.0,"timestamp":1608923158,"path_taken":["M","?","?","?","$","R","E","R","T","?","R","M","?","M","R","BOSS","M","$","?","?","?","R","E","M","T","M","R","$","?","?","R","BOSS","M","$","?","M","$","E","R","M","T","?","R","?","$","M","R","BOSS","R","$","E","BOSS"],"items_purchased_type":["Relic","Card","Card","Card"],"build_version":"2020-12-22","purchased_purges":3,"victory":false,"max_hp_per_floor":[70,70,70,70,70,70,70,70,70,70,70,70,75,75,75,75,75,75,75,75,75,75,75,75,75,75,75,75,75,75,75,75,75,75,75,75,75,75,75,75,75,77,77,79,79,81,81,81,81,81,81,81,81,81,81,81],"card_choices":[{"not_picked":["Eviscerate","Dodge and Roll"],"picked":"Dagger Spray","floor":1.0},{"not_picked":["Quick Slash","Flechettes"],"picked":"Finisher","floor":2.0},{"not_picked":["Backflip","Sucker Punch","Cloak And Dagger"],"picked":"SKIP","floor":4.0},{"not_picked":["Backflip","Sucker Punch","Cloak And Dagger"],"picked":"SKIP","floor":4.0},{"not_picked":["Slice","Caltrops","Dagger Throw"],"picked":"SKIP","floor":7.0},{"not_picked":["Reflex+1","Poisoned Stab","Deflect+1"],"picked":"SKIP","floor":12.0},{"not_picked":["Dagger Throw","Poisoned Stab","Backflip+1"],"picked":"SKIP","floor":14.0},{"not_picked":["Grand Finale","Glass Knife"],"picked":"Die Die Die","floor":16.0},{"not_picked":["Sucker Punch","Outmaneuver+1","Reflex+1"],"picked":"SKIP","floor":18.0},{"not_picked":["Leg Sweep+1","Terror+1"],"picked":"Escape Plan+1","floor":20.0},{"not_picked":["Riddle With Holes+1","Poisoned Stab+1"],"picked":"Cloak And Dagger+1","floor":22.0},{"not_picked":["Corpse Explosion+1","Underhanded Strike"],"picked":"Footwork+1","floor":24.0},{"not_picked":["Dagger Spray+1","Deadly Poison+1","Skewer+1"],"picked":"SKIP","floor":25.0},{"not_picked":["Outmaneuver+1","Footwork"],"picked":"Blade Dance+1","floor":27.0},{"not_picked":["Tools of the Trade","Venomology+1"],"picked":"Corpse Explosion+1","floor":33.0},{"not_picked":["Crippling Poison+1","Concentrate+1"],"picked":"Cloak And Dagger+1","floor":35.0},{"not_picked":["Expertise+1","Dash+1","Deadly Poison+1"],"picked":"SKIP","floor":38.0},{"not_picked":["Acrobatics+1","Flying Knee+1"],"picked":"Dodge and Roll+1","floor":40.0},{"not_picked":["Flying Knee","Acrobatics+1","Bane"],"picked":"Singing Bowl","floor":42.0},{"not_picked":["Acrobatics+1","Deadly Poison+1","Crippling Poison+1"],"picked":"Singing Bowl","floor":44.0},{"not_picked":["Backflip+1","Distraction+1","Flying Knee"],"picked":"Singing Bowl","floor":46.0},{"not_picked":["Dash","Footwork"],"picked":"Dodge and Roll+1","floor":48.0},{"not_picked":["Underhanded Strike+1","Dagger Spray+1"],"picked":"Dodge and Roll+1","floor":54.0}],"player_experience":887705,"relics_obtained":[{"floor":7.0,"key":"Toxic Egg 2"},{"floor":9.0,"key":"Kunai"},{"floor":20.0,"key":"Red Mask"},{"floor":24.0,"key":"Vajra"},{"floor":26.0,"key":"Sundial"},{"floor":40.0,"key":"Singing Bowl"},{"floor":54.0,"key":"Orichalcum"}],"event_choices":[{"damage_healed":0.0,"max_hp_gain":5.0,"max_hp_loss":0.0,"gold_gain":0.0,"event_name":"Big Fish","player_choice":"Donut","floor":13.0,"gold_loss":0.0,"damage_taken":0.0},{"damage_healed":0.0,"max_hp_gain":0.0,"max_hp_loss":0.0,"gold_gain":0.0,"event_name":"Masked Bandits","player_choice":"Fought Bandits","floor":20.0,"gold_loss":0.0,"damage_taken":0.0},{"damage_healed":0.0,"max_hp_gain":0.0,"max_hp_loss":0.0,"gold_gain":0.0,"event_name":"Knowing Skull","player_choice":"CARD POTION ","floor":21.0,"potions_obtained":["Dexterity Potion"],"gold_loss":0.0,"damage_taken":18.0,"cards_obtained":["Dark Shackles"]},{"damage_healed":0.0,"max_hp_gain":0.0,"max_hp_loss":0.0,"gold_gain":0.0,"cards_transformed":["Strike_G","Defend_G"],"event_name":"Drug Dealer","player_choice":"Became Test Subject","floor":30.0,"gold_loss":0.0,"damage_taken":0.0,"cards_obtained":["Infinite Blades","Well Laid Plans"]},{"cards_removed":["Strike_G"],"damage_healed":0.0,"max_hp_gain":0.0,"max_hp_loss":0.0,"gold_gain":0.0,"event_name":"Beggar","player_choice":"Gave Gold","floor":31.0,"gold_loss":75.0,"damage_taken":0.0},{"damage_healed":0.0,"max_hp_gain":0.0,"max_hp_loss":0.0,"gold_gain":0.0,"event_name":"SecretPortal","player_choice":"Ignored","floor":37.0,"gold_loss":0.0,"damage_taken":0.0}],"is_beta":false,"boss_relics":[{"not_picked":["Runic Dome","Pandora\u0027s Box"],"picked":"Philosopher\u0027s Stone"},{"not_picked":["Coffee Dripper","Velvet Choker"],"picked":"Sozu"}],"items_purged_floors":[3,19,47],"is_endless":false,"potions_floor_spawned":[2,7,12,14,22,25,27,33,38,40,42,46],"killed_by":"The Heart","ascension_level":11}}