{"host":"zh06ha8197vgjo02","time":1608871312,"event":{"mods":["AchievementEnabler","Arknights The Spire","BaseMod","Better Skull","CapriCore","DeckTracker","GifTheSpireLib","Hermit","Koishi","Marisa£¨Ùöéë¡¡Øª×âÞÞ£©","Minty Spire (QoL Compilation)","Reimu£¨ÚÏ???£©","StSLib","SuperFastMode","Td1madao Mod","The Bug Knight","The Cursed","The Dragon Tamer","The Immortal","TheBandit"],"gold_per_floor":[114,114,64,64,139,139,155,155,209,220,234,234,234,260,260,357,357,343,343,359,359,372,372,397,397,397],"floor_reached":25,"playtime":4451,"items_purged":[],"score":219,"play_id":"de8ae60a-4ff7-4839-bc87-da1e3fa1acdb","local_time":"20201225134152","is_ascension_mode":false,"campfire_choices":[{"data":"Apotheosis","floor":6.0,"key":"SMITH"},{"data":"ats:Emotion Absorption","floor":8.0,"key":"SMITH"},{"floor":12.0,"key":"REST"},{"floor":15,"key":"REST"},{"floor":23,"key":"REST"}],"circlet_count":0,"master_deck":["ats:Strike C","ats:Strike G","ats:Strike S","ats:Armor Crushing Shot","ats:Defend","ats:Defend","ats:Defend","ats:Emotion Absorption+1","Apotheosis+1","ats:Support Order","ats:Apocalypse","ats:Shadow Raid","ats:True Silver Slash","ats:Rat Pack","ats:Leaping Hammer+1","ats:Hammer On","ats:Hook Shot"],"relics":["ats:Sanity","Ice Cream","Vajra","PreservedInsect","Bag of Marbles","ats:Originium","Boot","Black Star","ats:Originium","Du-Vu Doll","Omamori"],"acts_visited":["TheCity"],"potions_floor_usage":[14,22,22,22],"damage_taken":[{"damage":1.0,"enemies":"Cultist","floor":1.0,"turns":4.0},{"damage":10.0,"enemies":"Small Slimes","floor":7.0,"turns":3.0},{"damage":7.0,"enemies":"Jaw Worm","floor":10.0,"turns":3.0},{"damage":2.0,"enemies":"3 Louse","floor":11.0,"turns":4.0},{"damage":2,"enemies":"Gremlin Nob","floor":14,"turns":3},{"damage":43,"enemies":"The Guardian","floor":16,"turns":9},{"damage":15,"enemies":"2 Thieves","floor":18,"turns":4},{"damage":6,"enemies":"Shell Parasite","floor":20,"turns":7},{"damage":18,"enemies":"Shelled Parasite and Fungi","floor":22,"turns":6},{"damage":34,"enemies":"Book of Stabbing","floor":24,"turns":5},{"damage":32,"enemies":"Cultist and Chosen","floor":25,"turns":7}],"seed_played":"-2017017825284936532","potions_obtained":[{"floor":1.0,"key":"SkillPotion"},{"floor":7.0,"key":"Swift Potion"},{"floor":11.0,"key":"MagicPotion:ReiMu"},{"floor":20,"key":"AttackPotion"}],"is_trial":false,"path_per_floor":["M","?","?","?","?","R","M","R","T","M","M","R","?","E","R","B",null,"M","?","M","?","M","R","E","M"],"character_chosen":"DOCTOR_CLASS","items_purchased":[],"campfire_rested":3,"item_purchase_floors":[],"current_hp_per_floor":[64,64,64,57,46,46,36,36,36,29,30,49,18,22,41,7,65,53,42,45,45,34,55,21,0,0],"gold":397,"neow_bonus":"RANDOM_COLORLESS_2","is_daily":false,"chose_seed":false,"campfire_upgraded":2,"win_rate":0.0,"timestamp":1608871312,"path_taken":["M","?","?","?","?","R","M","R","T","M","M","R","?","E","R","BOSS","M","?","M","?","M","R","E","M"],"items_purchased_type":[],"build_version":"2020-12-22","purchased_purges":0,"victory":false,"max_hp_per_floor":[65,65,65,65,65,65,65,65,65,65,65,65,65,65,65,65,65,65,70,70,70,70,70,70,70,70],"card_choices":[{"not_picked":["HandOfGreed","Violence"],"picked":"Apotheosis","floor":0.0},{"not_picked":["ats:Assault Order","ats:Flexible Camouflage"],"picked":"ats:Support Order","floor":1.0},{"not_picked":["ats:Childhood Dance","ats:Hammer On","ats:Very Hot Blade"],"picked":"SKIP","floor":7.0},{"not_picked":["ats:Leaping Hammer","ats:Flexible Camouflage"],"picked":"ats:Apocalypse","floor":10.0},{"not_picked":["ats:Demon Strength","ats:Revitalization"],"picked":"ats:Shadow Raid","floor":11.0},{"not_picked":["ats:Encircling Forest","ats:LN2 Cannon"],"picked":"ats:True Silver Slash","floor":14},{"not_picked":["ats:Dogmatic Field","ats:Volcano"],"picked":"ats:Rat Pack","floor":16},{"not_picked":["ats:Childhood Dance","ats:Steam Pump+1"],"picked":"ats:Leaping Hammer+1","floor":18},{"not_picked":["ats:Mental Burst","ats:Red Shift+1","ats:Apocalypse"],"picked":"SKIP","floor":20},{"not_picked":["ats:Beaten Up","ats:Mental Burst+1","ats:Support Order+1"],"picked":"SKIP","floor":22},{"not_picked":["ats:Defend Order","ats:Apocalypse"],"picked":"ats:Hook Shot","floor":24}],"player_experience":660757,"relics_obtained":[{"floor":9.0,"key":"Vajra"},{"floor":14,"key":"ats:Originium"},{"floor":14,"key":"Boot"},{"floor":24,"key":"ats:Originium"},{"floor":24,"key":"Du-Vu Doll"},{"floor":24,"key":"Omamori"}],"event_choices":[{"damage_healed":0.0,"max_hp_gain":0.0,"max_hp_loss":0.0,"gold_gain":0.0,"event_name":"Big Fish","player_choice":"Box","floor":2.0,"gold_loss":0.0,"damage_taken":0.0,"relics_obtained":["Ice Cream"],"cards_obtained":["Regret"]},{"cards_removed":["Regret"],"damage_healed":0.0,"max_hp_gain":0.0,"max_hp_loss":0.0,"gold_gain":0.0,"event_name":"The Cleric","player_choice":"Card Removal","floor":3.0,"gold_loss":50.0,"damage_taken":0.0},{"cards_removed":["ats:Defend"],"damage_healed":0.0,"max_hp_gain":0.0,"max_hp_loss":0.0,"gold_gain":0.0,"event_name":"Golden Wing","player_choice":"Card Removal","floor":4.0,"gold_loss":0.0,"damage_taken":7.0},{"damage_healed":0.0,"max_hp_gain":0.0,"max_hp_loss":0.0,"gold_gain":75.0,"event_name":"World of Goop","player_choice":"Gather Gold","floor":5.0,"gold_loss":0.0,"damage_taken":11.0},{"damage_healed":0,"gold_gain":0,"player_choice":"RE RE ","damage_taken":35,"relics_obtained":["PreservedInsect","Bag of Marbles"],"max_hp_gain":0,"max_hp_loss":0,"event_name":"betterSkull:BetterSkull","floor":13,"gold_loss":0,"cards_upgraded":[]},{"damage_healed":0,"gold_gain":0,"player_choice":"Shed Blood","damage_taken":16,"max_hp_gain":5,"max_hp_loss":0,"event_name":"Forgotten Altar","floor":19,"gold_loss":0},{"damage_healed":0,"gold_gain":0,"cards_transformed":["ats:Strike V"],"player_choice":"Transformed","damage_taken":0,"max_hp_gain":0,"max_hp_loss":0,"event_name":"Transmorgrifier","floor":21,"gold_loss":0,"cards_obtained":["ats:Hammer On"]}],"is_beta":false,"boss_relics":[{"not_picked":["ats:Tactical Delivery","Busted Crown"],"picked":"Black Star"}],"items_purged_floors":[],"is_endless":false,"potions_floor_spawned":[1,7,11,20],"killed_by":"Cultist and Chosen","ascension_level":0}}