{"host":"porgtwlvhh3hs75v","time":1608865060,"event":{"mods":["ATMod(°¢èªMod)","Act Like it!","BaseMod","Gensokyo","GifTheSpireLib","Minty Spire (QoL Compilation)","StSLib"],"gold_per_floor":[110,35,46,46,56,91,91,102,157,169,200,239,262,284,296,308,308],"floor_reached":16,"playtime":575,"items_purged":["Strike_G"],"score":208,"play_id":"be3a859b-b0d8-4cb9-af34-43f2ffa3d306","local_time":"20201225105740","is_ascension_mode":true,"campfire_choices":[{"data":"AT_EmpoweredMortalDraw","floor":7.0,"key":"SMITH"},{"data":"Underhanded Strike","floor":10.0,"key":"SMITH"},{"data":"Acrobatics","floor":15.0,"key":"SMITH"}],"circlet_count":0,"master_deck":["AscendersBane","Strike_G","Strike_G","Defend_G","Defend_G","Defend_G","Defend_G","Defend_G","Survivor","Neutralize","AT_EmpoweredMortalDraw+1","Backflip","Acrobatics+1","Underhanded Strike+1","PiercingWail","Envenom","Concentrate","Underhanded Strike"],"relics":["Ring of the Snake","AT_ATBox","Bottled Lightning","MawBank","AT_ArchangelStaff"],"acts_visited":["Exordium"],"potions_floor_usage":[],"damage_taken":[{"damage":2.0,"enemies":"Gensokyo:Gryphon","floor":1.0,"turns":5.0},{"damage":0.0,"enemies":"Gensokyo:2_Kodama","floor":3.0,"turns":2.0},{"damage":1.0,"enemies":"Gensokyo:3_Fairies","floor":5.0,"turns":5.0},{"damage":12.0,"enemies":"Gensokyo:Mamizou","floor":6.0,"turns":12.0},{"damage":0.0,"enemies":"Gensokyo:VengefulSpirit","floor":8.0,"turns":3.0},{"damage":0.0,"enemies":"Gensokyo:2_Rabbits","floor":11.0,"turns":1.0},{"damage":9.0,"enemies":"Gensokyo:Aya","floor":12.0,"turns":6.0},{"damage":8.0,"enemies":"Gensokyo:Gryphon_and_Rabbit","floor":13.0,"turns":2.0},{"damage":0.0,"enemies":"Gensokyo:3_Kodama","floor":14.0,"turns":1.0},{"damage":26,"enemies":"Gensokyo:Yukari","floor":16,"turns":6}],"seed_played":"-5185437852393924089","potions_obtained":[{"floor":3.0,"key":"Poison Potion"},{"floor":11.0,"key":"SpeedPotion"},{"floor":14.0,"key":"SmokeBomb"}],"is_trial":false,"path_per_floor":["M","$","M","?","M","E","R","M","T","R","M","E","M","M","R","B"],"character_chosen":"THE_SILENT","items_purchased":[],"campfire_rested":0,"item_purchase_floors":[],"current_hp_per_floor":[57,57,57,63,62,50,50,50,50,50,50,41,33,33,33,7,7],"gold":308,"neow_bonus":"REMOVE_TWO","is_daily":false,"chose_seed":false,"campfire_upgraded":3,"win_rate":0.0,"timestamp":1608865060,"path_taken":["M","$","M","?","M","E","R","M","T","R","?","E","M","?","R","BOSS"],"items_purchased_type":[],"build_version":"2020-12-22","purchased_purges":1,"victory":false,"max_hp_per_floor":[60,60,60,66,66,66,66,66,66,66,66,66,66,66,66,66,66],"card_choices":[{"not_picked":["Deflect","Catalyst"],"picked":"Backflip","floor":1.0},{"not_picked":["Bane","PiercingWail"],"picked":"Acrobatics","floor":3.0},{"not_picked":["AT_WindRun","PiercingWail"],"picked":"Underhanded Strike","floor":5.0},{"not_picked":["Acrobatics","Flying Knee","Sucker Punch"],"picked":"SKIP","floor":6.0},{"not_picked":["Acrobatics","Accuracy"],"picked":"PiercingWail","floor":8.0},{"not_picked":["Leg Sweep","Dagger Spray","Deflect"],"picked":"SKIP","floor":11.0},{"not_picked":["Slice","Dodge and Roll"],"picked":"Envenom","floor":12.0},{"not_picked":["Acrobatics","Infinite Blades"],"picked":"Concentrate","floor":13.0},{"not_picked":["Prepared","Outmaneuver"],"picked":"Underhanded Strike","floor":14.0}],"player_experience":491463,"relics_obtained":[{"floor":6.0,"key":"Bottled Lightning"},{"floor":9.0,"key":"MawBank"},{"floor":12.0,"key":"AT_ArchangelStaff"}],"event_choices":[],"is_beta":false,"boss_relics":[],"items_purged_floors":[2],"is_endless":false,"potions_floor_spawned":[3,11,14],"killed_by":"Gensokyo:Yukari","ascension_level":20}}