{"host":"raai0vtvcfkt8csp","time":1608921311,"event":{"mods":["2.2 Compatiblity","AchievementEnabler","BaseMod","Block Reminder","DeckTracker","Defective Defect","GifTheSpireLib","Minty Spire (QoL Compilation)","Quick Restart","Random Character Button","Rare Cards Sparkle","StSLib","Unceasing Turn Reminder"],"gold_per_floor":[114,114,114,114,133,133,165,183,183,197,232,249,249,278,278,378,378,392,406,422,422,422],"floor_reached":21,"playtime":831,"items_purged":[],"score":237,"play_id":"f01368d2-91e5-47c6-b2f1-28ffb861e7bf","local_time":"20201225193511","is_ascension_mode":true,"campfire_choices":[{"data":"Pray","floor":6.0,"key":"SMITH"},{"floor":13.0,"key":"REST"},{"floor":15.0,"key":"REST"}],"circlet_count":0,"master_deck":["Strike_P","Strike_P","Strike_P","Strike_P","Defend_P","Defend_P","Defend_P","Defend_P","Eruption","Vigilance","BattleHymn+1","Pray+1","Brilliance","ThirdEye","JustLucky","Wallop","ReachHeaven","CutThroughFate","DevaForm","Wireheading","Adaptation"],"relics":["PureWater","NeowsBlessing","Mercury Hourglass","Potion Belt","The Courier","Omamori","Boot","Black Star"],"acts_visited":["Exordium","TheCity"],"potions_floor_usage":[],"damage_taken":[{"damage":0.0,"enemies":"Cultist","floor":1.0,"turns":1.0},{"damage":0.0,"enemies":"Small Slimes","floor":5.0,"turns":1.0},{"damage":0.0,"enemies":"Gremlin Nob","floor":7.0,"turns":1.0},{"damage":0.0,"enemies":"2 Louse","floor":8.0,"turns":2.0},{"damage":2.0,"enemies":"Blue Slaver","floor":10.0,"turns":3.0},{"damage":16.0,"enemies":"Lagavulin","floor":11.0,"turns":6.0},{"damage":7.0,"enemies":"Exordium Thugs","floor":12.0,"turns":5.0},{"damage":16.0,"enemies":"Gremlin Nob","floor":14.0,"turns":4.0},{"damage":18.0,"enemies":"Hexaghost","floor":16.0,"turns":7.0},{"damage":23.0,"enemies":"2 Thieves","floor":18.0,"turns":5.0},{"damage":14.0,"enemies":"Spheric Guardian","floor":19.0,"turns":4.0},{"damage":11.0,"enemies":"Chosen and Byrds","floor":20.0,"turns":6.0},{"damage":0,"enemies":"3 Cultists","floor":21,"turns":1}],"seed_played":"-8243530421894026758","potions_obtained":[{"floor":7.0,"key":"Strength Potion"},{"floor":10.0,"key":"Fire Potion"},{"floor":11.0,"key":"SpeedPotion"},{"floor":14.0,"key":"LiquidBronze"},{"floor":16.0,"key":"GamblersBrew"},{"floor":19.0,"key":"AttackPotion"}],"is_trial":false,"path_per_floor":["M","?","?","?","M","R","E","M","T","M","E","M","R","E","R","B",null,"M","M","M","M"],"character_chosen":"WATCHER","items_purchased":[],"campfire_rested":2,"item_purchase_floors":[],"current_hp_per_floor":[72,72,72,60,60,60,60,60,60,58,42,35,56,40,61,43,72,49,35,24,24,24],"gold":422,"neow_bonus":"THREE_ENEMY_KILL","is_daily":false,"chose_seed":false,"campfire_upgraded":1,"win_rate":0.0,"timestamp":1608921311,"path_taken":["M","?","?","?","M","R","E","M","T","M","E","M","R","E","R","BOSS","M","M","M","M"],"items_purchased_type":[],"build_version":"2020-12-22","purchased_purges":0,"victory":false,"max_hp_per_floor":[72,72,72,72,72,72,72,72,72,72,72,72,72,72,72,72,72,72,72,72,72,72],"card_choices":[{"not_picked":["FollowUp","FlyingSleeves"],"picked":"BattleHymn","floor":1.0},{"not_picked":["FlyingSleeves","ThirdEye"],"picked":"Pray","floor":5.0},{"not_picked":["FlyingSleeves","ReachHeaven"],"picked":"Brilliance","floor":7.0},{"not_picked":["Halt","FollowUp","ThirdEye"],"picked":"SKIP","floor":8.0},{"not_picked":["Halt","FollowUp"],"picked":"ThirdEye","floor":8.0},{"not_picked":["CrushJoints","WheelKick"],"picked":"JustLucky","floor":10.0},{"not_picked":["PathToVictory","Fasting2"],"picked":"Wallop","floor":11.0},{"not_picked":["CrushJoints","CutThroughFate"],"picked":"ReachHeaven","floor":12.0},{"not_picked":["Fasting2","BowlingBash"],"picked":"CutThroughFate","floor":14.0},{"not_picked":["Blasphemy","Vault"],"picked":"DevaForm","floor":16.0},{"not_picked":["BowlingBash","EmptyFist","FollowUp"],"picked":"SKIP","floor":18.0},{"not_picked":["Crescendo","ThirdEye"],"picked":"Wireheading","floor":19.0},{"not_picked":["EmptyFist","Crescendo"],"picked":"Adaptation","floor":20.0}],"player_experience":451897,"relics_obtained":[{"floor":7.0,"key":"Potion Belt"},{"floor":9.0,"key":"The Courier"},{"floor":11.0,"key":"Omamori"},{"floor":14.0,"key":"Boot"}],"event_choices":[{"damage_healed":0.0,"max_hp_gain":0.0,"max_hp_loss":0.0,"gold_gain":0.0,"event_name":"Living Wall","player_choice":"Grow","floor":2.0,"gold_loss":0.0,"damage_taken":0.0,"cards_upgraded":["BattleHymn"]},{"damage_healed":0.0,"max_hp_gain":0.0,"max_hp_loss":0.0,"gold_gain":0.0,"event_name":"Liars Game","player_choice":"Ignored","floor":3.0,"gold_loss":0.0,"damage_taken":0.0},{"damage_healed":0.0,"max_hp_gain":0.0,"max_hp_loss":0.0,"gold_gain":0.0,"event_name":"Scrap Ooze","player_choice":"Success","floor":4.0,"gold_loss":0.0,"damage_taken":12.0,"relics_obtained":["Mercury Hourglass"]}],"is_beta":false,"boss_relics":[{"not_picked":["Runic Dome","SlaversCollar"],"picked":"Black Star"}],"items_purged_floors":[],"is_endless":false,"potions_floor_spawned":[7,10,11,14,16,18,19],"killed_by":"3 Cultists","ascension_level":1}}