{"host":"qzd52bpkz4dxzlm4","time":1608926237,"event":{"mods":["BaseMod","Duelist Mod","GifTheSpireLib","Hermit","Minty Spire (QoL Compilation)","StSLib","The Clintock","The Cursed"],"gold_per_floor":[115,115,190,141,158,191,191,191,191,202,236,253,253,271,271,370,370,385,385,398,408,408,437,437,452,452,452,472,177,205,21,21,125,125,142,154,170,181,181,513,513,527,527,546,566,566,576,588,588,588],"floor_reached":51,"playtime":4130,"items_purged":[],"score":783,"play_id":"a1486a36-b58a-404b-9231-6049910019ce","local_time":"20201225205717","is_ascension_mode":false,"campfire_choices":[{"data":"Calculated Gamble","floor":8,"key":"SMITH"},{"data":"Adrenaline","floor":13,"key":"SMITH"},{"floor":15,"key":"REST"},{"floor":24,"key":"REST"},{"data":"Footwork","floor":32,"key":"SMITH"},{"floor":46,"key":"REST"},{"floor":49,"key":"REST"}],"circlet_count":0,"master_deck":["Strike_G","Strike_G","Strike_G+1","Defend_G","Defend_G","Defend_G","Defend_G","Defend_G","Survivor","Neutralize","Deadly Poison","Deadly Poison","Poisoned Stab","Calculated Gamble+1","Adrenaline+1","Bouncing Flask","Footwork+1","After Image","CurseOfTheBell","Expertise","Prepared","Reflex","Acrobatics","Acrobatics","Footwork","Tactician","Prepared","Escape Plan+1","Well Laid Plans","Burst","Footwork+1","Prepared","Tactician+1","Predator","Calculated Gamble+1"],"relics":["Ring of the Snake","Torii","Potion Belt","Sundial","Ancient Tea Set","Calling Bell","Dream Catcher","Letter Opener","TungstenRod","Tingsha","Girya","Mercury Hourglass","PreservedInsect","Orrery","Orichalcum","Lee\u0027s Waffle","Fusion Hammer","Old Coin","Regal Pillow"],"acts_visited":["Exordium","TheCity","TheBeyond"],"potions_floor_usage":[16,28,38,40,42,45,50,50],"damage_taken":[{"damage":6,"enemies":"2 Louse","floor":1,"turns":4},{"damage":0,"enemies":"Jaw Worm","floor":5,"turns":3},{"damage":8,"enemies":"Lagavulin","floor":6,"turns":5},{"damage":1,"enemies":"Small Slimes","floor":10,"turns":4},{"damage":3,"enemies":"3 Sentries","floor":11,"turns":10},{"damage":1,"enemies":"Blue Slaver","floor":12,"turns":3},{"damage":1,"enemies":"2 Fungi Beasts","floor":14,"turns":3},{"damage":3,"enemies":"Hexaghost","floor":16,"turns":8},{"damage":6,"enemies":"Chosen","floor":18,"turns":7},{"damage":0,"enemies":"Spheric Guardian","floor":20,"turns":4},{"damage":11,"enemies":"Snake Plant","floor":21,"turns":4},{"damage":23,"enemies":"Book of Stabbing","floor":23,"turns":7},{"damage":8,"enemies":"Sentry and Sphere","floor":25,"turns":4},{"damage":13,"enemies":"Centurion and Healer","floor":28,"turns":6},{"damage":0,"enemies":"theDuelist:KaibaA2","floor":30,"turns":4},{"damage":61,"enemies":"Collector","floor":33,"turns":8},{"damage":0,"enemies":"3 Shapes","floor":35,"turns":1},{"damage":0,"enemies":"Orb Walker","floor":36,"turns":4},{"damage":0,"enemies":"Sphere and 2 Shapes","floor":37,"turns":4},{"damage":31,"enemies":"Writhing Mass","floor":38,"turns":5},{"damage":21,"enemies":"Reptomancer","floor":40,"turns":5},{"damage":25,"enemies":"Jaw Worm Horde","floor":42,"turns":5},{"damage":0,"enemies":"Sphere and 2 Shapes","floor":44,"turns":4},{"damage":0,"enemies":"4 Shapes","floor":45,"turns":3},{"damage":0,"enemies":"Maw","floor":47,"turns":6},{"damage":11,"enemies":"Transient","floor":48,"turns":5},{"damage":39,"enemies":"Awakened One","floor":50,"turns":17}],"seed_played":"6451862928526676727","potions_obtained":[{"floor":10,"key":"FairyPotion"},{"floor":11,"key":"Block Potion"},{"floor":12,"key":"SpeedPotion"},{"floor":18,"key":"Energy Potion"},{"floor":25,"key":"Energy Potion"},{"floor":28,"key":"LiquidBronze"},{"floor":33,"key":"SkillPotion"},{"floor":38,"key":"Block Potion"},{"floor":44,"key":"AttackPotion"},{"floor":47,"key":"Regen Potion"}],"is_trial":false,"path_per_floor":["M","?","?","$","M","E","?","R","T","M","E","M","R","M","R","B",null,"M","?","M","M","?","E","R","M","T","?","M","$","E","$","R","B",null,"M","M","M","M","?","E","?","M","T","M","M","R","M","M","R","B",null],"character_chosen":"THE_SILENT","items_purchased":["Deadly Poison","PreservedInsect","Orrery","Well Laid Plans","Lee\u0027s Waffle"],"campfire_rested":4,"item_purchase_floors":[4,29,29,31,31],"current_hp_per_floor":[71,56,45,45,45,37,30,30,30,29,26,25,25,24,47,44,77,71,71,71,60,60,37,60,52,52,52,39,39,39,84,84,23,84,84,84,84,53,53,32,32,7,7,7,7,47,47,36,76,48],"gold":588,"neow_bonus":"TEN_PERCENT_HP_BONUS","is_daily":false,"chose_seed":false,"campfire_upgraded":3,"win_rate":0.0,"timestamp":1608926237,"path_taken":["M","?","?","$","M","E","?","R","T","M","E","M","R","M","R","BOSS","M","?","M","M","?","E","R","M","T","?","M","$","E","$","R","BOSS","M","M","M","M","?","E","?","?","T","M","M","R","M","M","R","BOSS"],"items_purchased_type":["Card","Relic","Relic","Card","Relic"],"build_version":"2020-12-22","purchased_purges":0,"victory":true,"max_hp_per_floor":[77,77,77,77,77,77,77,77,77,77,77,77,77,77,77,77,77,77,77,77,77,77,77,77,77,77,77,77,77,77,84,84,84,84,84,84,84,84,84,84,84,84,84,84,84,84,84,84,84,84],"card_choices":[{"not_picked":["Poisoned Stab","Flying Knee"],"picked":"Deadly Poison","floor":1},{"not_picked":["Sucker Punch","Skewer"],"picked":"Poisoned Stab","floor":5},{"not_picked":["Flechettes","Slice"],"picked":"Calculated Gamble","floor":6},{"not_picked":["Poisoned Stab","Backflip"],"picked":"Adrenaline","floor":10},{"not_picked":["Quick Slash","Heel Hook","Riddle With Holes"],"picked":"SKIP","floor":11},{"not_picked":["All Out Attack","Prepared"],"picked":"Bouncing Flask","floor":12},{"not_picked":["Dodge and Roll","Poisoned Stab"],"picked":"Footwork","floor":14},{"not_picked":["Die Die Die","Venomology"],"picked":"After Image","floor":16},{"not_picked":["Underhanded Strike","Infinite Blades","Deflect"],"picked":"SKIP","floor":18},{"not_picked":["Blade Dance+1","Expertise+1","Dagger Spray+1"],"picked":"SKIP","floor":20},{"not_picked":["Underhanded Strike","Backflip"],"picked":"Expertise","floor":21},{"not_picked":["PiercingWail+1","Malaise","Choke+1"],"picked":"SKIP","floor":23},{"not_picked":["Slice+1","Flying Knee+1"],"picked":"Reflex","floor":24},{"not_picked":["Noxious Fumes+1","Prepared"],"picked":"Acrobatics","floor":25},{"not_picked":["Outmaneuver","Predator"],"picked":"Acrobatics","floor":28},{"not_picked":["Heel Hook","Dagger Spray+1"],"picked":"Footwork","floor":29},{"not_picked":["Slice+1","Deflect"],"picked":"Tactician","floor":29},{"not_picked":["Flechettes+1","Burst"],"picked":"Prepared","floor":29},{"not_picked":["Dagger Throw","Sucker Punch"],"picked":"Escape Plan+1","floor":30},{"not_picked":["Wraith Form v2","Venomology"],"picked":"Burst","floor":33},{"not_picked":["Prepared","Acrobatics"],"picked":"Footwork+1","floor":35},{"not_picked":["Underhanded Strike+1","Acrobatics","Sucker Punch+1"],"picked":"SKIP","floor":36},{"not_picked":["Deflect","Flying Knee+1","Dagger Throw+1"],"picked":"SKIP","floor":37},{"not_picked":["Distraction+1","Crippling Poison"],"picked":"Prepared","floor":38},{"not_picked":["Wraith Form v2","Terror"],"picked":"Tactician+1","floor":40},{"not_picked":["Well Laid Plans","All Out Attack","Dodge and Roll+1"],"picked":"SKIP","floor":42},{"not_picked":["Dagger Throw+1","Flying Knee+1"],"picked":"Calculated Gamble+1","floor":44},{"not_picked":["Choke","Slice","Finisher+1"],"picked":"SKIP","floor":45},{"not_picked":["Riddle With Holes+1","Sucker Punch","Envenom"],"picked":"SKIP","floor":47},{"not_picked":["Backstab","Quick Slash+1","Dagger Throw+1"],"picked":"SKIP","floor":48}],"player_experience":17992,"relics_obtained":[{"floor":6,"key":"Torii"},{"floor":9,"key":"Sundial"},{"floor":11,"key":"Ancient Tea Set"},{"floor":17,"key":"Dream Catcher"},{"floor":17,"key":"Letter Opener"},{"floor":17,"key":"TungstenRod"},{"floor":23,"key":"Girya"},{"floor":26,"key":"Mercury Hourglass"},{"floor":30,"key":"Orichalcum"},{"floor":40,"key":"Old Coin"},{"floor":43,"key":"Regal Pillow"}],"event_choices":[{"damage_healed":0,"gold_gain":0,"player_choice":"Entered Light","damage_taken":15,"max_hp_gain":0,"max_hp_loss":0,"event_name":"Shining Light","floor":2,"gold_loss":0,"cards_upgraded":["Strike_G","Strike_G"]},{"damage_healed":0,"gold_gain":75,"player_choice":"Gather Gold","damage_taken":11,"max_hp_gain":0,"max_hp_loss":0,"event_name":"World of Goop","floor":3,"gold_loss":0},{"damage_healed":0,"gold_gain":0,"player_choice":"Success","damage_taken":7,"relics_obtained":["Potion Belt"],"max_hp_gain":0,"max_hp_loss":0,"event_name":"Scrap Ooze","floor":7,"gold_loss":0},{"damage_healed":0,"gold_gain":0,"player_choice":"Opened","damage_taken":0,"relics_obtained":["Tingsha"],"max_hp_gain":0,"max_hp_loss":0,"event_name":"The Mausoleum","floor":19,"gold_loss":0},{"damage_healed":0,"gold_gain":0,"player_choice":"Read","damage_taken":0,"max_hp_gain":0,"max_hp_loss":0,"event_name":"The Library","floor":22,"gold_loss":0,"cards_obtained":["Prepared"]},{"damage_healed":0,"gold_gain":0,"player_choice":"Ignored","damage_taken":0,"max_hp_gain":0,"max_hp_loss":0,"event_name":"Ghosts","floor":27,"gold_loss":0},{"cards_removed":["Strike_G"],"damage_healed":0,"gold_gain":0,"player_choice":"Removed Attack","damage_taken":0,"max_hp_gain":0,"max_hp_loss":0,"event_name":"Falling","floor":39,"gold_loss":0},{"damage_healed":0,"gold_gain":0,"cards_transformed":["Strike_G"],"player_choice":"Transformed","damage_taken":0,"max_hp_gain":0,"max_hp_loss":0,"event_name":"Transmorgrifier","floor":41,"gold_loss":0,"cards_obtained":["Predator"]}],"is_beta":false,"boss_relics":[{"not_picked":["WristBlade","SacredBark"],"picked":"Calling Bell"},{"not_picked":["Velvet Choker","Runic Dome"],"picked":"Fusion Hammer"}],"items_purged_floors":[],"is_endless":false,"potions_floor_spawned":[10,11,12,18,25,28,33,35,38,44,47],"ascension_level":0}}