{"host":"kiauivt48syq9iz6","time":1608875315,"event":{"mods":["BaseMod","Conspire","Downfall","Hermit","Minty Spire (QoL Compilation)","Replay The Spire","SIMod","StSLib","The Animator","The Construct","The Cursed","The Runesmith","The Servant 0.9.4"],"gold_per_floor":[115,130,141,157,171,171,204,204,231,260,272,285,285,302,302,400,400,416,428,31,31,31,65,65,29,29,58,58,58,71,88,88,88,88],"floor_reached":33,"playtime":2089,"items_purged":[],"score":329,"play_id":"b80c330f-bfb1-47e1-93b1-dae3b1d6e84e","local_time":"20201224224835","is_ascension_mode":false,"campfire_choices":[{"floor":6,"key":"REST"},{"floor":8,"key":"REST"},{"floor":15,"key":"REST"},{"floor":24,"key":"REST"},{"data":"TheCursedMod:CollectTribute","floor":29,"key":"SMITH"},{"data":"TheCursedMod:OutForBlood","floor":32,"key":"SMITH"}],"circlet_count":0,"master_deck":["TheCursedMod:Strike_TheCursed","TheCursedMod:Strike_TheCursed","TheCursedMod:Strike_TheCursed","TheCursedMod:Defend_TheCursed","TheCursedMod:Defend_TheCursed","TheCursedMod:Defend_TheCursed","TheCursedMod:Defend_TheCursed","TheCursedMod:CursedWand","TheCursedMod:CleanUpWorkshop","TheCursedMod:Dregs","Specialist","TheCursedMod:Obscuration","TheCursedMod:CursedStaff","TheCursedMod:Stretching","TheCursedMod:CircleOfFlame","TheCursedMod:ReleasedStrength","TheCursedMod:CircleOfBlood","TheCursedMod:OutForBlood+1","TheCursedMod:StingEye","TheCursedMod:CursedMace","TheCursedMod:ReleasedStrength","TheCursedMod:VitalStrike","TheCursedMod:CollectTribute+1","Parasite","CommonCold","hermit:ImpendingDoom","TheCursedMod:HellfireBreathing+1","TheCursedMod:RavingStaff","TheCursedMod:HellfireBreathing","TheCursedMod:SpitefulStrike","Ghostly","Ghostly","Ghostly","Ghostly","Ghostly","TheCursedMod:Stigma","TheCursedMod:WearCloak","TheCursedMod:WearCloak","TheCursedMod:Wield+1","TheCursedMod:ManaBullet+1","TheCursedMod:SaltUponWound"],"relics":["TheCursedMod:BlackMagic101","Oddly Smooth Stone","Boot","conspire:TopHat","Replay:Ancient Bell","ReplayFunnel","Replay:Bottled Flurry","Ginger","conspire:GlowingRock","Enchiridion","Replay:Mystery Machine","HornCleat","Replay:Rubber Ducky"],"acts_visited":["Exordium","TheCity"],"potions_floor_usage":[7,16,16,18,27,30,33],"damage_taken":[{"damage":9,"enemies":"Cultist","floor":1,"turns":4},{"damage":8,"enemies":"Small Slimes","floor":2,"turns":5},{"damage":0,"enemies":"Jaw Worm","floor":3,"turns":3},{"damage":5,"enemies":"Large Slime","floor":4,"turns":8},{"damage":12,"enemies":"Exordium Wildlife","floor":5,"turns":5},{"damage":31,"enemies":"Lagavulin","floor":7,"turns":7},{"damage":16,"enemies":"3 Sentries","floor":10,"turns":5},{"damage":5,"enemies":"3 Louse","floor":11,"turns":3},{"damage":2,"enemies":"Red Slaver","floor":12,"turns":3},{"damage":4,"enemies":"Blue Slaver","floor":14,"turns":3},{"damage":11,"enemies":"Slime Boss","floor":16,"turns":8},{"damage":8,"enemies":"Spheric Guardian","floor":18,"turns":4},{"damage":25,"enemies":"Chosen","floor":19,"turns":5},{"damage":3,"enemies":"Slavers","floor":23,"turns":6},{"damage":6,"enemies":"conspire:MimicChest","floor":27,"turns":7},{"damage":5,"enemies":"Sentry and Sphere","floor":30,"turns":8},{"damage":1,"enemies":"Shelled Parasite and Fungi","floor":31,"turns":6},{"damage":51,"enemies":"Champ","floor":33,"turns":9}],"seed_played":"5513674991395132793","potions_obtained":[{"floor":2,"key":"champ:CounterPotion"},{"floor":3,"key":"Elixir"},{"floor":10,"key":"champ:CounterPotion"},{"floor":11,"key":"Energy Potion"},{"floor":12,"key":"CultistPotion"},{"floor":23,"key":"LifebloodPotion"},{"floor":27,"key":"champ:CounterPotion"},{"floor":31,"key":"Swift Potion"}],"is_trial":false,"path_per_floor":["M","M","M","M","M","R","E","R","T","E","M","M","?","M","R","B",null,"M","M","$","?","?","E","R","$","T","?","$","R","M","M","R","B"],"character_chosen":"THE_CURSED","items_purchased":["TheCursedMod:HellfireBreathing","conspire:GlowingRock","TheCursedMod:SpitefulStrike","TheCursedMod:WearCloak"],"campfire_rested":4,"item_purchase_floors":[20,20,20,25],"current_hp_per_floor":[66,58,58,53,41,63,32,54,54,42,41,41,41,41,63,56,75,67,46,46,37,21,22,33,33,33,31,31,31,28,31,31,0,0],"gold":88,"neow_bonus":"RANDOM_COLORLESS","is_daily":false,"chose_seed":false,"campfire_upgraded":2,"win_rate":0.0,"timestamp":1608875315,"path_taken":["M","?","M","M","M","R","E","R","T","E","?","M","?","M","R","BOSS","M","M","$","?","?","E","R","?","T","?","$","R","M","M","R","BOSS"],"items_purchased_type":["Card","Relic","Card","Card"],"build_version":"2020-12-22","purchased_purges":0,"victory":false,"max_hp_per_floor":[75,75,75,75,75,75,75,75,75,75,75,75,75,75,75,75,75,75,75,75,37,37,37,37,37,37,37,37,37,37,37,37,37,37],"card_choices":[{"not_picked":["expansioncontent:SuperHexaguard","Replay:SS_forest_5"],"picked":"Specialist","floor":0},{"not_picked":["TheCursedMod:ManaBullet","TheCursedMod:VitalStrike"],"picked":"TheCursedMod:Obscuration","floor":1},{"not_picked":["TheCursedMod:RavingStaff","TheCursedMod:SurpriseAttack"],"picked":"TheCursedMod:CursedStaff","floor":2},{"not_picked":["TheCursedMod:BloodBarrier","TheCursedMod:CircleOfFocus"],"picked":"TheCursedMod:Stretching","floor":3},{"not_picked":["TheCursedMod:RapidMovement","TheCursedMod:CircleOfCorruption"],"picked":"TheCursedMod:CircleOfFlame","floor":4},{"not_picked":["TheCursedMod:Stretching","TheCursedMod:Torture"],"picked":"TheCursedMod:ReleasedStrength","floor":5},{"not_picked":["TheCursedMod:CircleOfFlame","TheCursedMod:CircleOfAmplification"],"picked":"TheCursedMod:CircleOfBlood","floor":7},{"not_picked":["TheCursedMod:SoulCrush","TheCursedMod:Stigma"],"picked":"TheCursedMod:OutForBlood","floor":10},{"not_picked":["TheCursedMod:BloodBarrier","TheCursedMod:SpitefulStrike"],"picked":"TheCursedMod:StingEye","floor":11},{"not_picked":["TheCursedMod:RavingStaff","TheCursedMod:CursedAmulet"],"picked":"TheCursedMod:CursedMace","floor":12},{"not_picked":["TheCursedMod:CursedStaff","TheCursedMod:CursedShiv"],"picked":"TheCursedMod:VitalStrike","floor":14},{"not_picked":["TheCursedMod:NeowsMight","TheCursedMod:OutForBlood"],"picked":"TheCursedMod:CollectTribute","floor":16},{"not_picked":["Voices","Looming Evil"],"picked":"Parasite","floor":17},{"not_picked":["Replay:Hysterical Blindness","animator:Curse_Dizziness"],"picked":"CommonCold","floor":17},{"not_picked":["Voices","Shame"],"picked":"hermit:ImpendingDoom","floor":17},{"not_picked":["TheCursedMod:CircleOfCorruption","TheCursedMod:CircleOfFlame"],"picked":"TheCursedMod:HellfireBreathing+1","floor":18},{"not_picked":["TheCursedMod:CursedMace","TheCursedMod:VitalStrike+1"],"picked":"TheCursedMod:RavingStaff","floor":19},{"not_picked":["TheCursedMod:TacticalStrike","TheCursedMod:SurpriseAttack"],"picked":"TheCursedMod:Stigma","floor":23},{"not_picked":["TheCursedMod:Obscuration","TheCursedMod:Torture+1"],"picked":"TheCursedMod:Wield+1","floor":27},{"not_picked":["TheCursedMod:Stretching","TheCursedMod:SmokeScreen"],"picked":"TheCursedMod:ManaBullet+1","floor":30},{"not_picked":["TheCursedMod:RavingStaff+1","TheCursedMod:CursedBoomerang"],"picked":"TheCursedMod:SaltUponWound","floor":31}],"player_experience":64223,"relics_obtained":[{"floor":7,"key":"Oddly Smooth Stone"},{"floor":9,"key":"Boot"},{"floor":10,"key":"conspire:TopHat"},{"floor":22,"key":"Enchiridion"},{"floor":23,"key":"Replay:Mystery Machine"},{"floor":26,"key":"HornCleat"},{"floor":27,"key":"Replay:Rubber Ducky"}],"event_choices":[{"damage_healed":0,"gold_gain":0,"cards_transformed":["TheCursedMod:Strike_TheCursed"],"player_choice":"Change","damage_taken":0,"max_hp_gain":0,"max_hp_loss":0,"event_name":"Living Wall","floor":13,"gold_loss":0,"cards_obtained":["TheCursedMod:ReleasedStrength"]},{"damage_healed":0,"gold_gain":0,"player_choice":"Became a Ghost","damage_taken":0,"max_hp_gain":0,"max_hp_loss":38,"event_name":"Ghosts","floor":21,"gold_loss":0,"cards_obtained":["Ghostly","Ghostly","Ghostly","Ghostly","Ghostly"]},{"damage_healed":0,"gold_gain":0,"player_choice":"Obtained Book","damage_taken":16,"max_hp_gain":0,"max_hp_loss":0,"event_name":"Cursed Tome","floor":22,"gold_loss":0}],"is_beta":false,"boss_relics":[{"not_picked":["Coffee Dripper","Sozu"],"picked":"Replay:Ancient Bell"},{"not_picked":["Anchor","War Paint"],"picked":"ReplayFunnel"},{"not_picked":["Darkstone Periapt","Mummified Hand"],"picked":"Replay:Bottled Flurry"},{"not_picked":["Mango","Counterbalance"],"picked":"Ginger"}],"items_purged_floors":[],"is_endless":false,"potions_floor_spawned":[2,3,10,11,12,23,27,31],"killed_by":"Champ","ascension_level":0}}