{"host":"y76clbnovzmw9ubx","time":1608859899,"event":{"mods":["AchievementEnabler","BaseMod","Minty Spire (QoL Compilation)","Permanent Neow","Relic Stats"],"gold_per_floor":[116,116,134,146,157,157,192,192,192,192,227,240,39,56,56,56,56],"floor_reached":16,"playtime":1253,"items_purged":["Strike_R"],"score":224,"play_id":"df77ac10-56ce-4364-80cd-4acbe0c2aff6","local_time":"20201224203139","is_ascension_mode":true,"campfire_choices":[{"data":"Dark Embrace","floor":6,"key":"SMITH"},{"data":"Power Through","floor":8,"key":"SMITH"},{"data":"Cleave","floor":10,"key":"SMITH"},{"data":"Dark Embrace","floor":15,"key":"SMITH"}],"circlet_count":0,"master_deck":["AscendersBane","Strike_R","Strike_R","Strike_R","Defend_R","Defend_R","Defend_R","Defend_R","Bash+1","Cleave+1","Power Through+1","Dark Embrace+1","Offering","Burning Pact","Feel No Pain","Whirlwind","Inflame","Dark Embrace+1"],"relics":["Burning Blood","Bag of Preparation","Pear","Prayer Wheel"],"acts_visited":["Exordium"],"potions_floor_usage":[7],"damage_taken":[{"damage":2,"enemies":"2 Louse","floor":1,"turns":4},{"damage":2,"enemies":"Cultist","floor":3,"turns":4},{"damage":11,"enemies":"Jaw Worm","floor":4,"turns":4},{"damage":3,"enemies":"3 Louse","floor":5,"turns":4},{"damage":43,"enemies":"Lagavulin","floor":7,"turns":11},{"damage":26,"enemies":"3 Sentries","floor":11,"turns":8},{"damage":6,"enemies":"Blue Slaver","floor":12,"turns":6},{"damage":6,"enemies":"Exordium Thugs","floor":14,"turns":4},{"damage":32,"enemies":"The Guardian","floor":16,"turns":8}],"seed_played":"-3121704587176909664","potions_obtained":[{"floor":1,"key":"EssenceOfSteel"},{"floor":7,"key":"Ancient Potion"},{"floor":11,"key":"Energy Potion"}],"is_trial":false,"path_per_floor":["M","?","M","M","M","R","E","R","T","R","E","M","$","M","R","B"],"character_chosen":"IRONCLAD","items_purchased":["Whirlwind","Inflame"],"campfire_rested":0,"item_purchase_floors":[13,13],"current_hp_per_floor":[72,72,75,70,73,73,36,36,46,46,26,26,26,26,26,0,0],"gold":56,"neow_bonus":"UPGRADE_CARD","is_daily":false,"chose_seed":false,"campfire_upgraded":4,"win_rate":0.0,"timestamp":1608859899,"path_taken":["M","?","M","?","M","R","E","R","T","R","E","M","$","M","R","BOSS"],"items_purchased_type":["Card","Card"],"build_version":"2020-12-22","purchased_purges":1,"victory":false,"max_hp_per_floor":[75,75,75,75,75,75,75,75,85,85,85,85,85,85,85,85,85],"relic_stats":{"counters":[9,53],"Prayer Wheel":2,"Bag of Preparation":[8],"obtain_stats":[{"Pear":9,"Prayer Wheel":11,"Bag of Preparation":7,"Burning Blood":0},{"Pear":5,"Prayer Wheel":6,"Bag of Preparation":5,"Burning Blood":0},{"Pear":27,"Prayer Wheel":35,"Bag of Preparation":27,"Burning Blood":0}],"Burning Blood":47},"card_choices":[{"not_picked":["Bloodletting","Blood for Blood","Body Slam"],"picked":"SKIP","floor":1},{"not_picked":["Dark Embrace","Evolve"],"picked":"Cleave","floor":3},{"not_picked":["True Grit","Clothesline"],"picked":"Power Through","floor":4},{"not_picked":["Clash","Havoc"],"picked":"Dark Embrace","floor":5},{"not_picked":["Wild Strike","Body Slam"],"picked":"Offering","floor":7},{"not_picked":["Sword Boomerang","Brutality"],"picked":"Burning Pact","floor":11},{"not_picked":["Clothesline","Hemokinesis"],"picked":"Feel No Pain","floor":12},{"not_picked":["Twin Strike","Anger","Cleave"],"picked":"SKIP","floor":12},{"not_picked":["Clash","Anger"],"picked":"Dark Embrace","floor":14},{"not_picked":["Twin Strike","Sword Boomerang","Thunderclap"],"picked":"SKIP","floor":14}],"player_experience":2971349,"relics_obtained":[{"floor":7,"key":"Bag of Preparation"},{"floor":9,"key":"Pear"},{"floor":11,"key":"Prayer Wheel"}],"event_choices":[{"cards_removed":["Strike_R"],"damage_healed":0,"gold_gain":0,"player_choice":"Offered Basic","damage_taken":0,"max_hp_gain":0,"max_hp_loss":0,"event_name":"Bonfire Elementals","floor":2,"gold_loss":0}],"is_beta":false,"boss_relics":[],"items_purged_floors":[13],"is_endless":false,"potions_floor_spawned":[1,7,11],"killed_by":"The Guardian","ascension_level":20}}