{"host":"3a1ypf1irl30q4k8","time":1608886245,"event":{"mods":["AchievementEnabler","BaseMod","Bestiary","Colored Map","Minty Spire (QoL Compilation)","Relic Stats"],"gold_per_floor":[118,133,133,144,35,70,101,144,156,195,221,233,259,291,303,414,426,454,480,2,14,14,14,43,43,43,60,89,89,123,6,6,104,104,117,117,132,132,132,158,158,33,33,33,48,48,64,91,91,91,91,91,42,77,77,77],"floor_reached":55,"playtime":4333,"items_purged":["Pain","Strike_P","Defend_P"],"score":1256,"play_id":"8f8cd8a5-6202-4388-831b-9859abe9f46d","local_time":"20201225085045","is_ascension_mode":true,"campfire_choices":[{"data":"BowlingBash","floor":15,"key":"SMITH"},{"data":"Scrawl","floor":23,"key":"SMITH"},{"data":"Blasphemy","floor":25,"key":"SMITH"},{"data":"Meditate","floor":32,"key":"SMITH"},{"floor":41,"key":"RECALL"},{"data":"Eruption","floor":44,"key":"SMITH"},{"data":"SpiritShield","floor":46,"key":"SMITH"},{"data":"CutThroughFate","floor":49,"key":"SMITH"},{"data":"TalkToTheHand","floor":52,"key":"SMITH"}],"circlet_count":0,"master_deck":["Strike_P","Defend_P","Defend_P+1","Eruption+1","Vigilance","CutThroughFate+1","BowlingBash+1","EmptyFist","Tantrum","ReachHeaven","WaveOfTheHand+1","SandsOfTime","Evaluate","Scrawl+1","FearNoEvil","Meditate+1","Blasphemy+1","Halt","Sanctity","Flash of Steel","Protect","Ghostly","Ghostly","Ghostly","Ghostly","Ghostly","TalkToTheHand+1","ClearTheMind","Crescendo","Halt","EmptyMind","SpiritShield+1","Wallop+1","Crescendo","TalkToTheHand+1","BattleHymn"],"relics":["PureWater","WarpedTongs","MawBank","War Paint","Mummified Hand","Bottled Lightning","SlaversCollar","Anchor","Sling","Bronze Scales","HornCleat","Pear","Boot","SacredBark","Meat on the Bone","Lizard Tail","Damaru"],"acts_visited":["Exordium","TheCity","TheBeyond","TheEnding"],"potions_floor_usage":[6,6,10,16,30,48,50,50,55,55,55],"damage_taken":[{"damage":0,"enemies":"2 Louse","floor":1,"turns":2},{"damage":7,"enemies":"Cultist","floor":2,"turns":3},{"damage":6,"enemies":"Jaw Worm","floor":4,"turns":4},{"damage":2,"enemies":"3 Sentries","floor":6,"turns":3},{"damage":0,"enemies":"Blue Slaver","floor":7,"turns":2},{"damage":0,"enemies":"Gremlin Nob","floor":8,"turns":2},{"damage":0,"enemies":"3 Sentries","floor":10,"turns":2},{"damage":0,"enemies":"Exordium Wildlife","floor":11,"turns":2},{"damage":3,"enemies":"Gremlin Gang","floor":13,"turns":6},{"damage":16,"enemies":"Large Slime","floor":14,"turns":4},{"damage":0,"enemies":"Slime Boss","floor":16,"turns":5},{"damage":7,"enemies":"Shell Parasite","floor":18,"turns":3},{"damage":8,"enemies":"2 Thieves","floor":19,"turns":2},{"damage":0,"enemies":"Centurion and Healer","floor":21,"turns":3},{"damage":1,"enemies":"Gremlin Leader","floor":24,"turns":5},{"damage":0,"enemies":"Snecko","floor":27,"turns":2},{"damage":0,"enemies":"Slavers","floor":28,"turns":5},{"damage":0,"enemies":"Gremlin Leader","floor":30,"turns":2},{"damage":0,"enemies":"Champ","floor":33,"turns":8},{"damage":1,"enemies":"3 Shapes","floor":35,"turns":5},{"damage":0,"enemies":"Orb Walker","floor":37,"turns":3},{"damage":0,"enemies":"Nemesis","floor":40,"turns":5},{"damage":0,"enemies":"3 Darklings","floor":45,"turns":3},{"damage":0,"enemies":"Transient","floor":47,"turns":5},{"damage":0,"enemies":"Reptomancer","floor":48,"turns":2},{"damage":32,"enemies":"Awakened One","floor":50,"turns":15},{"damage":28,"enemies":"Shield and Spear","floor":54,"turns":8},{"damage":65,"enemies":"The Heart","floor":55,"turns":6}],"seed_played":"3303002971515983018","potions_obtained":[{"floor":2,"key":"Explosive Potion"},{"floor":4,"key":"LiquidMemories"},{"floor":8,"key":"DistilledChaos"},{"floor":13,"key":"Energy Potion"},{"floor":14,"key":"SpeedPotion"},{"floor":19,"key":"DistilledChaos"},{"floor":24,"key":"SmokeBomb"},{"floor":27,"key":"SkillPotion"},{"floor":33,"key":"SpeedPotion"},{"floor":35,"key":"SneckoOil"},{"floor":48,"key":"LiquidMemories"},{"floor":54,"key":"EssenceOfSteel"}],"is_trial":false,"path_per_floor":["M","M","?","M","$","E","M","E","T","E","M","?","M","M","R","B",null,"M","M","$","M","?","R","E","R","T","M","E","?","E","$","R","B",null,"M","$","M","?","?","E","R","$","T","R","M","R","M","E","R","B",null,"R","$","E","B"],"character_chosen":"WATCHER","items_purchased":["Tantrum","Flash of Steel","Anchor","Sling","Wireheading","EmptyMind","Weak Potion"],"campfire_rested":0,"item_purchase_floors":[5,20,20,20,31,31,53],"current_hp_per_floor":[79,72,72,66,66,64,64,64,64,64,64,64,61,45,45,45,79,72,64,64,64,39,39,38,38,38,38,48,48,48,48,48,48,49,48,48,48,48,48,48,48,48,48,48,48,48,48,48,48,28,49,49,49,33,0,0],"gold":77,"neow_bonus":"TEN_PERCENT_HP_BONUS","is_daily":false,"chose_seed":false,"campfire_upgraded":8,"win_rate":0.0,"timestamp":1608886245,"path_taken":["M","M","?","?","$","E","?","E","T","E","M","?","M","M","R","BOSS","M","M","$","M","?","R","E","R","T","M","E","?","E","?","R","BOSS","M","$","?","?","?","E","R","$","T","R","M","R","?","E","R","BOSS","R","$","E","BOSS"],"items_purchased_type":["Card","Card","Relic","Relic","Card","Card","Potion"],"build_version":"2020-12-22","purchased_purges":3,"victory":false,"max_hp_per_floor":[79,79,79,79,79,79,79,79,79,79,79,79,79,79,79,79,79,79,79,79,79,39,39,39,39,39,39,49,49,49,49,49,49,49,49,49,49,49,49,49,49,49,49,49,49,49,49,49,49,49,49,49,49,49,49,49],"relic_stats":{"Lizard Tail":24,"counters":[28,117],"Mummified Hand":[5],"Bronze Scales":[301],"War Paint":["WaveOfTheHand","Defend_P"],"MawBank":168,"Boot":[59],"obtain_stats":[{"Pear":28,"SacredBark":34,"Damaru":54,"War Paint":8,"MawBank":6,"Sling":20,"Boot":30,"WarpedTongs":3,"SlaversCollar":17,"Anchor":20,"Lizard Tail":48,"HornCleat":26,"Mummified Hand":9,"Bronze Scales":24,"Bottled Lightning":10,"PureWater":0,"Meat on the Bone":40},{"Pear":17,"SacredBark":19,"Damaru":27,"War Paint":6,"MawBank":4,"Sling":13,"Boot":18,"WarpedTongs":2,"SlaversCollar":11,"Anchor":13,"Lizard Tail":25,"HornCleat":15,"Mummified Hand":6,"Bronze Scales":15,"Bottled Lightning":7,"PureWater":0,"Meat on the Bone":22},{"Pear":55,"SacredBark":65,"Damaru":111,"War Paint":16,"MawBank":12,"Sling":40,"Boot":57,"WarpedTongs":5,"SlaversCollar":35,"Anchor":40,"Lizard Tail":88,"HornCleat":48,"Mummified Hand":16,"Bronze Scales":48,"Bottled Lightning":18,"PureWater":0,"Meat on the Bone":78}],"WarpedTongs":[112],"Meat on the Bone":24},"card_choices":[{"not_picked":["ClearTheMind","Crescendo"],"picked":"CutThroughFate","floor":1},{"not_picked":["FlyingSleeves","Adaptation"],"picked":"BowlingBash","floor":2},{"not_picked":["FlurryOfBlows","Consecrate"],"picked":"EmptyFist","floor":4},{"not_picked":["BowlingBash","Establishment"],"picked":"ReachHeaven","floor":6},{"not_picked":["FollowUp","ThirdEye"],"picked":"WaveOfTheHand","floor":7},{"not_picked":["FollowUp","Crescendo"],"picked":"SandsOfTime","floor":8},{"not_picked":["BowlingBash","FlurryOfBlows"],"picked":"Evaluate","floor":10},{"not_picked":["Halt","CrushJoints"],"picked":"Scrawl","floor":11},{"not_picked":["FlyingSleeves","BattleHymn"],"picked":"FearNoEvil","floor":13},{"not_picked":["Pray","ForeignInfluence"],"picked":"Meditate","floor":14},{"not_picked":["ConjureBlade","Ragnarok"],"picked":"Blasphemy","floor":16},{"not_picked":["WreathOfFlame","JustLucky"],"picked":"Halt","floor":18},{"not_picked":["Crescendo","Pray"],"picked":"Sanctity","floor":19},{"not_picked":["EmptyMind","Consecrate"],"picked":"Protect","floor":21},{"not_picked":["MasterReality","EmptyBody+1"],"picked":"TalkToTheHand+1","floor":24},{"not_picked":["WindmillStrike","LikeWater"],"picked":"ClearTheMind","floor":27},{"not_picked":["Prostrate","ReachHeaven","LikeWater"],"picked":"SKIP","floor":28},{"not_picked":["Protect+1","MentalFortress+1","FollowUp"],"picked":"SKIP","floor":30},{"not_picked":["LessonLearned","DevaForm"],"picked":"SpiritShield","floor":33},{"not_picked":["Crescendo+1","ClearTheMind+1"],"picked":"Wallop+1","floor":35},{"not_picked":["ClearTheMind+1","WheelKick","Indignation"],"picked":"SKIP","floor":37},{"not_picked":["CutThroughFate","BattleHymn","EmptyFist+1"],"picked":"SKIP","floor":40},{"not_picked":["WindmillStrike+1","Protect+1","CrushJoints+1"],"picked":"SKIP","floor":45},{"not_picked":["Study+1","Crescendo","Wireheading+1"],"picked":"SKIP","floor":47},{"not_picked":["Wallop+1","EmptyFist+1"],"picked":"TalkToTheHand","floor":48},{"not_picked":["Nirvana+1","Devotion"],"picked":"BattleHymn","floor":54}],"player_experience":875528,"relics_obtained":[{"floor":6,"key":"MawBank"},{"floor":8,"key":"War Paint"},{"floor":9,"key":"Mummified Hand"},{"floor":10,"key":"Bottled Lightning"},{"floor":24,"key":"Bronze Scales"},{"floor":26,"key":"HornCleat"},{"floor":28,"key":"Pear"},{"floor":30,"key":"Boot"},{"floor":40,"key":"Meat on the Bone"},{"floor":48,"key":"Lizard Tail"},{"floor":54,"key":"Damaru"}],"event_choices":[{"damage_healed":0,"gold_gain":0,"player_choice":"Rummage","damage_taken":0,"relics_obtained":["WarpedTongs"],"max_hp_gain":0,"max_hp_loss":0,"event_name":"Accursed Blacksmith","floor":3,"gold_loss":0,"cards_obtained":["Pain"]},{"damage_healed":0,"gold_gain":0,"player_choice":"Ignored","damage_taken":0,"max_hp_gain":0,"max_hp_loss":0,"event_name":"Liars Game","floor":12,"gold_loss":0},{"damage_healed":0,"gold_gain":0,"player_choice":"Became a Ghost","damage_taken":0,"max_hp_gain":0,"max_hp_loss":40,"event_name":"Ghosts","floor":22,"gold_loss":0,"cards_obtained":["Ghostly","Ghostly","Ghostly","Ghostly","Ghostly"]},{"damage_healed":0,"gold_gain":0,"cards_transformed":["Strike_P","Strike_P"],"player_choice":"Became Test Subject","damage_taken":0,"max_hp_gain":0,"max_hp_loss":0,"event_name":"Drug Dealer","floor":29,"gold_loss":0,"cards_obtained":["Crescendo","Halt"]},{"cards_removed":["Wireheading"],"damage_healed":0,"gold_gain":0,"player_choice":"Removed Power","damage_taken":0,"max_hp_gain":0,"max_hp_loss":0,"event_name":"Falling","floor":38,"gold_loss":0},{"damage_healed":0,"gold_gain":0,"cards_transformed":["Defend_P"],"player_choice":"Transformed","damage_taken":0,"max_hp_gain":0,"max_hp_loss":0,"event_name":"Transmorgrifier","floor":39,"gold_loss":0,"cards_obtained":["Crescendo"]}],"is_beta":false,"boss_relics":[{"not_picked":["VioletLotus","Cursed Key"],"picked":"SlaversCollar"},{"not_picked":["Tiny House","Runic Pyramid"],"picked":"SacredBark"}],"items_purged_floors":[5,20,42],"is_endless":false,"potions_floor_spawned":[2,4,8,13,14,19,24,27,33,35,47,48,54],"killed_by":"The Heart","ascension_level":4}}