{"host":"3rixevx6n8b56xaj","time":1608903415,"event":{"mods":["2.2 Compatiblity","AchievementEnabler","Arknights The Spire","BaseMod","Colored Map","DeckTracker","Friendly Minions","Minty Spire (QoL Compilation)","StSLib","SuperFastMode"],"gold_per_floor":[115,134,148,39,58,71,71,85,85,112,124,124,137,137,137,137,137],"floor_reached":16,"playtime":479,"items_purged":["ats:Strike C"],"score":131,"play_id":"4010de94-3d1a-4b1f-bed6-8fdef9746d26","local_time":"20201225223655","is_ascension_mode":false,"campfire_choices":[{"data":"ats:Neurotoxin","floor":7,"key":"SMITH"},{"floor":15,"key":"REST"}],"circlet_count":0,"master_deck":["ats:Strike G","ats:Strike S","ats:Strike V","ats:Armor Crushing Shot","ats:Defend","ats:Defend","ats:Defend","ats:Defend","ats:Emotion Absorption","ats:Flexible Camouflage","ats:Closed Bolt Burst Fire","ats:Flexible Camouflage","ats:Healing Strengthening","ats:Song Of Battle","ats:Neurotoxin+1","ats:Shell Defense","ats:Poison Spread"],"relics":["ats:Sanity","ats:Originium","Gremlin Horn","Golden Idol"],"acts_visited":["Exordium"],"potions_floor_usage":[13,16],"damage_taken":[{"damage":1,"enemies":"Cultist","floor":1,"turns":4},{"damage":7,"enemies":"2 Louse","floor":2,"turns":2},{"damage":0,"enemies":"Small Slimes","floor":3,"turns":3},{"damage":10,"enemies":"Looter","floor":5,"turns":3},{"damage":2,"enemies":"2 Fungi Beasts","floor":6,"turns":3},{"damage":10,"enemies":"Large Slime","floor":8,"turns":6},{"damage":34,"enemies":"Gremlin Nob","floor":10,"turns":5},{"damage":5,"enemies":"Looter","floor":11,"turns":4},{"damage":9,"enemies":"Exordium Thugs","floor":13,"turns":5},{"damage":40,"enemies":"The Guardian","floor":16,"turns":8}],"seed_played":"-6344254062566990858","potions_obtained":[{"floor":5,"key":"BlessingOfTheForge"},{"floor":8,"key":"SkillPotion"},{"floor":11,"key":"DuplicationPotion"},{"floor":13,"key":"DuplicationPotion"},{"floor":14,"key":"Strength Potion"}],"is_trial":false,"path_per_floor":["M","M","M","$","M","M","R","M","T","E","M","?","M","?","R","B"],"character_chosen":"DOCTOR_CLASS","items_purchased":["ats:Healing Strengthening"],"campfire_rested":1,"item_purchase_floors":[4],"current_hp_per_floor":[78,71,71,71,61,59,59,49,49,23,22,3,1,1,24,0,0],"gold":137,"neow_bonus":"TEN_PERCENT_HP_BONUS","is_daily":false,"chose_seed":false,"campfire_upgraded":1,"win_rate":0.0,"timestamp":1608903415,"path_taken":["M","M","?","$","M","M","R","?","T","E","M","?","M","?","R","BOSS"],"items_purchased_type":["Card"],"build_version":"2020-12-22","purchased_purges":1,"victory":false,"max_hp_per_floor":[79,79,79,79,79,79,79,79,79,79,79,79,79,79,79,79,79],"card_choices":[{"not_picked":["ats:Explosion Area Strengthen","ats:Chain Hook"],"picked":"ats:Flexible Camouflage","floor":1},{"not_picked":["ats:Childhood Dance","ats:Leaping Hammer"],"picked":"ats:Closed Bolt Burst Fire","floor":2},{"not_picked":["ats:Counter Healing Mode","ats:Ignite"],"picked":"ats:Flexible Camouflage","floor":3},{"not_picked":["ats:Very Hot Blade","ats:Flame Of Heaven"],"picked":"ats:Song Of Battle","floor":5},{"not_picked":["ats:Poison Spread","ats:Defend Order"],"picked":"ats:Neurotoxin","floor":6},{"not_picked":["ats:Spore Proliferation","ats:Part Time Job"],"picked":"ats:Shell Defense","floor":8},{"not_picked":["ats:Soul Absorption","ats:Consecutive Shot Auto"],"picked":"ats:Poison Spread","floor":10},{"not_picked":["ats:Assault Order","ats:True Silver Slash","ats:Ignite"],"picked":"SKIP","floor":11},{"not_picked":["ats:Hammer On","ats:Neurotoxin","ats:Thermite Blade"],"picked":"SKIP","floor":13}],"player_experience":566052,"relics_obtained":[{"floor":10,"key":"ats:Originium"},{"floor":10,"key":"Gremlin Horn"}],"event_choices":[{"damage_healed":0,"gold_gain":0,"player_choice":"Take Damage","damage_taken":19,"relics_obtained":["Golden Idol"],"max_hp_gain":0,"max_hp_loss":0,"event_name":"Golden Idol","floor":12,"gold_loss":0},{"damage_healed":0,"gold_gain":0,"player_choice":"Got Potions","damage_taken":0,"max_hp_gain":0,"max_hp_loss":0,"event_name":"Lab","floor":14,"gold_loss":0}],"is_beta":false,"boss_relics":[],"items_purged_floors":[4],"is_endless":false,"potions_floor_spawned":[5,8,11,13],"killed_by":"The Guardian","ascension_level":0}}