{"host":"6fxx26xucuaqj5b6","time":1608928456,"event":{"mods":["Act Like it!","BaseMod","Block Reminder","Minty Spire (QoL Compilation)","Permanent Neow","Quick Restart","StSLib"],"gold_per_floor":[115,115,115,131,149,149,162,19,19,53,53,53,86,86,86,86,86],"floor_reached":16,"playtime":566,"items_purged":[],"score":151,"play_id":"9f98bab5-d6e3-44f0-af74-6479a3656edb","local_time":"20201225203416","is_ascension_mode":true,"campfire_choices":[{"data":"Cleave","floor":6,"key":"SMITH"},{"floor":11,"key":"REST"},{"floor":15,"key":"REST"}],"circlet_count":0,"master_deck":["Strike_R","Strike_R","Strike_R","Strike_R","Defend_R","Defend_R","Defend_R","Defend_R","Bash","Twin Strike","Entrench","Pommel Strike","Cleave+1","Whirlwind","Body Slam","True Grit","Corruption"],"relics":["Burning Blood","Golden Idol","ClockworkSouvenir","Bottled Flame","Mercury Hourglass","Ornamental Fan","WingedGreaves"],"acts_visited":["Exordium"],"potions_floor_usage":[3,16,16,16],"damage_taken":[{"damage":3,"enemies":"Jaw Worm","floor":1,"turns":5},{"damage":0,"enemies":"Small Slimes","floor":4,"turns":3},{"damage":1,"enemies":"Cultist","floor":5,"turns":3},{"damage":17,"enemies":"Exordium Thugs","floor":7,"turns":4},{"damage":45,"enemies":"Lagavulin","floor":10,"turns":6},{"damage":24,"enemies":"Gremlin Nob","floor":13,"turns":5},{"damage":49,"enemies":"The Guardian","floor":16,"turns":13}],"seed_played":"383844649251492058","potions_obtained":[{"floor":1,"key":"LiquidMemories"},{"floor":3,"key":"BloodPotion"},{"floor":3,"key":"DistilledChaos"},{"floor":3,"key":"Block Potion"}],"is_trial":false,"path_per_floor":["M","?","?","M","M","R","M","$","T","E","R","T","E","?","R","B"],"character_chosen":"IRONCLAD","items_purchased":["ClockworkSouvenir"],"campfire_rested":2,"item_purchase_floors":[8],"current_hp_per_floor":[75,55,71,77,80,80,69,69,69,30,54,54,36,36,60,11,11],"gold":86,"neow_bonus":"THREE_CARDS","is_daily":false,"chose_seed":false,"campfire_upgraded":1,"win_rate":0.0,"timestamp":1608928456,"path_taken":["M","?","?","?","M","R","M","$","T","E","R","?","E","?","R","BOSS"],"items_purchased_type":["Relic"],"build_version":"2020-12-22","purchased_purges":0,"victory":false,"max_hp_per_floor":[80,80,80,80,80,80,80,80,80,80,80,80,80,80,80,80,80],"card_choices":[{"not_picked":["Hemokinesis","True Grit"],"picked":"Twin Strike","floor":0},{"not_picked":["Feel No Pain","Body Slam"],"picked":"Entrench","floor":1},{"not_picked":["True Grit","Impervious"],"picked":"Pommel Strike","floor":4},{"not_picked":["Dropkick","Rupture"],"picked":"Cleave","floor":5},{"not_picked":["Seeing Red","Blood for Blood"],"picked":"Whirlwind","floor":7},{"not_picked":["Inflame","Thunderclap"],"picked":"Body Slam","floor":10},{"not_picked":["Sever Soul","Perfected Strike"],"picked":"True Grit","floor":13}],"player_experience":360992,"relics_obtained":[{"floor":9,"key":"Bottled Flame"},{"floor":10,"key":"Mercury Hourglass"},{"floor":12,"key":"Ornamental Fan"},{"floor":13,"key":"WingedGreaves"}],"event_choices":[{"damage_healed":0,"gold_gain":0,"player_choice":"Take Damage","damage_taken":20,"relics_obtained":["Golden Idol"],"max_hp_gain":0,"max_hp_loss":0,"event_name":"Golden Idol","floor":2,"gold_loss":0},{"damage_healed":0,"gold_gain":0,"player_choice":"Got Potions","damage_taken":0,"max_hp_gain":0,"max_hp_loss":0,"event_name":"Lab","floor":3,"gold_loss":0},{"damage_healed":0,"gold_gain":0,"cards_transformed":["Strike_R"],"player_choice":"Transformed","damage_taken":0,"max_hp_gain":0,"max_hp_loss":0,"event_name":"Transmorgrifier","floor":14,"gold_loss":0,"cards_obtained":["Corruption"]}],"is_beta":false,"boss_relics":[],"items_purged_floors":[],"is_endless":false,"potions_floor_spawned":[1,13],"killed_by":"The Guardian","ascension_level":8}}