{"host":"ws4mzzemcqsz5e2k","time":1608872283,"event":{"mods":["ATMod(阿瑾Mod)","BaseMod","Colored Powertips","HumanHunterMod(怪物杀人mod)","Minty Spire (QoL Compilation)","MostiFishMod","StSLib","TestMod","没有小屋子和绿帽子啦"],"gold_per_floor":[109,109,124,139,149,149,184,184,210,236,236,250,277,202,202,302,302,441,584,188,188,588,588,742,881,906,1060,1195,1222,1285,1479,1479,1726,1726,1870,1279,1279,1441,1441,1647,1699,1879,1926,2121,2173,2173,2255,2509,2509,2994,2994],"floor_reached":50,"playtime":3442,"items_purged":["MostiFishMod:PerfectParry","FlyingSleeves","Cloak And Dagger"],"score":1185,"play_id":"b6a95e10-728c-4051-827f-24534ab2ef88","local_time":"20201225125803","daily_mods":["SealedDeck","Diverse","Heirloom","Elite Swarm","Uncertain Future"],"is_ascension_mode":false,"campfire_choices":[{"data":"AT_OneInchPunch","floor":6.0,"key":"SMITH"},{"data":"MostiFishMod:CyberBuddha","floor":11.0,"key":"SMITH"},{"data":"AT_BodySlamDance","floor":15.0,"key":"SMITH"},{"data":"MostiFishMod:LinkProtocol","floor":23.0,"key":"SMITH"},{"data":"AT_ThunderBolt","floor":32.0,"key":"SMITH"},{"data":"MostiFishMod:Mania","floor":46,"key":"SMITH"},{"data":"Heatsinks","floor":49,"key":"SMITH"}],"circlet_count":0,"master_deck":["AT_BodySlamDance+1","Quick Slash","Dagger Spray","MostiFishMod:GatherIntelligence","Ball Lightning","AT_ThunderBolt+1","White Noise","Heatsinks+1","MostiFishMod:CyberBuddha+1","MostiFishMod:LinkProtocol+1","Ghostly","Ghostly","Ghostly","Ghostly","Ghostly","MostiFishMod:HellRitual","Creative AI","MostiFishMod:Mania+1","After Image"],"relics":["Cracked Core","DaveBox","testmod-TestBox","testmod-Motorcycle","BionicSphere","DaCapo","SynthV:TestCard","PreservedInsect","AT_BellDemon","AT_ArcaneBoots","Vajra","Akabeko","testmod-FatalChain","GreenFoldingFan","Bag of Preparation","Toy Ornithopter","Happy Flower","DataDisk","Blood Vial","AT_MibuBalloonWealth","CeramicFish","Boot","CaptainsWheel","AT_Kusabimaru","Strawberry","ChiXiaoBlade","testmod-LifeArmor","AT_SunfireAegis","ClockworkSouvenir","Orichalcum","testmod-Acrobat","Pen Nib","MealTicket","Unceasing Top","AT_ArchangelStaff","testmod-AssaultLearning","testmod-Hope","AT_ForceNature","Centennial Puzzle","CombinedTypeHook","Prayer Wheel","SynthV:C4"],"acts_visited":["TheCity","TheBeyond"],"potions_floor_usage":[44,50,50,50],"damage_taken":[{"damage":0.0,"enemies":"2 Louse","floor":1.0,"turns":1.0},{"damage":0.0,"enemies":"Cultist","floor":3.0,"turns":2.0},{"damage":0.0,"enemies":"Small Slimes","floor":4.0,"turns":2.0},{"damage":0.0,"enemies":"Exordium Wildlife","floor":5.0,"turns":1.0},{"damage":0.0,"enemies":"Lagavulin","floor":7.0,"turns":4.0},{"damage":0.0,"enemies":"3 Sentries","floor":10.0,"turns":2.0},{"damage":64.0,"enemies":"Looter","floor":12.0,"turns":3.0},{"damage":0.0,"enemies":"Gremlin Nob","floor":13.0,"turns":2.0},{"damage":1.0,"enemies":"Hexaghost","floor":16.0,"turns":4.0},{"damage":12.0,"enemies":"Shell Parasite","floor":18.0,"turns":6.0},{"damage":0.0,"enemies":"3 Byrds","floor":19.0,"turns":3.0},{"damage":0.0,"enemies":"Book of Stabbing","floor":24.0,"turns":5.0},{"damage":0.0,"enemies":"Snake Plant","floor":25.0,"turns":5.0},{"damage":0.0,"enemies":"Slavers","floor":27.0,"turns":6.0},{"damage":0.0,"enemies":"Snecko","floor":28.0,"turns":4.0},{"damage":0.0,"enemies":"Book of Stabbing","floor":30.0,"turns":3.0},{"damage":0.0,"enemies":"Centurion and Healer","floor":31.0,"turns":6.0},{"damage":0.0,"enemies":"Champ","floor":33.0,"turns":7.0},{"damage":0.0,"enemies":"3 Darklings","floor":35.0,"turns":2.0},{"damage":0.0,"enemies":"Orb Walker","floor":38.0,"turns":5.0},{"damage":0.0,"enemies":"Nemesis","floor":40.0,"turns":6.0},{"damage":0,"enemies":"Maw","floor":41,"turns":5},{"damage":0,"enemies":"Giant Head","floor":42,"turns":6},{"damage":27,"enemies":"Nemesis","floor":44,"turns":8},{"damage":0,"enemies":"Spire Growth","floor":45,"turns":4},{"damage":0,"enemies":"Mind Bloom Boss Battle","floor":47,"turns":4},{"damage":0,"enemies":"Writhing Mass","floor":48,"turns":3},{"damage":123,"enemies":"Awakened One","floor":50,"turns":7}],"seed_played":"-27204060690154702","potions_obtained":[{"floor":1.0,"key":"Explosive Potion"},{"floor":2.0,"key":"Ancient Potion"},{"floor":2.0,"key":"SteroidPotion"},{"floor":10.0,"key":"Energy Potion"},{"floor":13.0,"key":"LiquidMemories"},{"floor":16.0,"key":"SpeedPotion"},{"floor":19.0,"key":"SteroidPotion"},{"floor":25.0,"key":"LiquidBronze"},{"floor":30.0,"key":"Block Potion"},{"floor":45,"key":"Block Potion"}],"is_trial":true,"path_per_floor":["M","?","M","M","M","R","E","?","T","E","R","M","E","$","R","B",null,"M","M","$","?","?","R","E","M","T","E","M","T","E","M","R","B",null,"M","$","?","M","?","E","M","E","T","E","M","R","?","M","R","B"],"character_chosen":"DEFECT","items_purchased":["Bag of Preparation","Toy Ornithopter","AT_SunfireAegis","ClockworkSouvenir","Orichalcum"],"campfire_rested":0,"item_purchase_floors":[20,20,36,36,36],"current_hp_per_floor":[75,75,75,75,75,75,75,89,89,89,89,25,25,25,25,24,89,87,89,89,44,44,44,44,44,44,44,44,44,44,44,44,51,51,51,51,51,51,48,48,48,48,48,36,48,48,48,48,48,0,0],"gold":2994,"neow_bonus":"","is_daily":false,"chose_seed":false,"campfire_upgraded":7,"win_rate":0.0,"timestamp":1608872283,"path_taken":["M","?","?","M","M","R","E","?","T","E","R","M","E","$","R","BOSS","M","M","$","?","?","R","E","M","T","E","M","?","E","M","R","BOSS","M","$","?","M","?","E","M","E","T","E","M","R","?","M","R","BOSS"],"items_purchased_type":["Relic","Relic","Relic","Relic","Relic"],"build_version":"2020-12-22","purchased_purges":3,"victory":false,"max_hp_per_floor":[75,75,75,75,75,75,75,89,89,89,89,89,89,89,89,89,89,89,89,89,44,44,44,44,44,44,44,44,44,44,44,44,51,51,51,51,51,51,48,48,48,48,48,48,48,48,48,48,48,48,48],"card_choices":[{"not_picked":["Sweeping Beam","Backstab","Prostrate"],"picked":"SKIP","floor":1.0},{"not_picked":["Evaluate","Dodge and Roll","Cold Snap","Doom and Gloom","Turbo"],"picked":"SKIP","floor":3.0},{"not_picked":["Beam Cell","AT_EMC2","Poisoned Stab","WreathOfFlame","MostiFishMod:ReprogramOld"],"picked":"SKIP","floor":4.0},{"not_picked":["Consecrate","Compile Driver","AT_ThreeBodyProblem","Sever Soul"],"picked":"Heatsinks","floor":5.0},{"not_picked":["MostiFishMod:Wind","MostiFishMod:OrdinaryWorld","Fiend Fire","MostiFishMod:Neurotoxin"],"picked":"MostiFishMod:LethalBlade","floor":7.0},{"not_picked":["MostiFishMod:Distribution","Wish","Machine Learning","AT_MyraUnstableElement"],"picked":"MostiFishMod:CyberBuddha","floor":10.0},{"not_picked":["MostiFishMod:ThornCasing","AT_HeatAcrobatics","Hologram","AT_WindFlip","AT_RobotInSpace"],"picked":"SKIP","floor":12.0},{"not_picked":["MostiFishMod:Hijack","MostiFishMod:IceShield","MostiFishMod:DustFall","MostiFishMod:VineMother","MostiFishMod:DisColor"],"picked":"SKIP","floor":13.0},{"not_picked":["Coolheaded","Flex","All Out Attack","True Grit"],"picked":"MostiFishMod:LinkProtocol","floor":18.0},{"not_picked":["Escape Plan","Perfected Strike","Havoc","Redo","Protect+1"],"picked":"SKIP","floor":19.0},{"not_picked":["MostiFishMod:ShivMaster","MostiFishMod:AdrenalineArouse","Storm of Steel","Omniscience","MostiFishMod:StarOceanB"],"picked":"SKIP","floor":24.0},{"not_picked":["AT_HeatAcrobatics+1","Clash+1","Bane","ThirdEye","PiercingWail+1"],"picked":"SKIP","floor":25.0},{"not_picked":["MostiFishMod:Confrontation","Phantasmal Killer","MostiFishMod:Wind","MostiFishMod:DustFall"],"picked":"MostiFishMod:HellRitual","floor":27.0},{"not_picked":["Stack+1","AT_ChampionStep+1","True Grit","AT_HeatAcrobatics","Beam Cell+1"],"picked":"SKIP","floor":28.0},{"not_picked":["Electrodynamics","MostiFishMod:FlyOverUtopia","Ragnarok","MostiFishMod:TemporaryOutbreak"],"picked":"Creative AI","floor":30.0},{"not_picked":["Finisher","Shrug It Off","Outmaneuver","Rip and Tear","Streamline"],"picked":"SKIP","floor":31.0},{"not_picked":["FearNoEvil+1","PiercingWail+1","Conserve Battery","Dagger Throw","Evaluate"],"picked":"SKIP","floor":35.0},{"not_picked":["PathToVictory","FollowUp","Force Field","Reinforced Body","Dagger Spray"],"picked":"SKIP","floor":38.0},{"not_picked":["Envenom","MostiFishMod:Wind","MostiFishMod:Confrontation","MostiFishMod:IceShield"],"picked":"MostiFishMod:Mania","floor":40},{"not_picked":["Streamline","EmptyBody","Body Slam+1","Self Repair","Thunderclap+1"],"picked":"SKIP","floor":41},{"not_picked":["MostiFishMod:OutWit","MostiFishMod:IceShield","Phantasmal Killer","Vault","Tools of the Trade"],"picked":"SKIP","floor":42},{"not_picked":["Bullet Time","Brilliance","MostiFishMod:TemporaryOutbreak","Corpse Explosion"],"picked":"After Image","floor":44},{"not_picked":["Leap","ThirdEye+1","Armaments+1","Dodge and Roll+1","Crescendo+1"],"picked":"SKIP","floor":45},{"not_picked":["Rupture","MostiFishMod:KamiSmash","Sucker Punch+1","Carnage","Uppercut"],"picked":"SKIP","floor":48},{"not_picked":["Conserve Battery+1","Steam","Skim+1","Loop","MostiFishMod:PerfectParry"],"picked":"SKIP","floor":48}],"player_experience":1355093,"relics_obtained":[{"floor":1.0,"key":"SynthV:TestCard"},{"floor":7.0,"key":"PreservedInsect"},{"floor":9.0,"key":"AT_BellDemon"},{"floor":10.0,"key":"AT_SpeedBoots"},{"floor":12.0,"key":"Vajra"},{"floor":13.0,"key":"Akabeko"},{"floor":13.0,"key":"testmod-FatalChain"},{"floor":24.0,"key":"Happy Flower"},{"floor":27.0,"key":"DataDisk"},{"floor":27.0,"key":"Blood Vial"},{"floor":28.0,"key":"AT_MibuBalloonWealth"},{"floor":29.0,"key":"CeramicFish"},{"floor":30.0,"key":"Boot"},{"floor":30.0,"key":"CaptainsWheel"},{"floor":31.0,"key":"AT_Kusabimaru"},{"floor":33.0,"key":"Strawberry"},{"floor":35.0,"key":"testmod-LifeArmor"},{"floor":38.0,"key":"testmod-Acrobat"},{"floor":40,"key":"Pen Nib"},{"floor":41,"key":"MealTicket"},{"floor":42,"key":"Unceasing Top"},{"floor":42,"key":"AT_ArchangelStaff"},{"floor":43,"key":"testmod-AssaultLearning"},{"floor":44,"key":"testmod-Hope"},{"floor":44,"key":"AT_ForceNature"},{"floor":45,"key":"Centennial Puzzle"},{"floor":47,"key":"CombinedTypeHook"},{"floor":47,"key":"Prayer Wheel"},{"floor":48,"key":"SynthV:C4"}],"event_choices":[{"damage_healed":0.0,"max_hp_gain":0.0,"max_hp_loss":0.0,"gold_gain":0.0,"event_name":"Lab","player_choice":"Got Potions","floor":2.0,"gold_loss":0.0,"damage_taken":0.0},{"damage_healed":0.0,"max_hp_gain":0.0,"max_hp_loss":0.0,"gold_gain":0.0,"event_name":"给自己的盒子","player_choice":"Swap Relic","floor":8.0,"relics_lost":["Mango"],"gold_loss":0.0,"damage_taken":0.0,"relics_obtained":["Mango"]},{"damage_healed":0.0,"max_hp_gain":0.0,"max_hp_loss":45.0,"gold_gain":0.0,"event_name":"Ghosts","player_choice":"Became a Ghost","floor":21.0,"gold_loss":0.0,"damage_taken":0.0,"cards_obtained":["Ghostly","Ghostly","Ghostly","Ghostly","Ghostly"]},{"damage_healed":0.0,"max_hp_gain":0.0,"max_hp_loss":0.0,"gold_gain":400.0,"event_name":"恩洛斯的盘子","player_choice":"Sell","floor":22.0,"relics_lost":["AT_ATBox"],"gold_loss":0.0,"damage_taken":0.0},{"damage_healed":0.0,"max_hp_gain":0.0,"max_hp_loss":0.0,"gold_gain":0.0,"event_name":"SensoryStone","player_choice":"Memory 1","floor":37.0,"gold_loss":0.0,"damage_taken":0.0},{"damage_healed":0.0,"max_hp_gain":0.0,"max_hp_loss":3.0,"gold_gain":0.0,"event_name":"Winding Halls","player_choice":"Max HP","floor":39.0,"gold_loss":0.0,"damage_taken":0.0},{"damage_healed":0,"gold_gain":0,"player_choice":"Fight","damage_taken":0,"max_hp_gain":0,"max_hp_loss":0,"event_name":"MindBloom","floor":47,"gold_loss":0}],"is_beta":false,"boss_relics":[{"not_picked":["Fusion Hammer","Cursed Key"],"picked":"GreenFoldingFan"},{"not_picked":["BloodWine","testmod-DeterminationOfClimber"],"picked":"ChiXiaoBlade"}],"items_purged_floors":[14,20,36],"is_endless":true,"potions_floor_spawned":[1,4,5,10,13,16,19,25,27,30,33,41,42,45,48],"killed_by":"Awakened One","ascension_level":0}}