{"host":"kiauivt48syq9iz6","time":1608890449,"event":{"mods":["BaseMod","Conspire","Downfall","Hermit","Minty Spire (QoL Compilation)","Replay The Spire","SIMod","StSLib","The Animator","The Construct","The Cursed","The Runesmith","The Servant 0.9.4"],"gold_per_floor":[111,123,203,34,34,67,67,12,12,26,26,101,114,114,114,212,212,231,248,93,7,7,7,40,40,108,108,123,123,150,167,167,266,266,285,296,17,17,67,67,67,67,67,67,98,117,117,146,146,146],"floor_reached":51,"playtime":3109,"items_purged":[],"score":812,"play_id":"b8b6d0ec-b2bc-4664-808b-5293aa21c9a2","local_time":"20201225030049","is_ascension_mode":false,"campfire_choices":[{"data":"TheCursedMod:CircleOfFlame","floor":7,"key":"SMITH"},{"floor":11,"key":"REST"},{"floor":15,"key":"REST"},{"floor":23,"key":"REST"},{"data":"TheCursedMod:CircleOfBlood","floor":25,"key":"SMITH"},{"data":"TheCursedMod:EmpowerCircles","floor":29,"key":"SMITH"},{"data":"TheCursedMod:LuckyCharm","floor":32,"key":"SMITH"},{"floor":40,"key":"REST"},{"floor":42,"key":"REST"},{"floor":49,"key":"REST"}],"circlet_count":0,"master_deck":["TheCursedMod:Strike_TheCursed","TheCursedMod:Strike_TheCursed","TheCursedMod:Strike_TheCursed","TheCursedMod:Defend_TheCursed","TheCursedMod:Defend_TheCursed","TheCursedMod:Defend_TheCursed","TheCursedMod:CursedWand","TheCursedMod:CleanUpWorkshop+1","TheCursedMod:Dregs","TheCursedMod:CircleOfFlame+1","TheCursedMod:SpitefulPlan","TheCursedMod:HellsGateOpen","TheCursedMod:WearCloak","TheCursedMod:CircleOfCorruption","TheCursedMod:WearCloak","TheCursedMod:HellfireBreathing+1","TheCursedMod:Torture","TheCursedMod:SmokeScreen","TheCursedMod:CollectTribute","TheCursedMod:CircleOfBlood+1","TheCursedMod:ReleasedKnowledge","TheCursedMod:WearCloak","TheCursedMod:SpitefulPlan","TheCursedMod:SpitefulStrike+1","TheCursedMod:EmpowerCircles+1","TheCursedMod:SpitefulStrike","TheCursedMod:LuckyCharm+1","TheCursedMod:EmpowerCircles+1","TheCursedMod:OutForBlood","TheCursedMod:DoubleShield+1","TheCursedMod:FleshFromBone+1","TheCursedMod:HellfireBreathing","TheCursedMod:SmokeScreen+1","TheCursedMod:BloodBarrier+1","TheCursedMod:RapidMovement+1","Panacea+1","Replay:SS_fish_2+1","Bandage Up+1","TheCursedMod:Stigma","Decay","TheCursedMod:DemonicPact","TheCursedMod:CursedBlade","TheCursedMod:Stretching+1","TheCursedMod:Wield+1"],"relics":["TheCursedMod:BlackMagicAdvanced","WingedGreaves","Calipers","ReplayTheSpireMod:Lightbulb","Replay:Rubber Ducky","Ginger","HornCleat","Toxic Egg 2","Honey Jar","Dream Catcher","conspire:TopHat","Gambling Chip","Vajra","Replay:Ringing Soul","Replay:Multitool"],"acts_visited":["Exordium","TheCity","TheBeyond"],"potions_floor_usage":[10,18,28,31,45],"damage_taken":[{"damage":0,"enemies":"Small Slimes","floor":1,"turns":4},{"damage":0,"enemies":"Cultist","floor":2,"turns":4},{"damage":15,"enemies":"Lagavulin","floor":6,"turns":9},{"damage":8,"enemies":"Jaw Worm","floor":10,"turns":4},{"damage":12,"enemies":"Blue Slaver","floor":13,"turns":2},{"damage":19,"enemies":"Slime Boss","floor":16,"turns":9},{"damage":17,"enemies":"Chosen","floor":18,"turns":6},{"damage":8,"enemies":"Spheric Guardian","floor":19,"turns":4},{"damage":1,"enemies":"conspire:SneckoGhost","floor":24,"turns":8},{"damage":1,"enemies":"Centurion and Healer","floor":28,"turns":9},{"damage":0,"enemies":"conspire:Head Lice","floor":30,"turns":7},{"damage":10,"enemies":"Snake Plant","floor":31,"turns":6},{"damage":16,"enemies":"Champ","floor":33,"turns":15},{"damage":0,"enemies":"Orb Walker","floor":35,"turns":4},{"damage":0,"enemies":"3 Shapes","floor":36,"turns":8},{"damage":0,"enemies":"Mind Bloom Boss Battle","floor":39,"turns":7},{"damage":25,"enemies":"Nemesis","floor":45,"turns":13},{"damage":3,"enemies":"3 Darklings","floor":46,"turns":8},{"damage":0,"enemies":"Giant Head","floor":48,"turns":13},{"damage":18,"enemies":"conspire:OrnateMirror","floor":50,"turns":15}],"seed_played":"-4591826336341958870","potions_obtained":[{"floor":10,"key":"Fruit Juice"},{"floor":13,"key":"LiquidMemories"},{"floor":24,"key":"Flashbang"},{"floor":30,"key":"SkillPotion"},{"floor":36,"key":"FearPotion"},{"floor":39,"key":"SkillPotion"},{"floor":48,"key":"SpeedPotion"}],"is_trial":false,"path_per_floor":["M","M","?","$","?","E","R","$","T","M","R","?","M","?","R","B",null,"M","M","$","$","?","R","E","R","T","?","M","R","E","M","R","B",null,"M","M","$","T","?","R","?","R","T","?","E","M","?","E","R","B",null],"character_chosen":"THE_CURSED","items_purchased":["TheCursedMod:HellsGateOpen","TheCursedMod:WearCloak","TheCursedMod:CircleOfCorruption","TheCursedMod:HellfireBreathing+1","Replay:Rubber Ducky","TheCursedMod:WearCloak","TheCursedMod:SpitefulPlan","TheCursedMod:HellfireBreathing","Dream Catcher","TheCursedMod:SmokeScreen+1"],"campfire_rested":6,"item_purchase_floors":[4,4,4,8,20,21,21,37,37,37],"current_hp_per_floor":[75,75,75,75,75,60,60,60,60,57,80,69,57,45,69,50,80,63,55,55,55,55,79,79,79,79,79,78,78,80,70,70,54,80,80,80,80,80,80,80,70,80,80,80,82,86,86,89,92,92],"gold":146,"neow_bonus":"UPGRADE_CARD","is_daily":false,"chose_seed":false,"campfire_upgraded":4,"win_rate":0.0,"timestamp":1608890449,"path_taken":["M","M","?","$","?","E","R","$","T","?","R","?","M","?","R","BOSS","M","M","$","$","?","R","E","R","T","?","?","R","E","M","R","BOSS","M","M","$","?","?","R","?","R","T","?","E","?","?","E","R","BOSS"],"items_purchased_type":["Card","Card","Card","Card","Relic","Card","Card","Card","Relic","Card"],"build_version":"2020-12-22","purchased_purges":0,"victory":true,"max_hp_per_floor":[75,75,75,75,75,75,75,75,75,80,80,80,80,80,80,80,80,80,80,80,80,80,80,80,80,80,80,80,80,80,80,80,80,80,80,80,80,80,80,80,80,80,80,80,83,86,86,89,92,92],"card_choices":[{"not_picked":["TheCursedMod:Wield","TheCursedMod:HellsGateOpen"],"picked":"TheCursedMod:CircleOfFlame","floor":1},{"not_picked":["TheCursedMod:TacticalStrike","TheCursedMod:VitalStrike"],"picked":"TheCursedMod:SpitefulPlan","floor":2},{"not_picked":["TheCursedMod:Obscuration","TheCursedMod:Stigma"],"picked":"TheCursedMod:WearCloak","floor":6},{"not_picked":["TheCursedMod:CircleOfFlame","TheCursedMod:PrepareRite"],"picked":"TheCursedMod:Torture","floor":10},{"not_picked":["TheCursedMod:Neurasthenia","TheCursedMod:VitalStrike"],"picked":"TheCursedMod:SmokeScreen","floor":13},{"not_picked":["TheCursedMod:AntiAging","TheCursedMod:DarkBarrier"],"picked":"TheCursedMod:CollectTribute","floor":16},{"not_picked":["TheCursedMod:RapidMovement","TheCursedMod:EmpowerCircles"],"picked":"TheCursedMod:CircleOfBlood","floor":18},{"not_picked":["TheCursedMod:SmokeScreen","TheCursedMod:SurpriseAttack"],"picked":"TheCursedMod:ReleasedKnowledge","floor":19},{"not_picked":["TheCursedMod:Wield+1","TheCursedMod:Evocation"],"picked":"TheCursedMod:SpitefulStrike+1","floor":24},{"not_picked":["TheCursedMod:Mangle","TheCursedMod:SurpriseAttack"],"picked":"TheCursedMod:SpitefulStrike","floor":28},{"not_picked":["TheCursedMod:FleshFromBone+1","TheCursedMod:DoubleShield+1"],"picked":"TheCursedMod:LuckyCharm","floor":30},{"not_picked":["TheCursedMod:CircleOfWindfury+1","TheCursedMod:AbyssShockwave"],"picked":"TheCursedMod:EmpowerCircles+1","floor":31},{"not_picked":["TheCursedMod:UltimatePain+1","TheCursedMod:StunningStrike"],"picked":"TheCursedMod:OutForBlood","floor":33},{"not_picked":["TheCursedMod:TacticalStrike","TheCursedMod:CircleOfCorruption+1","TheCursedMod:SpitefulStrike"],"picked":"TheCursedMod:DoubleShield+1","floor":35},{"not_picked":["TheCursedMod:SmokeScreen+1","TheCursedMod:Obscuration+1","TheCursedMod:StingEye"],"picked":"TheCursedMod:FleshFromBone+1","floor":36},{"not_picked":["TheCursedMod:CircleOfCorruption+1","TheCursedMod:CursedAmulet+1","TheCursedMod:CursedMace+1"],"picked":"TheCursedMod:BloodBarrier+1","floor":39},{"not_picked":["TheCursedMod:CursedMace","TheCursedMod:CircleOfFlame+1","TheCursedMod:FleshFromBone+1"],"picked":"TheCursedMod:RapidMovement+1","floor":40},{"not_picked":["expansioncontent:DashGenerateEvil","Crow Ritual","expansioncontent:ChargeUp+1"],"picked":"Panacea+1","floor":41},{"not_picked":["Thinking Ahead+1","Poisoned Strike","CMC+1"],"picked":"Replay:SS_fish_2+1","floor":41},{"not_picked":["expansioncontent:ManipulateTime+1","expansioncontent:Flail","Replay:SS_forest_2"],"picked":"Bandage Up+1","floor":41},{"not_picked":["TheCursedMod:Wield+1","TheCursedMod:HellsGateOpen+1","TheCursedMod:CursedShiv+1"],"picked":"TheCursedMod:Stigma","floor":42},{"not_picked":["TheCursedMod:Torture+1","TheCursedMod:SaltUponWound+1","TheCursedMod:SpreadPlague+1"],"picked":"TheCursedMod:DemonicPact","floor":45},{"not_picked":["TheCursedMod:CursedShiv","TheCursedMod:CursedMace+1","TheCursedMod:SoulCrush+1"],"picked":"TheCursedMod:CursedBlade","floor":46},{"not_picked":["TheCursedMod:BloodBarrier+1","TheCursedMod:CircleOfFlame+1","TheCursedMod:TacticalStrike+1"],"picked":"TheCursedMod:Stretching+1","floor":48},{"not_picked":["TheCursedMod:Stretching+1","TheCursedMod:CircleOfFlame+1","TheCursedMod:FleshFromBone+1"],"picked":"TheCursedMod:Wield+1","floor":49}],"player_experience":71655,"relics_obtained":[{"floor":6,"key":"WingedGreaves"},{"floor":9,"key":"Calipers"},{"floor":24,"key":"Ginger"},{"floor":26,"key":"HornCleat"},{"floor":30,"key":"Toxic Egg 2"},{"floor":38,"key":"conspire:TopHat"},{"floor":39,"key":"Gambling Chip"},{"floor":43,"key":"Vajra"},{"floor":45,"key":"Replay:Ringing Soul"},{"floor":48,"key":"Replay:Multitool"}],"event_choices":[{"damage_healed":0,"gold_gain":0,"player_choice":"Ignored","damage_taken":0,"max_hp_gain":0,"max_hp_loss":0,"event_name":"Fountain of Cleansing","floor":5,"gold_loss":0},{"damage_healed":0,"gold_gain":75,"player_choice":"Gather Gold","damage_taken":11,"max_hp_gain":0,"max_hp_loss":0,"event_name":"World of Goop","floor":12,"gold_loss":0},{"damage_healed":0,"gold_gain":0,"player_choice":"Success","damage_taken":12,"relics_obtained":["ReplayTheSpireMod:Lightbulb"],"max_hp_gain":0,"max_hp_loss":0,"event_name":"Scrap Ooze","floor":14,"gold_loss":0},{"damage_healed":0,"gold_gain":0,"cards_transformed":["TheCursedMod:Strike_TheCursed"],"player_choice":"Transformed","damage_taken":0,"max_hp_gain":0,"max_hp_loss":0,"event_name":"Transmorgrifier","floor":27,"gold_loss":0,"cards_obtained":["TheCursedMod:EmpowerCircles"]},{"damage_healed":0,"gold_gain":0,"player_choice":"Fight","damage_taken":0,"max_hp_gain":0,"max_hp_loss":0,"event_name":"MindBloom","floor":39,"gold_loss":0},{"damage_healed":0,"gold_gain":0,"player_choice":"Memory 3","damage_taken":10,"max_hp_gain":0,"max_hp_loss":0,"event_name":"SensoryStone","floor":41,"gold_loss":0},{"damage_healed":0,"gold_gain":0,"player_choice":"Cursed","damage_taken":0,"max_hp_gain":0,"max_hp_loss":0,"event_name":"Wheel of Change","floor":44,"gold_loss":0,"cards_obtained":["Decay"]},{"cards_removed":["TheCursedMod:Defend_TheCursed"],"damage_healed":0,"gold_gain":0,"player_choice":"Removed Skill","damage_taken":0,"max_hp_gain":0,"max_hp_loss":0,"event_name":"Falling","floor":47,"gold_loss":0}],"is_beta":false,"boss_relics":[{"not_picked":["Ectoplasm","Replay:Wanted Poster"],"picked":"TheCursedMod:BlackMagicAdvanced"},{"not_picked":["conspire:SeveredTorchhead","SacredBark"],"picked":"Honey Jar"}],"items_purged_floors":[],"is_endless":false,"potions_floor_spawned":[10,13,24,30,36,39,48],"ascension_level":0}}