{"host":"arn2jcql7xd3a3xg","time":1608922922,"event":{"mods":["AchievementEnabler","AlwaysNeverKeys","BaseMod","Better Third Choice","Colored Map","Colored Powertips","Downfall","GifTheSpireLib","Highlight Path","Infinite Spire","Minty Spire (QoL Compilation)","Permanent Neow","Quick Restart","Rare Cards Sparkle","Replay The Spire","StSLib","SuperFastMode"],"gold_per_floor":[24,37,22,39,39,74,74,74,88,99,112,37,37,37,47,145,145,145,164,182,182,122,155,167,199,245,257,287,312,249,286,317,434,446,458,482,505,265,278,278,302,357,391,391,454,480,480,606,639,639,639,666,5,5,5],"floor_reached":56,"playtime":4325,"items_purged":["ReplayTheSpireMod:Doomed","Clumsy","infinitespire:Pacifist"],"score":1671,"play_id":"d335e20f-ab55-49fe-9317-489a6223db4b","local_time":"20201225110202","daily_mods":["Heirloom","Colorless Cards","Elite Swarm"],"is_ascension_mode":false,"campfire_choices":[{"data":"Neutralize","floor":1.0,"key":"SMITH"},{"data":"Envenom","floor":8.0,"key":"SMITH"},{"floor":12.0,"key":"REST"},{"data":"ReplayTheSpireMod:Necrosis","floor":18.0,"key":"SMITH"},{"data":"ReplayUltimateDefense","floor":27.0,"key":"SMITH"},{"data":"Replay:SS_forest_6","floor":30.0,"key":"SMITH"},{"data":"expansioncontent:DefensiveStance","floor":35.0,"key":"SMITH"},{"data":"A Thousand Cuts","floor":44.0,"key":"SMITH"}],"circlet_count":0,"master_deck":["Strike_G+1","Strike_G+1","Strike_G+1","Strike_G+1","Strike_G+1","Defend_G+1","Defend_G+1","Defend_G+1","Defend_G+1","Defend_G+1","Survivor+1","Neutralize+1","Blade Dance+1","expansioncontent:DefensiveStance+1","Envenom+1","expansioncontent:DashGenerateEvil+1","Cloak And Dagger+1","Dodge and Roll+1","Replay:SS_forest_6+1","ReplayTheSpireMod:Necrosis+1","Blade Dance+1","Panache+1","Crippling Poison+1","ReplayUltimateDefense+1","ReplayTheSpireMod:From All Sides+1","Adrenaline+1","A Thousand Cuts+1","Parasite","Replay:SS_forest_6+1","Replay:Poison Smokescreen","expansioncontent:DefensiveStance"],"relics":["Ring of the Snake","TungstenRod","Ring of Fangs","ReplayTheSpireMod:Ring of Collecting","Snake Skull","Ring of Fury","Replay:Accelerometer","Replay:Grab Bag","ReplayTheSpireMod:Onyx Gauntlets","Snecko Eye","Nilry\u0027s Codex","MawBank","Molten Egg 2","Ring of Peace","Paper Crane","Turnip","Replay:Ancient Bell","Replay:Baseball","Blue Candle","Pondfish Scales","Replay:Rubber Ducky","ReplayTheSpireMod:Ring of Challenge","infinitespire:Eraser","infinitespire:PuzzleCube","Boot","Guardian:PocketSentry","Pear","Chameleon Ring"],"acts_visited":["Exordium","TheCity","TheBeyond","TheEnding"],"potions_floor_usage":[55],"damage_taken":[{"damage":0.0,"enemies":"Small Slimes","floor":2.0,"turns":5.0},{"damage":0.0,"enemies":"downfall:FleeingMerchant","floor":3.0,"turns":4.0},{"damage":0.0,"enemies":"Jaw Worm","floor":4.0,"turns":4.0},{"damage":19.0,"enemies":"Gremlin Nob","floor":6.0,"turns":6.0},{"damage":0.0,"enemies":"2 Louse","floor":9.0,"turns":3.0},{"damage":10.0,"enemies":"Lots of Slimes","floor":10.0,"turns":5.0},{"damage":0.0,"enemies":"Blue Slaver","floor":11.0,"turns":3.0},{"damage":0.0,"enemies":"Large Slime","floor":15.0,"turns":4.0},{"damage":44.0,"enemies":"downfall:Defect","floor":16.0,"turns":6.0},{"damage":0.0,"enemies":"Chosen","floor":19.0,"turns":3.0},{"damage":2.0,"enemies":"Sentry and Sphere","floor":20.0,"turns":8.0},{"damage":0.0,"enemies":"Gremlin Leader","floor":23.0,"turns":4.0},{"damage":0.0,"enemies":"3 Cultists","floor":25.0,"turns":2.0},{"damage":0.0,"enemies":"Replay:Snechameleon","floor":26.0,"turns":4.0},{"damage":3.0,"enemies":"Centurion and Healer","floor":28.0,"turns":5.0},{"damage":0.0,"enemies":"Chosen and Byrds","floor":29.0,"turns":4.0},{"damage":0.0,"enemies":"Book of Stabbing","floor":31.0,"turns":3.0},{"damage":0.0,"enemies":"Snake Plant","floor":32.0,"turns":3.0},{"damage":0.0,"enemies":"downfall:Watcher","floor":33.0,"turns":7.0},{"damage":0.0,"enemies":"3 Darklings","floor":36.0,"turns":3.0},{"damage":0.0,"enemies":"3 Shapes","floor":37.0,"turns":2.0},{"damage":0.0,"enemies":"downfall:FleeingMerchant","floor":38.0,"turns":4.0},{"damage":0.0,"enemies":"Transient","floor":39.0,"turns":5.0},{"damage":0.0,"enemies":"Maw","floor":42.0,"turns":4.0},{"damage":0.0,"enemies":"Giant Head","floor":43.0,"turns":5.0},{"damage":0,"enemies":"Writhing Mass","floor":45,"turns":4},{"damage":2,"enemies":"Nemesis","floor":46,"turns":5},{"damage":9,"enemies":"downfall:FleeingMerchant","floor":48,"turns":3},{"damage":0,"enemies":"Spire Growth","floor":49,"turns":3},{"damage":91,"enemies":"downfall:Silent","floor":50,"turns":6},{"damage":0,"enemies":"downfall:CharBossMerchant","floor":52,"turns":7},{"damage":58,"enemies":"downfall:NeowBoss","floor":55,"turns":21}],"seed_played":"-7549531421907348292","potions_obtained":[{"floor":9.0,"key":"Weak Potion"},{"floor":10.0,"key":"Doom Potion"},{"floor":15.0,"key":"AttackPotion"},{"floor":23.0,"key":"Explosive Potion"},{"floor":54,"key":"Adrenaline Potion"},{"floor":54,"key":"Flashbang"}],"is_trial":true,"path_per_floor":["R","M","$","M","?","E","T","R","M","M","M","R","?","?","M","B",null,"R","M","M","?","?","E","T","M","E","R","M","M","R","E","M","B",null,"R","M","M","$","M","AVR","T","M","E","R","M","E","?","$","M","B",null,"E","$","R","B",null],"character_chosen":"THE_SILENT","items_purchased":["Adrenaline","Boot","Pear","Replay:Poison Smokescreen","expansioncontent:DefensiveStance","Chameleon Ring"],"campfire_rested":1,"item_purchase_floors":[38,48,53,53,53,53],"current_hp_per_floor":[70,70,70,70,70,51,51,51,51,41,41,62,62,62,62,18,70,70,70,68,53,53,53,53,53,53,53,58,66,76,76,76,76,80,80,80,80,80,80,80,80,80,80,80,80,78,78,69,80,1,80,80,90,90,32],"gold":5,"neow_bonus":"","is_daily":false,"chose_seed":false,"campfire_upgraded":7,"win_rate":0.0,"timestamp":1608922922,"path_taken":["R","M","$","M","?","E","T","R","M","M","M","R","?","?","M","BOSS","R","M","M","?","?","E","T","M","E","R","M","M","R","E","M","BOSS","R","M","M","$","M","AVR","T","M","E","R","M","E","?","$","M","BOSS","E","$","R","BOSS"],"items_purchased_type":["Card","Relic","Relic","Card","Card","Relic"],"build_version":"2020-12-22","purchased_purges":3,"victory":true,"max_hp_per_floor":[70,70,70,70,70,70,70,70,70,70,70,70,70,70,70,70,70,70,70,70,70,70,70,70,70,70,70,70,70,80,80,80,80,80,80,80,80,80,80,80,80,80,80,80,80,80,80,80,80,80,80,80,90,90,90],"card_choices":[{"not_picked":["Prepared","Dagger Spray"],"picked":"Blade Dance","floor":2.0},{"not_picked":["Underhanded Strike","expansioncontent:DefensiveMode"],"picked":"expansioncontent:DefensiveStance","floor":3.0},{"not_picked":["Replay:SS_hec_4","Backflip"],"picked":"Envenom","floor":4.0},{"not_picked":["Venomology","Chrysalis"],"picked":"expansioncontent:DashGenerateEvil","floor":6.0},{"not_picked":["Specialist","expansioncontent:AwakenDeath"],"picked":"Cloak And Dagger","floor":9.0},{"not_picked":["Prepared","Specialist"],"picked":"Dodge and Roll","floor":10.0},{"not_picked":["Deadly Poison","Masterful Stab","expansioncontent:DefensiveMode"],"picked":"SKIP","floor":11.0},{"not_picked":["PiercingWail","Calculated Gamble"],"picked":"Replay:SS_forest_6","floor":15.0},{"not_picked":["Apotheosis","Envenom"],"picked":"ReplayTheSpireMod:Necrosis","floor":16.0},{"not_picked":["Purity+1","Poisoned Stab","Acrobatics"],"picked":"SKIP","floor":19.0},{"not_picked":["Purity+1","Poisoned Stab","Acrobatics"],"picked":"SKIP","floor":19.0},{"not_picked":["expansioncontent:TimeRipple","Replay:SS_hec_1+1"],"picked":"Blade Dance+1","floor":20.0},{"not_picked":["Master of Strategy","Replay:Dark Deal"],"picked":"Panache","floor":23.0},{"not_picked":["Dagger Spray+1","Slice+1"],"picked":"Crippling Poison","floor":25.0},{"not_picked":["Venomology","Die Die Die+1"],"picked":"ReplayUltimateDefense","floor":26.0},{"not_picked":["Underhanded Strike+1","Good Instincts","Poisoned Stab+1"],"picked":"SKIP","floor":28.0},{"not_picked":["Deflect","Outmaneuver","ReplayTheSpireMod:Exploit Weakness"],"picked":"SKIP","floor":29.0},{"not_picked":["Thinking Ahead","Wraith Form v2","Metamorphosis"],"picked":"SKIP","floor":31.0},{"not_picked":["Bane+1","Deflect","Quick Slash+1"],"picked":"SKIP","floor":32.0},{"not_picked":["AbeCurse","CurseOfTheBell"],"picked":"infinitespire:Pacifist","floor":34.0},{"not_picked":["Languid","CurseOfTheBell"],"picked":"ReplayTheSpireMod:Doomed","floor":34.0},{"not_picked":["Decay","ReplayTheSpireMod:Faulty Equipment"],"picked":"Clumsy","floor":34.0},{"not_picked":["Hidden Blade+1","Deep Breath+1","Dagger Spray+1"],"picked":"SKIP","floor":36.0},{"not_picked":["Deflect","ReplayTheSpireMod:From All Sides+1","Poisoned Stab+1"],"picked":"SKIP","floor":37.0},{"not_picked":["Deflect","Poisoned Stab+1"],"picked":"ReplayTheSpireMod:From All Sides+1","floor":37.0},{"not_picked":["Flying Knee+1","Hidden Blade+1","PiercingWail"],"picked":"SKIP","floor":38.0},{"not_picked":["Quick Slash+1","Prepared+1","Choke+1"],"picked":"SKIP","floor":39.0},{"not_picked":["Sneak Up","Dodge and Roll"],"picked":"A Thousand Cuts","floor":42.0},{"not_picked":["Metamorphosis","Replay:Bag of Tricks","Storm of Steel"],"picked":"SKIP","floor":43.0},{"not_picked":["Quick Slash+1","Dodge and Roll","expansioncontent:PolyBeam+1"],"picked":"SKIP","floor":45},{"not_picked":["A Thousand Cuts","infinitespire:Neurotoxin","Replay:Dark Deal"],"picked":"SKIP","floor":46},{"not_picked":["Bane+1","Poisoned Stab+1","Deflect+1"],"picked":"SKIP","floor":48},{"not_picked":["Panacea","Bane+1"],"picked":"Replay:SS_forest_6+1","floor":49},{"not_picked":["Poisoned Strike+1","Phantasmal Killer","ReplayTheSpireMod:Brewmster"],"picked":"SKIP","floor":52},{"not_picked":["Poisoned Strike+1","Phantasmal Killer","ReplayTheSpireMod:Brewmster"],"picked":"SKIP","floor":52}],"player_experience":58400,"relics_obtained":[{"floor":5.0,"key":"Ring of Fangs"},{"floor":5.0,"key":"ReplayTheSpireMod:Ring of Collecting"},{"floor":6.0,"key":"Snake Skull"},{"floor":7.0,"key":"Ring of Fury"},{"floor":7.0,"key":"Replay:Accelerometer"},{"floor":21.0,"key":"Nilry\u0027s Codex"},{"floor":23.0,"key":"MawBank"},{"floor":24.0,"key":"Molten Egg 2"},{"floor":24.0,"key":"Ring of Peace"},{"floor":26.0,"key":"Paper Crane"},{"floor":31.0,"key":"Turnip"},{"floor":41.0,"key":"Replay:Rubber Ducky"},{"floor":41.0,"key":"ReplayTheSpireMod:Ring of Challenge"},{"floor":43.0,"key":"infinitespire:Eraser"},{"floor":46,"key":"infinitespire:PuzzleCube"},{"floor":49,"key":"Guardian:PocketSentry"}],"event_choices":[{"cards_removed":["Spreading Infection"],"damage_healed":0.0,"max_hp_gain":0.0,"max_hp_loss":0.0,"gold_gain":0.0,"event_name":"The Cleric","player_choice":"Card Removal","floor":13.0,"gold_loss":0.0,"damage_taken":0.0},{"damage_healed":0.0,"max_hp_gain":0.0,"max_hp_loss":0.0,"gold_gain":0.0,"event_name":"Upgrade Shrine","player_choice":"Upgraded","floor":14.0,"gold_loss":0.0,"damage_taken":0.0,"cards_upgraded":["expansioncontent:DashGenerateEvil"]}],"is_beta":false,"boss_relics":[{"not_picked":["Ring of the Serpent","Empty Cage"],"picked":"Replay:Grab Bag"},{"not_picked":["Busted Crown","Coffee Dripper"],"picked":"ReplayTheSpireMod:Onyx Gauntlets"},{"not_picked":["expansioncontent:StudyCardRelic","Ring of Chaos"],"picked":"Snecko Eye"},{"not_picked":["Tiny House","Replay:Wanted Poster"],"picked":"Replay:Ancient Bell"},{"not_picked":["Centennial Puzzle","Bag of Marbles"],"picked":"Replay:Baseball"},{"not_picked":["Question Card","Pantograph"],"picked":"Blue Candle"},{"not_picked":["Gambling Chip","StoneCalendar"],"picked":"Pondfish Scales"}],"items_purged_floors":[38,40,48],"is_endless":false,"potions_floor_spawned":[9,10,15,16,23,25,29,33,37,39,45,49],"ascension_level":0}}