{"host":"6xsbn6ynqlzwllfm","time":1608918704,"event":{"mods":["2.2 Compatiblity","BaseMod","Bestiary","Colored Map","Colored Powertips","Curses Come First","Downfall","Highlight Path","Keyboard Shortcuts","Minty Spire (QoL Compilation)","Quick Restart","Relic Stats","Slay the Relics Exporter","StSLib","SuperFastMode"],"gold_per_floor":[117,192,342,342,342,342,382,406,430,469,50,91,129,154,154,253,253,267,267,267],"floor_reached":19,"playtime":407,"items_purged":["Doubt"],"score":416,"play_id":"19a13312-327b-4e74-a11e-4584e78bdc2c","local_time":"20201225125144","is_ascension_mode":true,"campfire_choices":[{"data":"Bash","floor":6,"key":"SMITH"},{"data":"Demon Form","floor":15,"key":"SMITH"}],"circlet_count":0,"master_deck":["AscendersBane","Strike_R","Strike_R+1","Strike_R","Strike_R","Strike_R","Defend_R","Defend_R","Defend_R+1","Defend_R","Bash+1","Twin Strike","Flame Barrier","Sword Boomerang","Demon Form+1","Spot Weakness","Seeing Red","Clothesline","Barricade","Shrug It Off"],"relics":["Burning Blood","NeowsBlessing","Golden Idol","TungstenRod","PreservedInsect","Toy Ornithopter","Ice Cream","Bottled Lightning","Odd Mushroom","Black Star"],"acts_visited":["Exordium","TheCity"],"potions_floor_usage":[10,16,16],"damage_taken":[{"damage":0,"enemies":"Small Slimes","floor":1,"turns":1},{"damage":0,"enemies":"Gremlin Nob","floor":7,"turns":1},{"damage":0,"enemies":"Jaw Worm","floor":8,"turns":1},{"damage":18,"enemies":"3 Sentries","floor":10,"turns":6},{"damage":9,"enemies":"Lagavulin","floor":12,"turns":5},{"damage":10,"enemies":"The Mushroom Lair","floor":13,"turns":4},{"damage":0,"enemies":"Cultist","floor":14,"turns":4},{"damage":22,"enemies":"Hexaghost","floor":16,"turns":8},{"damage":43,"enemies":"Chosen","floor":18,"turns":7},{"damage":22,"enemies":"3 Byrds","floor":19,"turns":3}],"seed_played":"-3094734748646295061","potions_obtained":[{"floor":7,"key":"Explosive Potion"},{"floor":10,"key":"SteroidPotion"},{"floor":14,"key":"Swift Potion"}],"is_trial":false,"path_per_floor":["M","?","?","?","?","R","E","M","T","E","$","E","?","M","R","B",null,"M","M"],"character_chosen":"IRONCLAD","items_purchased":["Ice Cream"],"campfire_rested":0,"item_purchase_floors":[11],"current_hp_per_floor":[74,63,63,40,40,40,46,52,52,40,40,37,33,39,39,33,59,22,0,0],"gold":267,"neow_bonus":"THREE_ENEMY_KILL","is_daily":false,"chose_seed":false,"campfire_upgraded":2,"win_rate":0.0,"timestamp":1608918704,"path_taken":["M","?","?","?","?","R","E","M","T","E","$","E","?","M","R","BOSS","M","M"],"items_purchased_type":["Relic"],"build_version":"2020-12-22","purchased_purges":1,"victory":false,"max_hp_per_floor":[75,75,75,75,68,68,68,68,68,68,68,68,68,68,68,68,68,68,68,68],"relic_stats":{"counters":[10,40],"Golden Idol":65,"PreservedInsect":63,"Black Star":0,"obtain_stats":[{"Ice Cream":11,"NeowsBlessing":0,"Golden Idol":5,"PreservedInsect":9,"Black Star":17,"Bottled Lightning":12,"Odd Mushroom":13,"Burning Blood":0,"TungstenRod":7,"Toy Ornithopter":10},{"Ice Cream":4,"NeowsBlessing":0,"Golden Idol":1,"PreservedInsect":3,"Black Star":8,"Bottled Lightning":5,"Odd Mushroom":6,"Burning Blood":0,"TungstenRod":2,"Toy Ornithopter":4},{"Ice Cream":9,"NeowsBlessing":0,"Golden Idol":1,"PreservedInsect":3,"Black Star":30,"Bottled Lightning":14,"Odd Mushroom":18,"Burning Blood":0,"TungstenRod":2,"Toy Ornithopter":9}],"Burning Blood":54,"TungstenRod":27,"Toy Ornithopter":10},"card_choices":[{"not_picked":["Headbutt","Disarm"],"picked":"Twin Strike","floor":1},{"not_picked":["Body Slam","Evolve"],"picked":"Flame Barrier","floor":7},{"not_picked":["Twin Strike","Intimidate"],"picked":"Sword Boomerang","floor":8},{"not_picked":["Pommel Strike","Cleave"],"picked":"Demon Form","floor":10},{"not_picked":["True Grit","Wild Strike"],"picked":"Spot Weakness","floor":12},{"not_picked":["Intimidate","Sentinel"],"picked":"Seeing Red","floor":13},{"not_picked":["Thunderclap","Wild Strike"],"picked":"Clothesline","floor":14},{"not_picked":["Exhume","Corruption"],"picked":"Barricade","floor":16},{"not_picked":["Shockwave","Clash+1"],"picked":"Shrug It Off","floor":18}],"player_experience":1257471,"relics_obtained":[{"floor":7,"key":"TungstenRod"},{"floor":9,"key":"PreservedInsect"},{"floor":10,"key":"Toy Ornithopter"},{"floor":12,"key":"Bottled Lightning"},{"floor":13,"key":"Odd Mushroom"}],"event_choices":[{"damage_healed":0,"gold_gain":75,"player_choice":"Gather Gold","damage_taken":11,"max_hp_gain":0,"max_hp_loss":0,"event_name":"World of Goop","floor":2,"gold_loss":0},{"damage_healed":0,"gold_gain":150,"player_choice":"AGREE","damage_taken":0,"max_hp_gain":0,"max_hp_loss":0,"event_name":"Liars Game","floor":3,"gold_loss":0,"cards_obtained":["Doubt"]},{"damage_healed":0,"gold_gain":0,"player_choice":"Entered Light","damage_taken":23,"max_hp_gain":0,"max_hp_loss":0,"event_name":"Shining Light","floor":4,"gold_loss":0,"cards_upgraded":["Defend_R","Strike_R"]},{"damage_healed":0,"gold_gain":0,"player_choice":"Lose Max HP","damage_taken":0,"relics_obtained":["Golden Idol"],"max_hp_gain":0,"max_hp_loss":7,"event_name":"Golden Idol","floor":5,"gold_loss":0},{"damage_healed":0,"gold_gain":0,"player_choice":"Fought Mushrooms","damage_taken":0,"max_hp_gain":0,"max_hp_loss":0,"event_name":"Mushrooms","floor":13,"gold_loss":0}],"is_beta":false,"boss_relics":[{"not_picked":["Pandora\u0027s Box","SlaversCollar"],"picked":"Black Star"}],"items_purged_floors":[11],"is_endless":false,"potions_floor_spawned":[7,10,14],"killed_by":"3 Byrds","ascension_level":20}}