{"host":"922zt4fjsmmy4kg9","time":1608861007,"event":{"mods":["A Magickal Journey","Act Like it!","BaseMod","Better Third Choice","Downfall","Friendly Minions","Hermit","HololiveMod","Hubris","Jorbs\u0027s Wanderer Trilogy","Kiyohime????","Koishi","Marisa????????","Minty Spire (QoL Compilation)","Quick Restart","Reimu??????","Shop Mod","Spicy Shops","StSLib","SuperFastMode","The Animator","The Disciple","The Runesmith"],"gold_per_floor":[99,99,59,59,59,102,102,133,171,183,183,183],"floor_reached":11,"playtime":306,"items_purged":[],"score":161,"play_id":"d38132f0-fe1f-450d-9d85-fb4c8f3dfc5e","local_time":"20201225125007","is_ascension_mode":true,"campfire_choices":[{"data":"animator:YuiTsuruno","floor":1.0,"key":"SMITH"}],"circlet_count":0,"master_deck":["AscendersBane","animator:Strike_MadokaMagica","animator:Defend_MadokaMagica","animator:Strike","animator:Strike","animator:Strike","animator:Defend","animator:Defend","animator:Defend","animator:IrohaTamaki","animator:YuiTsuruno+1","animator:SakuraMatou","animator:Emonzaemon","animator:SuzuneAmano","animator:HighElfArcher","animator:Hans","animator:Lancer"],"relics":["animator:LivingPicture","animator:TheMissingPiece","downfall:HeartsMalice","PaintedHorse:ReiMu","hubris:Towel","animator:ShionDessert","The Courier","Paper Frog"],"acts_visited":["Exordium"],"potions_floor_usage":[11],"damage_taken":[{"damage":0.0,"enemies":"2 Louse","floor":2.0,"turns":1.0},{"damage":0.0,"enemies":"Small Slimes","floor":5.0,"turns":1.0},{"damage":0.0,"enemies":"Lagavulin","floor":6.0,"turns":1.0},{"damage":7.0,"enemies":"Jaw Worm","floor":8.0,"turns":2.0},{"damage":36.0,"enemies":"3 Sentries","floor":9.0,"turns":8.0},{"damage":10.0,"enemies":"Large Slime","floor":10.0,"turns":5.0},{"damage":14,"enemies":"Lagavulin","floor":11,"turns":2}],"seed_played":"4430820585401032307","potions_obtained":[{"floor":9.0,"key":"BlessingOfTheForge"}],"is_trial":false,"path_per_floor":["R","M","?","?","M","E","T","M","E","M","E"],"character_chosen":"THE_ANIMATOR","items_purchased":[],"campfire_rested":0,"item_purchase_floors":[],"current_hp_per_floor":[59,59,59,59,59,59,59,52,16,6,0,0],"gold":183,"neow_bonus":"THREE_ENEMY_KILL","is_daily":false,"chose_seed":false,"campfire_upgraded":1,"win_rate":0.0,"timestamp":1608861007,"path_taken":["R","M","?","?","M","E","T","M","E","M","E"],"items_purchased_type":[],"build_version":"2020-12-22","purchased_purges":0,"victory":false,"max_hp_per_floor":[66,66,66,66,66,66,66,66,66,66,66,66],"card_choices":[{"not_picked":["animator:Hitei","animator:Mitsurugi"],"picked":"animator:SakuraMatou","floor":2.0},{"not_picked":["animator:LizardPriest","animator:ShinjiMatou"],"picked":"animator:Emonzaemon","floor":5.0},{"not_picked":["animator:Cocytus","animator:DwarfShaman"],"picked":"animator:SuzuneAmano","floor":6.0},{"not_picked":["animator:Verdia","animator:PandorasActor"],"picked":"animator:HighElfArcher","floor":8.0},{"not_picked":["animator:MaesHughes","animator:Rider"],"picked":"animator:Hans","floor":9.0},{"not_picked":["animator:Entoma","animator:Kazuma"],"picked":"animator:Lancer","floor":10.0}],"player_experience":1305634,"relics_obtained":[{"floor":6.0,"key":"animator:ShionDessert"},{"floor":7.0,"key":"The Courier"},{"floor":9.0,"key":"Paper Frog"}],"event_choices":[{"damage_healed":0.0,"max_hp_gain":0.0,"max_hp_loss":0.0,"gold_gain":0.0,"event_name":"yidonshenshe","player_choice":"Donate","floor":3.0,"gold_loss":40.0,"damage_taken":0.0,"relics_obtained":["PaintedHorse:ReiMu"]}],"is_beta":false,"boss_relics":[],"items_purged_floors":[],"is_endless":false,"potions_floor_spawned":[9],"killed_by":"Lagavulin","ascension_level":11}}