{"host":"t7rtdu4954o308h4","time":1608862793,"event":{"mods":["ATMod(阿瑾Mod)","AchievementEnabler","Act Like it!","BaseMod","Conspire","Library of Ruina","Library of Ruina Extra","Minty Spire (QoL Compilation)","MostiFishMod","Replay The Spire","StSLib","TestMod","Waifu the Spire","【功能Mod】聪明的最终Boss","【遗物卡牌】REMEMod"],"gold_per_floor":[114,114,125,50,63,90,90,122,122,156,72,106,131,150,150,223,223,233,252,268,268,143,168,97,126,126,156,6,56,84,118,149,223,223,238,263,88,138,163,197,197,232,232,266,300,100,128,142,142,142,172],"floor_reached":52,"playtime":1415,"items_purged":["DegradedFairy","DegradedFairy","Pain","DegradedChain","DegradedPillar","DegradedFairy"],"score":3131,"play_id":"a5fec159-f35f-453c-b0af-feae119156a2","local_time":"20201225101953","daily_mods":["Vintage","ControlledChaos","Heirloom","Time Dilation","Flight","DeadlyEvents","Elite Swarm"],"is_ascension_mode":true,"campfire_choices":[{"data":"DegradedShockwave","floor":7.0,"key":"SMITH"},{"data":"DegradedLock","floor":15.0,"key":"SMITH"},{"data":"DegradedPillar","floor":49.0,"key":"PURGE"}],"circlet_count":0,"master_deck":["AscendersBane","DegradedLock+1","DegradedShockwave+1","TrashDisposal+1"],"relics":["PageOfLibrarian","Frozen Eye","DaveBox","testmod-TestBox","Ring of Chaos","REME_ComplimentaryCards","testmod-ChristmasGift","SynthV","testmod-Nyarlathotep","Golden Egg","SynthV:TestCard","testmod-Alchemist","Shuriken","Civilization","ReplayTheSpireMod:Shallot","testmod-Brilliant","REME_PuzzleBoxRelic","Replay:Wax Seal","conspire:GiftBox","InkBottle","PageOfBloodbath","testmod-SaigiyounoYou","Replay:Arrowhead","Snack Pack","PageOfMercenary","Replay:Baseball","Replay:Accelerometer","Eternal Feather","Pet Ghost","ReplayFunnel","REME_HourglassOfDeath","testmod-LifeArmor","testmod-IncinerationGenerator","testmod-AssaultLearning","Orichalcum","testmod-ThousandKnives","PageOfScorchedGirl","SynthV:C4","Replay:Rubber Ducky","Mercury Hourglass","Darkstone Periapt","testmod-Déjàvu","MealTicket","conspire:DecoderRing"],"acts_visited":["TheCity","TheBeyond"],"potions_floor_usage":[],"damage_taken":[{"damage":0.0,"enemies":"Jaw Worm","floor":1.0,"turns":1.0},{"damage":0.0,"enemies":"Cultist","floor":3.0,"turns":1.0},{"damage":7.0,"enemies":"Small Slimes","floor":5.0,"turns":2.0},{"damage":0.0,"enemies":"Gremlin Nob","floor":6.0,"turns":3.0},{"damage":0.0,"enemies":"3 Sentries","floor":8.0,"turns":4.0},{"damage":0.0,"enemies":"Gremlin Nob","floor":10.0,"turns":1.0},{"damage":0.0,"enemies":"Lagavulin","floor":12.0,"turns":2.0},{"damage":0.0,"enemies":"Gremlin Nob","floor":13.0,"turns":1.0},{"damage":0.0,"enemies":"3 Louse","floor":14.0,"turns":1.0},{"damage":0.0,"enemies":"Hexaghost","floor":16.0,"turns":2.0},{"damage":0.0,"enemies":"Spheric Guardian","floor":18.0,"turns":1.0},{"damage":0.0,"enemies":"Shell Parasite","floor":19.0,"turns":1.0},{"damage":0.0,"enemies":"Chosen and Byrds","floor":20.0,"turns":2.0},{"damage":0.0,"enemies":"Book of Stabbing","floor":23.0,"turns":1.0},{"damage":0.0,"enemies":"Slavers","floor":24.0,"turns":1.0},{"damage":0.0,"enemies":"Gremlin Leader","floor":25.0,"turns":1.0},{"damage":0.0,"enemies":"Slavers","floor":27.0,"turns":2.0},{"damage":0.0,"enemies":"Gremlin Leader","floor":30.0,"turns":1.0},{"damage":0.0,"enemies":"Slavers","floor":31.0,"turns":2.0},{"damage":2.0,"enemies":"conspire:MysteriousRune","floor":33.0,"turns":2.0},{"damage":0.0,"enemies":"Orb Walker","floor":35.0,"turns":1.0},{"damage":0.0,"enemies":"conspire:MimicChest","floor":36.0,"turns":1.0},{"damage":0.0,"enemies":"Nemesis","floor":39.0,"turns":1.0},{"damage":0.0,"enemies":"R_Hoarder","floor":40.0,"turns":1.0},{"damage":0.0,"enemies":"Reptomancer","floor":42.0,"turns":1.0},{"damage":0.0,"enemies":"Nemesis","floor":44.0,"turns":1.0},{"damage":0.0,"enemies":"R_Hoarder","floor":45.0,"turns":1.0},{"damage":0.0,"enemies":"Giant Head","floor":47.0,"turns":2.0},{"damage":0.0,"enemies":"3 Darklings","floor":48.0,"turns":1.0},{"damage":0.0,"enemies":"Donu and Deca","floor":50.0,"turns":5.0},{"damage":54.0,"enemies":"conspire:OrnateMirror","floor":51.0,"turns":5.0}],"seed_played":"-2873793897536842491","potions_obtained":[{"floor":3.0,"key":"Fire Potion"},{"floor":5.0,"key":"SpeedPotion"},{"floor":6.0,"key":"Energy Potion"},{"floor":12.0,"key":"testmod-TestPotion"},{"floor":19.0,"key":"AttackPotion"},{"floor":32.0,"key":"testmod-SpacePotion"},{"floor":32.0,"key":"SneckoOil"},{"floor":32.0,"key":"Adrenaline Potion"},{"floor":35.0,"key":"Dexterity Potion"},{"floor":36.0,"key":"SpeedPotion"}],"is_trial":true,"path_per_floor":["M","?","M","$","M","E","R","E","T","E","$","E","E","M","R","B",null,"M","M","M","?","$","E","E","E","T","E","$","?","E","E","R","B",null,"M","?","$","?","E","E","?","E","T","E","E","$","E","M","R","B","B",null],"character_chosen":"Librarian","items_purchased":["Replay:Wax Seal"],"campfire_rested":0,"item_purchase_floors":[11],"current_hp_per_floor":[59,59,60,60,55,60,60,63,63,67,67,72,78,87,87,97,97,108,120,134,134,134,149,167,188,188,212,212,212,238,267,179,234,281,319,360,360,360,393,427,427,464,464,502,541,541,581,627,627,673,719],"gold":172,"neow_bonus":"","is_daily":false,"chose_seed":false,"campfire_upgraded":2,"win_rate":0.0,"timestamp":1608862793,"path_taken":["M","?","M","$","M","E","R","E","T","E","$","E","E","?","R","BOSS","M","?","M","?","$","E","E","E","T","E","$","?","E","E","R","BOSS","M","?","$","?","?","E","?","?","T","E","?","$","E","?","R","BOSS","BOSS"],"items_purchased_type":["Relic"],"build_version":"2020-12-22","purchased_purges":6,"victory":true,"max_hp_per_floor":[60,60,60,60,60,60,60,63,63,67,67,72,78,87,87,97,97,108,120,134,134,134,149,167,188,188,212,212,212,238,267,267,297,297,328,360,360,360,393,427,427,464,464,502,541,541,581,627,627,673,721],"card_choices":[{"not_picked":["ChargeUp","ScratchThat","DaringDecision","RipSpace","BlazingStrike","TieShanKao","CleanUp","SilentNight","Tttonst","EnergyBeam","Observe"],"picked":"SKIP","floor":6.0},{"not_picked":["Transpierce","BoundaryOfDeath","LeRegole","EmotionalTurbulence","DaringDecision","Eradication","FleshFillet","SenseQuarry","Castigation","CleanUp","BlazingStrike"],"picked":"SKIP","floor":8.0},{"not_picked":["Commandeering","Punishment","BlazingStrike","RipSpace","SilentNight","SenseQuarry","Decapitation","Cruelty","CrackOfDawn","Tttonst","LeRegole"],"picked":"SKIP","floor":10.0},{"not_picked":["CrackOfDawn","GutHarvesting"],"picked":"TrashDisposal","floor":12.0},{"not_picked":["Cruelty","SilentNight","RipSpace","RepressedFlesh","Commandeering","TieShanKao","EnergyBeam","ChargeUp","Observe","Deflect_lor","TrashDisposal"],"picked":"SKIP","floor":12.0},{"not_picked":["Cruelty","SilentNight","RipSpace","RepressedFlesh","Commandeering","TieShanKao","EnergyBeam","ChargeUp","Observe","Deflect_lor","TrashDisposal"],"picked":"SKIP","floor":12.0},{"not_picked":["LeRegole","Castigation","WillProduceFineSilk","CrackOfDawn","Cruelty","RepressedFlesh","DaringDecision","GoinFirst","FleshFillet","TieShanKao","GutHarvesting"],"picked":"SKIP","floor":13.0},{"not_picked":["Suppress","ScratchThat","LeRegole","Observe","BlazingStrike","Transpierce","UnforgettableMelody","BoundaryOfDeath","CleanUp","Decapitation","WillProduceFineSilk"],"picked":"SKIP","floor":23.0},{"not_picked":["GoinFirst","CleanUp","TrashDisposal","DaringDecision","Punishment","Transpierce","CrackOfDawn","Cruelty","ChargeUp","UnforgettableMelody","GutHarvesting"],"picked":"SKIP","floor":24.0},{"not_picked":["GoinFirst","LeRegole","DaringDecision","TieShanKao","Eradication","TrashDisposal","Transpierce","SenseQuarry","FormingStorm","Tttonst","UnforgettableMelody"],"picked":"SKIP","floor":25.0},{"not_picked":["ScratchThat","FleshFillet","LeRegole","CleanUp","Suppress","Commandeering","CrackOfDawn","WillProduceFineSilk","TrashDisposal","EnergyBeam","Punishment"],"picked":"SKIP","floor":27.0},{"not_picked":["Suppress","SenseQuarry","Punishment","Tttonst","FleshFillet","EmotionalTurbulence","SilentNight","CleanUp","Deflect_lor","GoinFirst","Transpierce"],"picked":"SKIP","floor":30.0},{"not_picked":["RipSpace","Deflect_lor","WillProduceFineSilk","CleanUp","SilentNight","Cruelty","EmotionalTurbulence","TieShanKao","Eradication","Tttonst","FormingStorm"],"picked":"SKIP","floor":31.0},{"not_picked":["CrackOfDawn","LeRegole","TrashDisposal","SenseQuarry","GoinFirst","WillProduceFineSilk","RepressedFlesh","Decapitation","GutHarvesting","CleanUp","FormingStorm"],"picked":"SKIP","floor":39.0},{"not_picked":["TieShanKao","CrackOfDawn","BlazingStrike","LeRegole","SenseQuarry","GoinFirst","EmotionalTurbulence","ChargeUp","GutHarvesting","WillProduceFineSilk","Tttonst"],"picked":"SKIP","floor":40.0},{"not_picked":["Punishment","SilentNight","TieShanKao","FormingStorm","Tttonst","UnforgettableMelody","Suppress","Castigation","EmotionalTurbulence","ScratchThat","CrackOfDawn"],"picked":"SKIP","floor":42.0},{"not_picked":["TrashDisposal","GoinFirst","UnforgettableMelody","WillProduceFineSilk","Decapitation","DaringDecision","GutHarvesting","TieShanKao","Suppress","BoundaryOfDeath","ChargeUp"],"picked":"SKIP","floor":44.0},{"not_picked":["DaringDecision","Eradication","TieShanKao","BlazingStrike","Commandeering","WillProduceFineSilk","EnergyBeam","CrackOfDawn","FleshFillet","Observe","Cruelty"],"picked":"SKIP","floor":45.0},{"not_picked":["Eradication","ChargeUp","Commandeering","TieShanKao","Deflect_lor","UnforgettableMelody","GoinFirst","Suppress","BoundaryOfDeath","Castigation","Punishment"],"picked":"SKIP","floor":47.0}],"player_experience":66052,"relics_obtained":[{"floor":1.0,"key":"Golden Egg"},{"floor":1.0,"key":"SynthV:TestCard"},{"floor":3.0,"key":"testmod-Alchemist"},{"floor":5.0,"key":"Shuriken"},{"floor":6.0,"key":"Civilization"},{"floor":8.0,"key":"ReplayTheSpireMod:Shallot"},{"floor":9.0,"key":"testmod-Brilliant"},{"floor":10.0,"key":"REME_PuzzleBoxRelic"},{"floor":12.0,"key":"conspire:GiftBox"},{"floor":13.0,"key":"InkBottle"},{"floor":14.0,"key":"PageOfBloodbath"},{"floor":18.0,"key":"Replay:Arrowhead"},{"floor":19.0,"key":"Snack Pack"},{"floor":20.0,"key":"PageOfMercenary"},{"floor":23.0,"key":"Replay:Accelerometer"},{"floor":24.0,"key":"Eternal Feather"},{"floor":26.0,"key":"Pet Ghost"},{"floor":27.0,"key":"ReplayFunnel"},{"floor":30.0,"key":"REME_HourglassOfDeath"},{"floor":31.0,"key":"testmod-LifeArmor"},{"floor":35.0,"key":"testmod-AssaultLearning"},{"floor":36.0,"key":"Orichalcum"},{"floor":39.0,"key":"testmod-ThousandKnives"},{"floor":40.0,"key":"PageOfScorchedGirl"},{"floor":42.0,"key":"Replay:Rubber Ducky"},{"floor":43.0,"key":"Mercury Hourglass"},{"floor":44.0,"key":"Darkstone Periapt"},{"floor":45.0,"key":"testmod-Déjàvu"},{"floor":47.0,"key":"MealTicket"},{"floor":48.0,"key":"conspire:DecoderRing"}],"event_choices":[{"damage_healed":0.0,"max_hp_gain":0.0,"max_hp_loss":0.0,"gold_gain":50.0,"event_name":"Nest","player_choice":"Stole From Cult","floor":29.0,"gold_loss":0.0,"damage_taken":0.0},{"damage_healed":0.0,"max_hp_gain":0.0,"max_hp_loss":0.0,"gold_gain":50.0,"event_name":"Golden Shrine","player_choice":"Pray","floor":38.0,"gold_loss":0.0,"damage_taken":0.0},{"damage_healed":0.0,"max_hp_gain":0.0,"max_hp_loss":0.0,"gold_gain":0.0,"event_name":"WeMeetAgain","player_choice":"Gave Potion","floor":41.0,"gold_loss":0.0,"damage_taken":0.0,"relics_obtained":["SynthV:C4"]}],"is_beta":false,"boss_relics":[{"not_picked":["RhineFirstAidKit","Abe\u0027s Treasure"],"picked":"testmod-SaigiyounoYou"},{"not_picked":["ReplayTheSpireMod:DimensionalGlitch","testmod-Nine"],"picked":"testmod-IncinerationGenerator"}],"items_purged_floors":[4,11,22,28,37,46],"is_endless":false,"potions_floor_spawned":[3,5,6,10,12,16,19,20,24,25,31,35,36,42,44],"ascension_level":20}}