{"host":"gri83axk0498363t","time":1608910508,"event":{"mods":["2.2 Compatiblity","AchievementEnabler","BaseMod","Better Altar","Better Note","Better Sensory Stone","Better Skull","Better Third Choice","Block Reminder","Colored Map","Colored Powertips","Displayed Cursed Tome","Gold Saver","Ironclad Rager","Minty Spire (QoL Compilation)","Potion Indicator Mod","RNG Fix","Random Character Button","Relic Stats","Reorder Act Four","StSLib","The Marked","Transform Curses","Unceasing Turn Reminder","everything is the same but u backflip on backflip"],"gold_per_floor":[497,507,521,521,521,553,553,553,553,553,587,600,600,35,35,137,137,156,106,131,148,162,162,162,162],"floor_reached":24,"playtime":2313,"items_purged":["theMarked:Defend"],"score":204,"play_id":"df49ffb9-72ba-4752-9891-1de2ab638a5c","local_time":"20201225103508","is_ascension_mode":false,"campfire_choices":[{"floor":7.0,"key":"REST"},{"floor":10.0,"key":"REST"},{"floor":13,"key":"REST"},{"data":"theMarked:HeritageOfTheMarked","floor":15,"key":"SMITH"},{"data":"theMarked:Improvise","floor":23,"key":"SMITH"}],"circlet_count":0,"master_deck":["theMarked:Strike","theMarked:Strike","theMarked:Defend","theMarked:Defend","theMarked:Defend","theMarked:SoldierOfQuellstein","theMarked:HeightenedSenses","theMarked:RepellingDischarge","theMarked:Parkour","Recycle","theMarked:WardOff","theMarked:Improvise+1","theMarked:HeritageOfTheMarked+1","theMarked:SuspiciousRaven","theMarked:TakeCover+1","theMarked:ReduceFriction+1","theMarked:ShockingTouch+1","theMarked:Electrify","theMarked:Frustration","theMarked:MagicAdept"],"relics":["Philosopher\u0027s Stone","Sundial","Nunchaku","theMarked:Gun","White Beast Statue","Mummified Hand","PreservedInsect","Astrolabe","Red Mask"],"acts_visited":["Exordium","TheCity"],"potions_floor_usage":[18,20,20,21,24,24,24],"damage_taken":[{"damage":2.0,"enemies":"Cultist","floor":1.0,"turns":3.0},{"damage":0.0,"enemies":"2 Louse","floor":2.0,"turns":2.0},{"damage":0.0,"enemies":"Small Slimes","floor":3.0,"turns":3.0},{"damage":28.0,"enemies":"Lagavulin","floor":6.0,"turns":9.0},{"damage":22.0,"enemies":"Gremlin Nob","floor":11.0,"turns":5.0},{"damage":16,"enemies":"Exordium Thugs","floor":12,"turns":5},{"damage":28,"enemies":"Slime Boss","floor":16,"turns":6},{"damage":0,"enemies":"Shell Parasite","floor":18,"turns":3},{"damage":32,"enemies":"Masked Bandits","floor":20,"turns":5},{"damage":7,"enemies":"2 Thieves","floor":21,"turns":4},{"damage":11,"enemies":"Snecko","floor":22,"turns":5},{"damage":30,"enemies":"Gremlin Leader","floor":24,"turns":2}],"seed_played":"4596791422581947730","potions_obtained":[{"floor":2.0,"key":"SteroidPotion"},{"floor":3.0,"key":"Block Potion"},{"floor":11.0,"key":"ColorlessPotion"},{"floor":12,"key":"Explosive Potion"},{"floor":16,"key":"PowerPotion"},{"floor":18,"key":"Swift Potion"},{"floor":20,"key":"Block Potion"},{"floor":21,"key":"Regen Potion"},{"floor":22,"key":"BlessingOfTheForge"}],"is_trial":false,"path_per_floor":["M","M","M","?","?","E","R","?","T","R","E","M","R","$","R","B",null,"M","?","?","M","M","R","E"],"character_chosen":"THE_DEFAULT","items_purchased":["theMarked:HeritageOfTheMarked","Mummified Hand","PreservedInsect"],"campfire_rested":3,"item_purchase_floors":[14,14,14],"current_hp_per_floor":[68,68,68,73,39,11,33,33,33,55,33,17,39,39,39,11,75,75,75,43,36,25,25,0,0],"gold":162,"neow_bonus":"BOSS_RELIC","is_daily":false,"chose_seed":false,"campfire_upgraded":2,"win_rate":0.0,"timestamp":1608910508,"path_taken":["M","M","M","?","?","E","R","?","T","R","E","M","R","$","R","BOSS","M","?","?","M","M","R","E"],"items_purchased_type":["Card","Relic","Relic"],"build_version":"2020-12-22","purchased_purges":1,"victory":false,"max_hp_per_floor":[70,70,70,75,75,75,75,75,75,75,75,75,75,75,75,75,75,75,75,75,75,75,75,75,75],"relic_stats":{"Nunchaku":[6],"counters":[12,50],"Sundial":[6],"Mummified Hand":[7],"Astrolabe":["theMarked:TakeCover","theMarked:ReduceFriction","theMarked:ShockingTouch"],"PreservedInsect":44,"obtain_stats":[{"theMarked:ArtifactOfAir":0,"Nunchaku":6,"theMarked:Gun":9,"Sundial":5,"Mummified Hand":14,"Astrolabe":17,"Philosopher\u0027s Stone":0,"PreservedInsect":14,"Red Mask":20,"White Beast Statue":11},{"theMarked:ArtifactOfAir":0,"Nunchaku":4,"theMarked:Gun":4,"Sundial":3,"Mummified Hand":6,"Astrolabe":7,"Philosopher\u0027s Stone":0,"PreservedInsect":6,"Red Mask":9,"White Beast Statue":5},{"theMarked:ArtifactOfAir":0,"Nunchaku":17,"theMarked:Gun":17,"Sundial":8,"Mummified Hand":27,"Astrolabe":33,"Philosopher\u0027s Stone":0,"PreservedInsect":27,"Red Mask":40,"White Beast Statue":22}]},"card_choices":[{"not_picked":["theMarked:ShockingTouch","theMarked:EmpowerWeapon"],"picked":"theMarked:HeightenedSenses","floor":1.0},{"not_picked":["theMarked:Overthink","theMarked:EmpowerWeapon"],"picked":"theMarked:RepellingDischarge","floor":2.0},{"not_picked":["theMarked:Overthink","theMarked:WastefulDefense"],"picked":"theMarked:Parkour","floor":3.0},{"not_picked":["theMarked:Indomitable","theMarked:WastefulAttack","theMarked:EnhancedHearing"],"picked":"SKIP","floor":6.0},{"not_picked":["theMarked:SwordAndMagic","theMarked:MysticalArsenal"],"picked":"theMarked:WardOff","floor":11.0},{"not_picked":["theMarked:Electrocute","theMarked:WastefulAttack"],"picked":"theMarked:Improvise","floor":12},{"not_picked":["theMarked:ThrowWeapon","theMarked:Snap"],"picked":"theMarked:SuspiciousRaven","floor":16},{"not_picked":["theMarked:RogueSparks","theMarked:TwofoldDefense"],"picked":"theMarked:Electrify","floor":18},{"not_picked":["theMarked:CreepingChasm+1","theMarked:Static"],"picked":"theMarked:Frustration","floor":20},{"not_picked":["theMarked:Generate","theMarked:Indomitable+1","theMarked:KeepCalmAndFightOn"],"picked":"SKIP","floor":21},{"not_picked":["theMarked:WastefulAttack+1","theMarked:RepellingDischarge"],"picked":"theMarked:MagicAdept","floor":22}],"player_experience":136774,"relics_obtained":[{"floor":6.0,"key":"Nunchaku"},{"floor":9.0,"key":"theMarked:Gun"},{"floor":11.0,"key":"White Beast Statue"},{"floor":20,"key":"Red Mask"}],"event_choices":[{"damage_healed":0.0,"max_hp_gain":5.0,"max_hp_loss":0.0,"gold_gain":0.0,"event_name":"Big Fish","player_choice":"Donut","floor":4.0,"gold_loss":0.0,"damage_taken":0.0},{"damage_healed":0.0,"max_hp_gain":0.0,"max_hp_loss":0.0,"gold_gain":0.0,"event_name":"betterNote:BetterNote","player_choice":"Ignored","floor":8.0,"gold_loss":0.0,"damage_taken":0.0,"cards_obtained":["Worship"]},{"damage_healed":0,"gold_gain":0,"player_choice":"Bet on Owner","damage_taken":0,"max_hp_gain":0,"max_hp_loss":0,"event_name":"The Joust","floor":19,"gold_loss":50},{"damage_healed":0,"gold_gain":0,"player_choice":"Fought Bandits","damage_taken":0,"max_hp_gain":0,"max_hp_loss":0,"event_name":"Masked Bandits","floor":20,"gold_loss":0}],"is_beta":false,"boss_relics":[{"not_picked":["Runic Dome","Ectoplasm"],"picked":"Astrolabe"}],"items_purged_floors":[14],"is_endless":false,"potions_floor_spawned":[2,3,11,12,16,18,20,21,22],"killed_by":"Gremlin Leader","ascension_level":0}}