{"host":"7gewg82ormp6yt4e","time":1608901436,"event":{"mods":["BaseMod","Block Reminder","Colored Map","Colored Powertips","DeckTracker","Highlight Path","Minty Spire (QoL Compilation)","Relic Stats","StSLib"],"gold_per_floor":[117,36,36,46,46,46,80,100,149,149,66,95,95,129,129,203,203,218,235,255,170,85,119,119,119,119,119,134,134,134,169,169,242,242,257,257,257,306,306,306,340,351,351,383,400,400,65,82,82,82,82],"floor_reached":50,"playtime":3256,"items_purged":["Strike_G"],"score":1304,"play_id":"3b03d240-9ee7-46ad-9c68-615e58ee6732","local_time":"20201225220356","is_ascension_mode":true,"campfire_choices":[{"data":"Bane","floor":6.0,"key":"SMITH"},{"data":"Crippling Poison","floor":10.0,"key":"SMITH"},{"data":"Catalyst","floor":13.0,"key":"SMITH"},{"data":"Wraith Form v2","floor":15.0,"key":"SMITH"},{"floor":24.0,"key":"REST"},{"floor":27.0,"key":"RECALL"},{"floor":29.0,"key":"REST"},{"floor":32.0,"key":"REST"},{"floor":40.0,"key":"REST"},{"floor":49.0,"key":"REST"}],"circlet_count":0,"master_deck":["AscendersBane","Strike_G","Strike_G+1","Defend_G","Defend_G","Defend_G","Defend_G","Defend_G","Survivor","Neutralize+1","Crippling Poison+1","Deadly Poison","Bane+1","Wraith Form v2+1","Catalyst+1","Bullet Time","Backflip+1","Backflip","Bouncing Flask","Acrobatics","Noxious Fumes","Well Laid Plans+1","Footwork","Predator+1","Backflip","Deadly Poison","Acrobatics","Tools of the Trade","Enlightenment","Forethought","Jack Of All Trades","Deflect","Outmaneuver+1","PiercingWail+1","Leg Sweep","Blur","Footwork","Slice"],"relics":["Ring of the Snake","NeowsBlessing","Bag of Marbles","Strawberry","Prayer Wheel","Whetstone","Fusion Hammer","Ornamental Fan","Mango","Potion Belt","White Beast Statue","Runic Pyramid","Ice Cream","Kunai","Boot","Strange Spoon"],"acts_visited":["Exordium","TheCity","TheBeyond"],"potions_floor_usage":[50,50,50],"damage_taken":[{"damage":0.0,"enemies":"Cultist","floor":1.0,"turns":1.0},{"damage":0.0,"enemies":"2 Louse","floor":4.0,"turns":1.0},{"damage":0.0,"enemies":"3 Sentries","floor":7.0,"turns":1.0},{"damage":0.0,"enemies":"Jaw Worm","floor":8.0,"turns":1.0},{"damage":11.0,"enemies":"Gremlin Nob","floor":12.0,"turns":5.0},{"damage":17.0,"enemies":"Lagavulin","floor":14.0,"turns":4.0},{"damage":16.0,"enemies":"The Guardian","floor":16.0,"turns":8.0},{"damage":14.0,"enemies":"3 Byrds","floor":18.0,"turns":6.0},{"damage":2.0,"enemies":"Shell Parasite","floor":19.0,"turns":3.0},{"damage":2.0,"enemies":"3 Cultists","floor":20.0,"turns":6.0},{"damage":17.0,"enemies":"Book of Stabbing","floor":23.0,"turns":3.0},{"damage":40.0,"enemies":"Sentry and Sphere","floor":28.0,"turns":5.0},{"damage":5.0,"enemies":"Gremlin Leader","floor":31.0,"turns":4.0},{"damage":2.0,"enemies":"Champ","floor":33.0,"turns":8.0},{"damage":6.0,"enemies":"3 Darklings","floor":35.0,"turns":6.0},{"damage":34.0,"enemies":"2 Orb Walkers","floor":38.0,"turns":6.0},{"damage":0.0,"enemies":"Giant Head","floor":41.0,"turns":8.0},{"damage":0.0,"enemies":"Orb Walker","floor":42.0,"turns":3.0},{"damage":8.0,"enemies":"Nemesis","floor":44.0,"turns":9.0},{"damage":11.0,"enemies":"Spire Growth","floor":45.0,"turns":5.0},{"damage":3.0,"enemies":"3 Darklings","floor":48.0,"turns":6.0},{"damage":67,"enemies":"Awakened One","floor":50,"turns":12}],"seed_played":"3418105259616460419","potions_obtained":[{"floor":1.0,"key":"Weak Potion"},{"floor":8.0,"key":"SpeedPotion"},{"floor":14.0,"key":"Fire Potion"},{"floor":16.0,"key":"Regen Potion"},{"floor":18.0,"key":"BlessingOfTheForge"},{"floor":20.0,"key":"Energy Potion"},{"floor":33.0,"key":"PowerPotion"},{"floor":35.0,"key":"SkillPotion"},{"floor":38.0,"key":"Explosive Potion"},{"floor":41.0,"key":"Block Potion"},{"floor":42.0,"key":"Weak Potion"},{"floor":44.0,"key":"FearPotion"},{"floor":45.0,"key":"Swift Potion"},{"floor":48.0,"key":"SpeedPotion"}],"is_trial":false,"path_per_floor":["M","$","$","M","?","R","E","M","T","R","$","E","R","E","R","B",null,"M","M","M","$","?","E","R","?","T","R","M","R","?","E","R","B",null,"M","?","?","?","?","R","E","M","T","E","M","?","$","M","R","B"],"character_chosen":"THE_SILENT","items_purchased":["Deadly Poison","Poisoned Stab","Catalyst","Noxious Fumes","Footwork","Strange Spoon","Slice"],"campfire_rested":5,"item_purchase_floors":[2,2,11,21,47,47,47],"current_hp_per_floor":[59,59,59,59,59,59,59,59,66,66,66,55,55,38,38,22,60,46,56,54,54,54,51,77,77,77,77,37,63,63,58,84,82,86,80,70,70,36,36,62,62,62,62,54,43,43,43,40,66,0,0],"gold":82,"neow_bonus":"THREE_ENEMY_KILL","is_daily":false,"chose_seed":false,"campfire_upgraded":4,"win_rate":0.0,"timestamp":1608901436,"path_taken":["M","?","$","M","?","R","E","M","T","R","?","E","R","E","R","BOSS","M","M","M","$","?","E","R","?","T","R","M","R","?","E","R","BOSS","M","?","?","?","?","R","E","?","T","E","M","?","$","M","R","BOSS"],"items_purchased_type":["Card","Card","Card","Card","Card","Relic","Card"],"build_version":"2020-12-22","purchased_purges":1,"victory":false,"max_hp_per_floor":[66,66,66,66,66,66,66,66,73,73,73,73,73,73,73,73,73,73,73,73,73,73,87,87,87,87,87,87,87,87,87,87,87,87,87,87,87,87,87,87,87,87,87,87,87,87,87,87,87,87,87],"relic_stats":{"Strange Spoon":[9],"counters":[22,111],"Ornamental Fan":[20],"Prayer Wheel":8,"Whetstone":["Strike_G","Neutralize"],"Kunai":[1],"Boot":[3],"obtain_stats":[{"Potion Belt":26,"Ice Cream":38,"NeowsBlessing":0,"Mango":23,"Whetstone":14,"Boot":44,"White Beast Statue":31,"Strange Spoon":47,"Ornamental Fan":22,"Strawberry":9,"Prayer Wheel":12,"Fusion Hammer":17,"Bag of Marbles":7,"Kunai":41,"Ring of the Snake":0,"Runic Pyramid":34},{"Potion Belt":11,"Ice Cream":16,"NeowsBlessing":0,"Mango":11,"Whetstone":6,"Boot":19,"White Beast Statue":13,"Strange Spoon":20,"Ornamental Fan":10,"Strawberry":4,"Prayer Wheel":5,"Fusion Hammer":7,"Bag of Marbles":3,"Kunai":17,"Ring of the Snake":0,"Runic Pyramid":14},{"Potion Belt":39,"Ice Cream":68,"NeowsBlessing":0,"Mango":39,"Whetstone":13,"Boot":88,"White Beast Statue":48,"Strange Spoon":93,"Ornamental Fan":36,"Strawberry":4,"Prayer Wheel":9,"Fusion Hammer":21,"Bag of Marbles":3,"Kunai":76,"Ring of the Snake":0,"Runic Pyramid":56}],"Ring of the Snake":[44]},"card_choices":[{"not_picked":["Riddle With Holes","Slice"],"picked":"Crippling Poison","floor":1.0},{"not_picked":["Flying Knee","Backflip"],"picked":"Bane","floor":4.0},{"not_picked":["Dodge and Roll","Quick Slash"],"picked":"Wraith Form v2","floor":7.0},{"not_picked":["Sucker Punch","Prepared","Quick Slash"],"picked":"SKIP","floor":8.0},{"not_picked":["Prepared","Setup","Outmaneuver"],"picked":"SKIP","floor":12.0},{"not_picked":["Outmaneuver","Escape Plan","Terror"],"picked":"SKIP","floor":14.0},{"not_picked":["Grand Finale","Glass Knife"],"picked":"Bullet Time","floor":16.0},{"not_picked":["Prepared","Blade Dance"],"picked":"Backflip+1","floor":18.0},{"not_picked":["Finisher","Infinite Blades","Dagger Spray"],"picked":"SKIP","floor":18.0},{"not_picked":["Sucker Punch","Dodge and Roll"],"picked":"Backflip","floor":19.0},{"not_picked":["Escape Plan","Prepared","Calculated Gamble"],"picked":"SKIP","floor":19.0},{"not_picked":["Quick Slash","Caltrops"],"picked":"Bouncing Flask","floor":20.0},{"not_picked":["Setup","Eviscerate"],"picked":"Acrobatics","floor":20.0},{"not_picked":["Dagger Throw+1","Distraction"],"picked":"Well Laid Plans+1","floor":23.0},{"not_picked":["Tactician","Backstab"],"picked":"Predator+1","floor":28.0},{"not_picked":["Infinite Blades","Endless Agony"],"picked":"Backflip","floor":28.0},{"not_picked":["Noxious Fumes","Infinite Blades","Flechettes"],"picked":"SKIP","floor":31.0},{"not_picked":["A Thousand Cuts","Doppelganger"],"picked":"Tools of the Trade","floor":33.0},{"not_picked":["Dagger Spray","Backflip+1","Slice+1"],"picked":"SKIP","floor":35.0},{"not_picked":["Poisoned Stab","Slice","Well Laid Plans"],"picked":"SKIP","floor":35.0},{"not_picked":["Chrysalis","Trip"],"picked":"Enlightenment","floor":36.0},{"not_picked":["Enlightenment","Deep Breath"],"picked":"Forethought","floor":36.0},{"not_picked":["PanicButton","Trip"],"picked":"Jack Of All Trades","floor":36.0},{"not_picked":["Outmaneuver","Underhanded Strike"],"picked":"Deflect","floor":38.0},{"not_picked":["Quick Slash+1","Dagger Spray"],"picked":"Outmaneuver+1","floor":41.0},{"not_picked":["Deadly Poison","Outmaneuver+1"],"picked":"PiercingWail+1","floor":42.0},{"not_picked":["Setup","Caltrops"],"picked":"Leg Sweep","floor":42.0},{"not_picked":["Deflect","Glass Knife","Noxious Fumes"],"picked":"SKIP","floor":44.0},{"not_picked":["Underhanded Strike","Dagger Throw"],"picked":"Blur","floor":45.0},{"not_picked":["Finisher","Leg Sweep","Dagger Throw"],"picked":"SKIP","floor":45.0},{"not_picked":["Backflip","Accuracy","Dagger Spray"],"picked":"SKIP","floor":48.0},{"not_picked":["Bane","Terror","Deadly Poison"],"picked":"SKIP","floor":48.0}],"player_experience":2438708,"relics_obtained":[{"floor":7.0,"key":"Bag of Marbles"},{"floor":9.0,"key":"Strawberry"},{"floor":12.0,"key":"Prayer Wheel"},{"floor":14.0,"key":"Whetstone"},{"floor":23.0,"key":"Mango"},{"floor":26.0,"key":"Potion Belt"},{"floor":31.0,"key":"White Beast Statue"},{"floor":38.0,"key":"Ice Cream"},{"floor":41.0,"key":"Kunai"},{"floor":44.0,"key":"Boot"}],"event_choices":[{"damage_healed":0.0,"max_hp_gain":0.0,"max_hp_loss":0.0,"gold_gain":0.0,"event_name":"The Cleric","player_choice":"Leave","floor":5.0,"gold_loss":0.0,"damage_taken":0.0},{"damage_healed":0.0,"max_hp_gain":0.0,"max_hp_loss":0.0,"gold_gain":0.0,"event_name":"Addict","player_choice":"Obtained Relic","floor":22.0,"gold_loss":85.0,"damage_taken":0.0,"relics_obtained":["Ornamental Fan"]},{"damage_healed":0.0,"max_hp_gain":0.0,"max_hp_loss":0.0,"gold_gain":0.0,"event_name":"The Library","player_choice":"Read","floor":25.0,"gold_loss":0.0,"damage_taken":0.0,"cards_obtained":["Footwork"]},{"damage_healed":0.0,"max_hp_gain":0.0,"max_hp_loss":0.0,"gold_gain":0.0,"cards_transformed":["Strike_G","Strike_G"],"event_name":"Drug Dealer","player_choice":"Became Test Subject","floor":30.0,"gold_loss":0.0,"damage_taken":0.0,"cards_obtained":["Deadly Poison","Acrobatics"]},{"damage_healed":0.0,"max_hp_gain":0.0,"max_hp_loss":0.0,"gold_gain":0.0,"event_name":"SensoryStone","player_choice":"Memory 3","floor":36.0,"gold_loss":0.0,"damage_taken":10.0},{"cards_removed":["Poisoned Stab"],"damage_healed":0.0,"max_hp_gain":0.0,"max_hp_loss":0.0,"gold_gain":0.0,"event_name":"Falling","player_choice":"Removed Attack","floor":37.0,"gold_loss":0.0,"damage_taken":0.0},{"damage_healed":0.0,"max_hp_gain":0.0,"max_hp_loss":0.0,"gold_gain":0.0,"event_name":"Mysterious Sphere","player_choice":"Fight","floor":38.0,"gold_loss":0.0,"damage_taken":0.0},{"damage_healed":0.0,"max_hp_gain":0.0,"max_hp_loss":0.0,"gold_gain":0.0,"event_name":"SecretPortal","player_choice":"Ignored","floor":39.0,"gold_loss":0.0,"damage_taken":0.0},{"damage_healed":0.0,"max_hp_gain":0.0,"max_hp_loss":0.0,"gold_gain":0.0,"event_name":"The Moai Head","player_choice":"Ignored","floor":46.0,"gold_loss":0.0,"damage_taken":0.0}],"is_beta":false,"boss_relics":[{"not_picked":["Black Star","WristBlade"],"picked":"Fusion Hammer"},{"not_picked":["Snecko Eye","Empty Cage"],"picked":"Runic Pyramid"}],"items_purged_floors":[47],"is_endless":false,"potions_floor_spawned":[1,8,14,16,18,20,33,35,38,41,42,44,45,48],"killed_by":"Awakened One","ascension_level":20}}