{"host":"5fpb1gzflhq9886n","time":1608885827,"event":{"mods":["AchievementEnabler","BaseMod","Colored Map","Colored Powertips","Minty Spire (QoL Compilation)","Permanent Neow"],"gold_per_floor":[109,109,109,120,131,156,180,180,180,180,160,176,176,201,201,306,306,316,332,247,85,98,98,127,127,127,127,154,154,168,202,202,302,302,314,61,74,91,0,26,26,26,96,125,125,136,136,146,146,146,146],"floor_reached":50,"playtime":4565,"items_purged":[],"score":708,"play_id":"b5efd849-7fd0-40b4-a277-7032b0ce09bb","local_time":"20201225034347","is_ascension_mode":true,"campfire_choices":[{"floor":8,"key":"REST"},{"data":"Consecrate","floor":10,"key":"SMITH"},{"data":"TalkToTheHand","floor":13,"key":"SMITH"},{"data":"Eruption","floor":15,"key":"SMITH"},{"floor":23,"key":"RECALL"},{"floor":25,"key":"REST"},{"floor":29,"key":"REST"},{"floor":32,"key":"REST"},{"floor":45,"key":"REST"},{"floor":47,"key":"REST"},{"floor":49,"key":"REST"}],"circlet_count":0,"master_deck":["Strike_P","Strike_P","Strike_P","Strike_P+1","Defend_P+1","Defend_P","Defend_P+1","Eruption+1","Vigilance+1","InnerPeace","CutThroughFate","Consecrate+1","Halt","ThirdEye","TalkToTheHand+1","LessonLearned","BowlingBash","CrushJoints+1","Adaptation","Impatience","WaveOfTheHand+1","BowlingBash+1","Worship","FearNoEvil","Judgement","Nirvana","Blind","SandsOfTime+1","Fasting2+1","ThirdEye+1","Tantrum","Parasite","Prostrate+1"],"relics":["PureWater","Eternal Feather","Odd Mushroom","Centennial Puzzle","Fusion Hammer","Anchor","Potion Belt","PreservedInsect","Shuriken","Strawberry","Dream Catcher","Black Star","Medical Kit","Red Mask","Bag of Preparation","StrikeDummy","Frozen Egg 2","Kunai","Akabeko","Ginger"],"acts_visited":["Exordium","TheCity","TheBeyond"],"potions_floor_usage":[7,14,16,24,33,33,38,40],"damage_taken":[{"damage":0,"enemies":"Jaw Worm","floor":1,"turns":2},{"damage":0,"enemies":"Small Slimes","floor":4,"turns":2},{"damage":0,"enemies":"2 Louse","floor":5,"turns":2},{"damage":18,"enemies":"3 Sentries","floor":6,"turns":6},{"damage":13,"enemies":"The Mushroom Lair","floor":7,"turns":3},{"damage":17,"enemies":"Exordium Wildlife","floor":12,"turns":7},{"damage":17,"enemies":"Gremlin Nob","floor":14,"turns":4},{"damage":28,"enemies":"Hexaghost","floor":16,"turns":9},{"damage":4,"enemies":"Chosen","floor":18,"turns":7},{"damage":0,"enemies":"3 Byrds","floor":19,"turns":4},{"damage":4,"enemies":"Shelled Parasite and Fungi","floor":22,"turns":3},{"damage":24,"enemies":"Gremlin Leader","floor":24,"turns":7},{"damage":12,"enemies":"Book of Stabbing","floor":28,"turns":4},{"damage":2,"enemies":"Cultist and Chosen","floor":30,"turns":4},{"damage":0,"enemies":"Gremlin Leader","floor":31,"turns":3},{"damage":62,"enemies":"Collector","floor":33,"turns":10},{"damage":0,"enemies":"3 Darklings","floor":35,"turns":3},{"damage":17,"enemies":"Orb Walker","floor":37,"turns":5},{"damage":17,"enemies":"Jaw Worm Horde","floor":38,"turns":5},{"damage":0,"enemies":"Reptomancer","floor":40,"turns":3},{"damage":24,"enemies":"Nemesis","floor":44,"turns":5},{"damage":8,"enemies":"Writhing Mass","floor":46,"turns":5},{"damage":7,"enemies":"Transient","floor":48,"turns":5},{"damage":84,"enemies":"Time Eater","floor":50,"turns":8}],"seed_played":"1456564667104637457","potions_obtained":[{"floor":4,"key":"Explosive Potion"},{"floor":5,"key":"Block Potion"},{"floor":7,"key":"SkillPotion"},{"floor":14,"key":"Block Potion"},{"floor":19,"key":"SmokeBomb"},{"floor":30,"key":"BlessingOfTheForge"},{"floor":31,"key":"Explosive Potion"},{"floor":33,"key":"StancePotion"},{"floor":35,"key":"Block Potion"},{"floor":44,"key":"SmokeBomb"}],"is_trial":false,"path_per_floor":["M","?","?","M","M","E","?","R","T","R","?","M","R","E","R","B",null,"M","M","?","$","M","R","E","R","T","?","E","R","M","E","R","B",null,"M","$","M","M","?","E","T","$","T","E","R","M","R","M","R","B"],"character_chosen":"WATCHER","items_purchased":["Adaptation","Impatience","Blind","Medical Kit"],"campfire_rested":7,"item_purchase_floors":[21,21,36,36],"current_hp_per_floor":[72,65,65,65,65,47,34,61,61,67,67,50,59,42,51,23,72,68,68,68,68,64,72,48,72,72,72,67,79,77,77,79,17,79,79,79,62,45,45,45,45,45,45,21,62,54,79,72,79,0,0],"gold":146,"neow_bonus":"UPGRADE_CARD","is_daily":false,"chose_seed":false,"campfire_upgraded":3,"win_rate":0.0,"timestamp":1608885827,"path_taken":["M","?","?","M","M","E","?","R","T","R","?","M","R","E","R","BOSS","M","M","?","$","M","R","E","R","T","?","E","R","?","E","R","BOSS","M","$","M","M","?","E","?","?","T","E","R","M","R","M","R","BOSS"],"items_purchased_type":["Card","Card","Card","Relic"],"build_version":"2020-12-22","purchased_purges":0,"victory":false,"max_hp_per_floor":[72,72,72,72,72,72,72,72,72,72,72,72,72,72,72,72,72,72,72,72,72,72,72,72,72,72,72,79,79,79,79,79,79,79,79,79,79,79,79,79,79,79,79,79,79,79,79,79,79,79,79],"card_choices":[{"not_picked":["Protect","FollowUp"],"picked":"InnerPeace","floor":1},{"not_picked":["FlyingSleeves","EmptyBody"],"picked":"CutThroughFate","floor":4},{"not_picked":["Evaluate","Halt"],"picked":"Consecrate","floor":5},{"not_picked":["EmptyFist","CutThroughFate"],"picked":"Halt","floor":6},{"not_picked":["Protect","WreathOfFlame"],"picked":"ThirdEye","floor":7},{"not_picked":["Ragnarok","SignatureMove"],"picked":"TalkToTheHand","floor":12},{"not_picked":["Consecrate","EmptyFist","FlurryOfBlows"],"picked":"SKIP","floor":14},{"not_picked":["Establishment","Scrawl"],"picked":"LessonLearned","floor":16},{"not_picked":["ClearTheMind+1","Perseverance+1"],"picked":"BowlingBash","floor":18},{"not_picked":["FollowUp","Collect"],"picked":"CrushJoints+1","floor":19},{"not_picked":["Worship","Prostrate"],"picked":"WaveOfTheHand+1","floor":22},{"not_picked":["FlurryOfBlows+1","EmptyFist"],"picked":"BowlingBash","floor":24},{"not_picked":["CrushJoints","BowlingBash"],"picked":"Worship","floor":28},{"not_picked":["InnerPeace","Halt"],"picked":"FearNoEvil","floor":30},{"not_picked":["Indignation","Pray+1"],"picked":"Judgement","floor":31},{"not_picked":["SashWhip","Evaluate"],"picked":"Nirvana","floor":35},{"not_picked":["Vengeance","EmptyBody+1"],"picked":"SandsOfTime+1","floor":37},{"not_picked":["Perseverance","FollowUp"],"picked":"Fasting2+1","floor":38},{"not_picked":["Evaluate","Perseverance"],"picked":"ThirdEye+1","floor":40},{"not_picked":["Judgement","Evaluate","Sanctity+1"],"picked":"SKIP","floor":44},{"not_picked":["Consecrate+1","EmptyBody+1"],"picked":"Tantrum","floor":45},{"not_picked":["InnerPeace+1","WheelKick+1"],"picked":"Prostrate+1","floor":46},{"not_picked":["InnerPeace+1","BowlingBash","EmptyBody"],"picked":"SKIP","floor":48}],"player_experience":624831,"relics_obtained":[{"floor":6,"key":"Eternal Feather"},{"floor":7,"key":"Odd Mushroom"},{"floor":14,"key":"Centennial Puzzle"},{"floor":24,"key":"Potion Belt"},{"floor":26,"key":"PreservedInsect"},{"floor":27,"key":"Shuriken"},{"floor":28,"key":"Strawberry"},{"floor":31,"key":"Dream Catcher"},{"floor":40,"key":"Bag of Preparation"},{"floor":40,"key":"StrikeDummy"},{"floor":41,"key":"Frozen Egg 2"},{"floor":43,"key":"Kunai"},{"floor":44,"key":"Akabeko"},{"floor":44,"key":"Ginger"}],"event_choices":[{"cards_removed":["Defend_P"],"damage_healed":0,"gold_gain":0,"player_choice":"Card Removal","damage_taken":7,"max_hp_gain":0,"max_hp_loss":0,"event_name":"Golden Wing","floor":2,"gold_loss":0},{"damage_healed":0,"gold_gain":0,"player_choice":"Ignored","damage_taken":0,"max_hp_gain":0,"max_hp_loss":0,"event_name":"Liars Game","floor":3,"gold_loss":0},{"damage_healed":0,"gold_gain":0,"player_choice":"Fought Mushrooms","damage_taken":0,"max_hp_gain":0,"max_hp_loss":0,"event_name":"Mushrooms","floor":7,"gold_loss":0},{"damage_healed":0,"gold_gain":0,"player_choice":"Left Gold","damage_taken":0,"max_hp_gain":0,"max_hp_loss":0,"event_name":"World of Goop","floor":11,"gold_loss":20},{"damage_healed":0,"gold_gain":0,"player_choice":"Obtained Relic","damage_taken":0,"relics_obtained":["Anchor"],"max_hp_gain":0,"max_hp_loss":0,"event_name":"Addict","floor":20,"gold_loss":85},{"damage_healed":0,"gold_gain":0,"player_choice":"Relic","damage_taken":0,"max_hp_gain":0,"max_hp_loss":0,"event_name":"Wheel of Change","floor":27,"gold_loss":0},{"damage_healed":0,"gold_gain":0,"player_choice":"Paid","damage_taken":0,"relics_obtained":["Red Mask"],"max_hp_gain":0,"max_hp_loss":0,"event_name":"Tomb of Lord Red Mask","floor":39,"gold_loss":91}],"is_beta":false,"boss_relics":[{"not_picked":["VioletLotus","Cursed Key"],"picked":"Fusion Hammer"},{"not_picked":["Astrolabe","Snecko Eye"],"picked":"Black Star"}],"items_purged_floors":[],"is_endless":false,"potions_floor_spawned":[4,5,7,14,19,30,31,33,35,44],"killed_by":"Time Eater","ascension_level":3}}