{"host":"dntw6kil9p09eemm","time":1608882004,"event":{"mods":["Alarm Clock","Aspiration","BaseMod","Colored Powertips","Downfall","Hermit","Hubris","Minty Spire (QoL Compilation)","Permanent Neow","Shop Mod","Spicy Shops","StSLib"],"gold_per_floor":[115,129,129,140,60,87,147,36,61,76,91,101,112,137,137,137,137,137],"floor_reached":16,"playtime":877,"items_purged":[],"score":104,"play_id":"285d9ac7-04a7-47d0-8de7-53e1d901431b","local_time":"20201225164004","is_ascension_mode":false,"campfire_choices":[{"floor":15,"key":"REST"}],"circlet_count":0,"master_deck":["champ:Strike","champ:Strike","champ:Strike","champ:Strike","champ:Defend","champ:Defend","champ:Defend","champ:Defend","champ:Execute","champ:Taunt","Flash of Steel","champ:Aggression","champ:DeathBlow","champ:TornadoPunch","champ:EnGarde","champ:Encircle","champ:IronFortress","champ:FlashCut"],"relics":["champ:ChampionCrown","aspiration:StickyExplosives_weak","aspiration:HiddenCompartment","MerchantsRug","champ:FightingForDummies","Lantern"],"acts_visited":["Exordium"],"potions_floor_usage":[],"damage_taken":[{"damage":5,"enemies":"Cultist","floor":1,"turns":4},{"damage":7,"enemies":"Small Slimes","floor":2,"turns":2},{"damage":15,"enemies":"Jaw Worm","floor":4,"turns":4},{"damage":30,"enemies":"Gremlin Nob","floor":6,"turns":4},{"damage":27,"enemies":"3 Sentries","floor":7,"turns":4},{"damage":16,"enemies":"Blue Slaver","floor":10,"turns":5},{"damage":34,"enemies":"Exordium Thugs","floor":11,"turns":6},{"damage":11,"enemies":"Looter","floor":12,"turns":2},{"damage":23,"enemies":"Large Slime","floor":13,"turns":4},{"damage":59,"enemies":"Slime Boss","floor":16,"turns":7}],"seed_played":"567111100461318423","potions_obtained":[{"floor":2,"key":"BlessingOfTheForge"},{"floor":6,"key":"Energy Potion"},{"floor":10,"key":"Energy Potion"},{"floor":12,"key":"SmokeBomb"},{"floor":13,"key":"Swift Potion"}],"is_trial":false,"path_per_floor":["M","M","$","M","$","E","?","$","T","M","M","M","M","T","R","B"],"character_chosen":"THE_CHAMP","items_purchased":["champ:DeathBlow","MerchantsRug"],"campfire_rested":1,"item_purchase_floors":[5,8],"current_hp_per_floor":[90,88,88,88,88,72,55,55,55,49,30,25,22,22,49,0,0,0],"gold":137,"neow_bonus":"RANDOM_COLORLESS","is_daily":false,"chose_seed":false,"campfire_upgraded":0,"win_rate":0.0,"timestamp":1608882004,"path_taken":["M","M","?","M","$","E","?","$","T","M","M","M","M","?","R","BOSS"],"items_purchased_type":["Card","Relic"],"build_version":"2020-12-22","purchased_purges":0,"victory":false,"max_hp_per_floor":[90,90,90,90,90,90,90,90,90,90,90,90,90,90,90,90,90,90],"card_choices":[{"not_picked":["expansioncontent:SlimeTackle","hubris:Insight"],"picked":"Flash of Steel","floor":0},{"not_picked":["champ:AdrenalArmor","champ:FocusedDefense"],"picked":"champ:Aggression","floor":1},{"not_picked":["champ:BladeFlurry","champ:PerfectedStrike","champ:CrookedStrike"],"picked":"SKIP","floor":2},{"not_picked":["champ:DefensiveStyle","champ:BerserkersShout","champ:BladeFlurry"],"picked":"SKIP","floor":4},{"not_picked":["champ:PerfectedStrike","champ:FocusedGladiator","champ:GladiatorStyle"],"picked":"SKIP","floor":6},{"not_picked":["champ:BladeFlurry","champ:ViciousMockery"],"picked":"champ:TornadoPunch","floor":7},{"not_picked":["champ:RecklessLeap","champ:HeartStrike"],"picked":"champ:EnGarde","floor":10},{"not_picked":["champ:SkillfulDodge","champ:EnchantCrown"],"picked":"champ:Encircle","floor":11},{"not_picked":["champ:GutPunch","champ:AdrenalArmor"],"picked":"champ:IronFortress","floor":12},{"not_picked":["champ:Aggression","champ:GutPunch"],"picked":"champ:FlashCut","floor":13}],"player_experience":448866,"relics_obtained":[{"floor":6,"key":"aspiration:StickyExplosives_weak"},{"floor":7,"key":"aspiration:HiddenCompartment"},{"floor":9,"key":"champ:FightingForDummies"},{"floor":14,"key":"Lantern"}],"event_choices":[{"damage_healed":0,"gold_gain":30,"player_choice":"Searched \u00272\u0027 times","damage_taken":0,"max_hp_gain":0,"max_hp_loss":0,"event_name":"Dead Adventurer","floor":7,"gold_loss":0}],"is_beta":false,"boss_relics":[],"items_purged_floors":[],"is_endless":false,"potions_floor_spawned":[2,6,10,12,13],"killed_by":"Slime Boss","ascension_level":0}}