{"host":"acpsw8r33r8788yr","time":1608921864,"event":{"mods":["BaseMod","Better Altar","Better Skull","Better Third Choice","BetterRewards","Colored Map","Downfall","Hermit","Highlight Path","Hubris","Minty Spire (QoL Compilation)","Quick Restart","Replay The Spire","Robot Space Explorer","Shop Mod","StSLib","The Bug Knight","The Construct","The Cursed","The Disciple","The Jungle","The Runesmith","The Senshi"],"gold_per_floor":[116,132,132,75,85,85,110,128,128,128,53,53,128,128,128,224,224,239,239,239,252,23,23,58,58,58,85,104,114,133,58,58,58,58],"floor_reached":33,"playtime":1882,"items_purged":["Amnesia"],"score":408,"play_id":"99235a1e-4bed-47ac-8164-c8ad23e3fca1","local_time":"20201225104424","is_ascension_mode":false,"campfire_choices":[{"data":"HollowMod:NewJinnsSoul","floor":6,"key":"SMITH"},{"data":"HollowMod:SoulStrike","floor":10,"key":"SMITH"},{"data":"HollowMod:HuntersJournal","floor":12,"key":"SMITH"},{"data":"HollowMod:FocusHealStart","floor":15,"key":"SMITH"},{"data":"HollowMod:AwokenDreamNail","floor":23,"key":"SMITH"},{"floor":32,"key":"RECALL"}],"circlet_count":0,"master_deck":["HollowMod:NailStrikeStart","HollowMod:NailStrikeStart","HollowMod:NailStrikeStart","HollowMod:NailStrikeStart","HollowMod:QuickDashStart","HollowMod:QuickDashStart","HollowMod:QuickDashStart","HollowMod:FocusHealStart+1","HollowMod:PogoStrike","HollowMod:HowlingWraiths","HollowMod:SoulStrike+1","HollowMod:QuirrelsAssistance","HollowMod:NewJinnsSoul+1","HollowMod:HuntersJournal+1","HollowMod:BaldurShell","HollowMod:CloakDash","HollowMod:CloakDash","HollowMod:AwokenDreamNail+1","HollowMod:GoodIntentions","HollowMod:FallenFury+1","HollowMod:PureNailStrike+1","HollowMod:AwokenDreamNail","HollowMod:SiblingsSouls"],"relics":["HollowMod:VesselMask","ClockworkSouvenir","InkBottle","Anchor","hubris:ScarierMask","ReplayTheSpireMod:Ring of Collecting","Ring of Panic","Bag of Preparation","Replay:Towering Pillar of Hats","Ring of Fury","Shuriken","Du-Vu Doll"],"acts_visited":["Exordium","TheCity"],"potions_floor_usage":[7,21,24,33,33,33],"damage_taken":[{"damage":0,"enemies":"2 Louse","floor":1,"turns":4},{"damage":1,"enemies":"Cultist","floor":2,"turns":3},{"damage":0,"enemies":"Small Slimes","floor":5,"turns":4},{"damage":34,"enemies":"3 Sentries","floor":7,"turns":12},{"damage":9,"enemies":"Blue Slaver","floor":8,"turns":4},{"damage":56,"enemies":"HollowMod:FalseKnight","floor":16,"turns":14},{"damage":0,"enemies":"3 Byrds","floor":18,"turns":3},{"damage":17,"enemies":"Chosen","floor":21,"turns":10},{"damage":10,"enemies":"Book of Stabbing","floor":24,"turns":4},{"damage":0,"enemies":"Slavers","floor":27,"turns":2},{"damage":0,"enemies":"Snake Plant","floor":28,"turns":3},{"damage":0,"enemies":"Sentry and Sphere","floor":29,"turns":1},{"damage":0,"enemies":"Shelled Parasite and Fungi","floor":30,"turns":2},{"damage":72,"enemies":"Collector","floor":33,"turns":9}],"seed_played":"1600109651409171676","potions_obtained":[{"floor":5,"key":"Block Potion"},{"floor":16,"key":"FearPotion"},{"floor":18,"key":"Swift Potion"},{"floor":28,"key":"SteroidPotion"},{"floor":29,"key":"Energy Potion"},{"floor":30,"key":"Block Potion"}],"is_trial":false,"path_per_floor":["M","M","?","$","M","R","E","M","T","R","?","R","?","$","R","B",null,"M","?","?","M","$","R","E","$","T","E","M","M","M","?","R","B"],"character_chosen":"THE_BUGKNIGHT","items_purchased":["ClockworkSouvenir","HollowMod:BaldurShell","Bag of Preparation"],"campfire_rested":0,"item_purchase_floors":[0,4,22],"current_hp_per_floor":[72,75,75,75,75,75,51,52,52,52,57,57,46,46,46,2,80,80,80,80,63,63,63,63,63,63,63,69,69,69,69,69,0,0],"gold":58,"neow_bonus":"","is_daily":false,"chose_seed":false,"campfire_upgraded":5,"win_rate":0.0,"timestamp":1608921864,"path_taken":["M","M","?","?","M","R","E","M","T","R","?","R","?","$","R","BOSS","M","?","?","M","$","R","E","$","T","E","?","M","M","?","R","BOSS"],"items_purchased_type":["Relic","Card","Relic"],"build_version":"2020-12-22","purchased_purges":1,"victory":false,"max_hp_per_floor":[75,75,75,75,75,75,75,75,75,75,80,80,80,80,80,80,80,80,80,80,80,80,80,80,80,80,80,80,80,80,80,80,80,80],"card_choices":[{"not_picked":["HollowMod:RecoilStrike","HollowMod:LifebloodCocoon"],"picked":"HollowMod:QuirrelsAssistance","floor":1},{"not_picked":["HollowMod:CornifersMapStart","HollowMod:NewGlowingWomb"],"picked":"HollowMod:NewJinnsSoul","floor":2},{"not_picked":["HollowMod:CrystalDash","HollowMod:DesolateDive"],"picked":"HollowMod:SoulStrike","floor":5},{"not_picked":["HollowMod:CoiledNail","HollowMod:ChannelNail"],"picked":"HollowMod:CloakDash","floor":7},{"not_picked":["HollowMod:SharpenedNail","HollowMod:CrystalDash"],"picked":"HollowMod:CloakDash","floor":8},{"not_picked":["HollowMod:theNailsmith","HollowMod:ElderbugsWisdom"],"picked":"HollowMod:AwokenDreamNail","floor":16},{"not_picked":["HollowMod:BrokenVessel+1","HollowMod:SoulSplash"],"picked":"HollowMod:GoodIntentions","floor":18},{"not_picked":["HollowMod:ShapeofUnn","HollowMod:AbyssShriek","HollowMod:ShadowDash"],"picked":"SKIP","floor":21},{"not_picked":["HollowMod:NewGlowingWomb","HollowMod:SoulStrike"],"picked":"HollowMod:FallenFury+1","floor":24},{"not_picked":["HollowMod:HowlingWraiths","HollowMod:NewGlowingWomb+1","HollowMod:NewLittleFool+1"],"picked":"SKIP","floor":27},{"not_picked":["HollowMod:DescendingDark+1","HollowMod:NewJinnsSoul+1"],"picked":"HollowMod:PureNailStrike+1","floor":28},{"not_picked":["HollowMod:VengefulSpirit","HollowMod:FallenFury"],"picked":"HollowMod:AwokenDreamNail","floor":29},{"not_picked":["HollowMod:HowlingWraiths","HollowMod:CycloneSlash+1"],"picked":"HollowMod:SiblingsSouls","floor":30}],"player_experience":356459,"relics_obtained":[{"floor":7,"key":"InkBottle"},{"floor":9,"key":"Anchor"},{"floor":19,"key":"ReplayTheSpireMod:Ring of Collecting"},{"floor":19,"key":"Ring of Panic"},{"floor":24,"key":"Replay:Towering Pillar of Hats"},{"floor":26,"key":"Ring of Fury"},{"floor":26,"key":"Shuriken"},{"floor":27,"key":"Du-Vu Doll"}],"event_choices":[{"damage_healed":0,"gold_gain":0,"player_choice":"1 cards matched","damage_taken":0,"max_hp_gain":0,"max_hp_loss":0,"event_name":"Match and Keep!","floor":3,"gold_loss":0,"cards_obtained":["HollowMod:HuntersJournal"]},{"damage_healed":0,"gold_gain":75,"player_choice":"Gold","damage_taken":11,"max_hp_gain":0,"max_hp_loss":0,"event_name":"betterThird:BetterGoop","floor":13,"gold_loss":0},{"damage_healed":0,"gold_gain":0,"player_choice":"Ignored","damage_taken":0,"max_hp_gain":0,"max_hp_loss":0,"event_name":"NoteForYourself","floor":20,"gold_loss":0},{"cards_removed":["HollowMod:SoulStrike"],"damage_healed":0,"gold_gain":0,"player_choice":"Gave Gold","damage_taken":0,"max_hp_gain":0,"max_hp_loss":0,"event_name":"Beggar","floor":31,"gold_loss":75}],"is_beta":false,"boss_relics":[{"not_picked":["SacredBark","hubris:TerracottaHorce"],"picked":"hubris:ScarierMask"}],"items_purged_floors":[22],"is_endless":false,"potions_floor_spawned":[5,16,18,28,29,30],"killed_by":"Collector","ascension_level":0}}