{"host":"h5golg54dem4i27y","time":1608913055,"event":{"mods":["BaseMod","Colored Map","Colored Powertips","Minty Spire (QoL Compilation)","Replay The Spire","StSLib","SuperFastMode","The Hierophant"],"gold_per_floor":[109,166,91,110,110,110,125,125,193,208,208,221,221,256,256,256,256],"floor_reached":16,"playtime":448,"items_purged":["hierophant:Strike_Hierophant"],"score":110,"play_id":"74ee7571-cf1e-44ff-83e0-af703bd79f65","local_time":"20201226011735","is_ascension_mode":true,"campfire_choices":[{"data":"hierophant:ChurchCoffers","floor":6,"key":"SMITH"},{"data":"hierophant:Chorus","floor":11,"key":"SMITH"},{"data":"hierophant:Chorus","floor":13,"key":"SMITH"},{"floor":15,"key":"REST"}],"circlet_count":0,"master_deck":["hierophant:Strike_Hierophant","hierophant:Strike_Hierophant","hierophant:Defend_Hierophant","hierophant:Defend_Hierophant","hierophant:Defend_Hierophant","hierophant:Defend_Hierophant","hierophant:ChurchCoffers+1","hierophant:DisplayOfPower","hierophant:Chorus+1","hierophant:SealAway","hierophant:Sermon","hierophant:Chorus+1"],"relics":["hierophant:PropheticMaskRelic","Matryoshka","Question Card","Blood Vial","HornCleat","Replay:Rubber Ducky"],"acts_visited":["Exordium"],"potions_floor_usage":[14,14],"damage_taken":[{"damage":6.0,"enemies":"Cultist","floor":1.0,"turns":4.0},{"damage":4,"enemies":"Small Slimes","floor":4,"turns":4},{"damage":3,"enemies":"2 Louse","floor":7,"turns":3},{"damage":1,"enemies":"Looter","floor":10,"turns":3},{"damage":13,"enemies":"Red Slaver","floor":12,"turns":4},{"damage":20,"enemies":"3 Sentries","floor":14,"turns":10},{"damage":37,"enemies":"Slime Boss","floor":16,"turns":6}],"seed_played":"7717664070394517529","potions_obtained":[{"floor":10,"key":"EssenceOfSteel"},{"floor":12,"key":"Strength Potion"}],"is_trial":false,"path_per_floor":["M","?","$","M","?","R","M","?","T","M","R","M","R","E","R","B"],"character_chosen":"HIEROPHANT","items_purchased":[],"campfire_rested":1,"item_purchase_floors":[],"current_hp_per_floor":[69,51,51,47,44,44,41,41,41,42,42,31,31,13,35,0,0],"gold":256,"neow_bonus":"REMOVE_CARD","is_daily":false,"chose_seed":false,"campfire_upgraded":3,"win_rate":0.0,"timestamp":1608913055,"path_taken":["M","?","$","M","?","R","M","?","T","M","R","?","R","E","R","BOSS"],"items_purchased_type":[],"build_version":"2020-12-22","purchased_purges":1,"victory":false,"max_hp_per_floor":[75,75,75,75,75,75,75,75,75,75,75,75,75,75,75,75,75],"card_choices":[{"not_picked":["hierophant:RepressedViolence","hierophant:Community","hierophant:CoinFling"],"picked":"SKIP","floor":1.0},{"not_picked":["hierophant:FaithHealing","hierophant:AuricBeam"],"picked":"hierophant:DisplayOfPower","floor":2},{"not_picked":["hierophant:OrnateBuckler","hierophant:Encroach","hierophant:Remorse"],"picked":"SKIP","floor":4},{"not_picked":["hierophant:AuricBeam","hierophant:Anathema","hierophant:Remorse"],"picked":"hierophant:Chorus","floor":7},{"not_picked":["hierophant:HammerAndAnvil","hierophant:Shelter","hierophant:Mercenaries"],"picked":"hierophant:Sermon","floor":10},{"not_picked":["hierophant:FieryStrike","hierophant:Doomsaying","hierophant:DisplayOfPower"],"picked":"hierophant:Chorus","floor":12},{"not_picked":["hierophant:SealAway","hierophant:Patience","hierophant:Doubloon","hierophant:TollTheBells"],"picked":"SKIP","floor":14}],"player_experience":629392,"relics_obtained":[{"floor":2,"key":"Matryoshka"},{"floor":9,"key":"Blood Vial"},{"floor":9,"key":"HornCleat"},{"floor":14,"key":"Replay:Rubber Ducky"}],"event_choices":[{"damage_healed":0,"gold_gain":0,"player_choice":"Success","damage_taken":3,"relics_obtained":["Question Card"],"max_hp_gain":0,"max_hp_loss":0,"event_name":"Scrap Ooze","floor":5,"gold_loss":0},{"damage_healed":0,"gold_gain":0,"cards_transformed":["hierophant:Strike_Hierophant"],"player_choice":"Transformed","damage_taken":0,"max_hp_gain":0,"max_hp_loss":0,"event_name":"Transmorgrifier","floor":8,"gold_loss":0,"cards_obtained":["hierophant:SealAway"]}],"is_beta":false,"boss_relics":[],"items_purged_floors":[3],"is_endless":false,"potions_floor_spawned":[10,12],"killed_by":"Slime Boss","ascension_level":2}}