{"host":"uae2ry9d6rl7cq98","time":1608859557,"event":{"mods":["AchievementEnabler","BaseMod","BetterRewards","Colored Map","Custom Start","Hermit","Hubris","Infinite Spire","Minty Spire (QoL Compilation)","Replay The Spire","Shop Mod","StSLib","SuperFastMode","The Animator","The Hierophant","The Servant 0.9.4"],"gold_per_floor":[117,117,117,117,42,73,2,30,30,49,49,49,49,67,67,165,165,177,107,107,107,120,454,469,502,502,502,516,516,516,529,529,529,529],"floor_reached":33,"playtime":2277,"items_purged":["Regret"],"score":366,"play_id":"34fa6641-bc45-4019-9866-9405825d8b31","local_time":"20201224172557","is_ascension_mode":false,"campfire_choices":[{"floor":13,"key":"RECALL"},{"floor":15,"key":"REST"},{"data":"Scrape","floor":27,"key":"SMITH"},{"data":"Zap","floor":29,"key":"SMITH"},{"data":"BasicCrystalCard","floor":32,"key":"SMITH"}],"circlet_count":0,"master_deck":["Strike_B+1","Defend_B","Defend_B","Zap+1","Dualcast","Scrape+1","ReplayGash+1","Chaos+1","Conserve Battery","ReplayRNGCard","ReplayGash","Loop+1","ReplayTheSpireMod:GoodbyeWorld+1","Conserve Battery","Crystallizer+1","BasicCrystalCard+1","hermit:GhostlyPresence","FIFO Queue+1"],"relics":["Cracked Core","NeowsBlessing","Frozen Egg 2","hubris:Towel","Replay:Baseball","infinitespire:FocusingShard","Matryoshka","Ice Cream","Lantern","hubris:EvacipatedBox","Juzu Bracelet","Replay:Drink Me","Old Coin","infinitespire:ShieldingShard","Whetstone"],"acts_visited":["Exordium","TheCity"],"potions_floor_usage":[16,24,33,33,33],"damage_taken":[{"damage":0,"enemies":"Small Slimes","floor":1,"turns":1},{"damage":0,"enemies":"Lagavulin","floor":6,"turns":1},{"damage":0,"enemies":"Gremlin Nob","floor":8,"turns":1},{"damage":0,"enemies":"2 Louse","floor":10,"turns":2},{"damage":6,"enemies":"Jaw Worm","floor":14,"turns":2},{"damage":13,"enemies":"Slime Boss","floor":16,"turns":9},{"damage":0,"enemies":"3 Byrds","floor":18,"turns":8},{"damage":0,"enemies":"Shell Parasite","floor":22,"turns":5},{"damage":0,"enemies":"Nightmare","floor":23,"turns":6},{"damage":0,"enemies":"Snecko","floor":24,"turns":6},{"damage":1,"enemies":"Book of Stabbing","floor":25,"turns":5},{"damage":9,"enemies":"Centurion and Healer","floor":28,"turns":4},{"damage":0,"enemies":"Snake Plant","floor":31,"turns":4},{"damage":50,"enemies":"Collector","floor":33,"turns":5}],"seed_played":"9082786184540020649","potions_obtained":[{"floor":14,"key":"LifebloodPotion"},{"floor":18,"key":"Reflective Coating"},{"floor":23,"key":"Adrenaline Potion"},{"floor":25,"key":"Swift Potion"},{"floor":28,"key":"GamblersBrew"}],"is_trial":false,"path_per_floor":["M","?","?","?","$","E","$","E","T","M","?","$","R","M","R","B",null,"M","$","?","?","M","NM","M","E","T","R","M","R","?","M","R","B"],"character_chosen":"DEFECT","items_purchased":["Chaos","Ice Cream","Lantern","hubris:EvacipatedBox","Juzu Bracelet","Loop+1"],"campfire_rested":1,"item_purchase_floors":[7,12,12,12,12,19],"current_hp_per_floor":[75,75,75,75,75,75,75,75,75,75,75,15,15,9,31,18,57,57,57,57,57,57,57,57,56,56,56,47,47,47,47,47,0,0],"gold":529,"neow_bonus":"THREE_ENEMY_KILL","is_daily":false,"chose_seed":false,"campfire_upgraded":3,"win_rate":0.0,"timestamp":1608859557,"path_taken":["M","?","?","?","$","E","$","E","T","M","?","?","R","M","R","BOSS","M","?","?","?","M","NM","M","E","T","R","M","R","?","M","R","BOSS"],"items_purchased_type":["Card","Relic","Relic","Relic","Relic","Card"],"build_version":"2020-12-22","purchased_purges":1,"victory":false,"max_hp_per_floor":[75,75,75,75,75,75,75,75,75,75,75,75,75,75,75,75,57,57,57,57,57,57,57,57,57,57,57,57,57,57,57,57,57,57],"card_choices":[{"not_picked":["Heatsinks","Stack"],"picked":"Scrape","floor":1},{"not_picked":["Melter","Coolheaded"],"picked":"ReplayGash","floor":6},{"not_picked":["BasicCrystalCard","Go for the Eyes","Stack"],"picked":"SKIP","floor":8},{"not_picked":["Ball Lightning","Consume"],"picked":"Conserve Battery","floor":10},{"not_picked":["ReplayTheSpireMod:System Scan","Recycle","Rebound"],"picked":"SKIP","floor":14},{"not_picked":["hubris:DoWhile","Amplify"],"picked":"ReplayRNGCard","floor":16},{"not_picked":["Stack+1","Turbo+1"],"picked":"ReplayGash","floor":18},{"not_picked":["Cold Snap","Go for the Eyes","Coolheaded"],"picked":"SKIP","floor":22},{"not_picked":["Turbo","Double Energy"],"picked":"Conserve Battery","floor":23},{"not_picked":["Panic Button","ReplayTheSpireMod:System Scan","Barrage"],"picked":"SKIP","floor":24},{"not_picked":["Leap+1","Hologram+1"],"picked":"Crystallizer+1","floor":25},{"not_picked":["Genetic Algorithm","Force Field"],"picked":"BasicCrystalCard","floor":28},{"not_picked":["Scrape","Thunder Strike"],"picked":"FIFO Queue+1","floor":31}],"player_experience":241662,"relics_obtained":[{"floor":6,"key":"Replay:Baseball"},{"floor":8,"key":"infinitespire:FocusingShard"},{"floor":9,"key":"Matryoshka"},{"floor":23,"key":"Old Coin"},{"floor":25,"key":"infinitespire:ShieldingShard"},{"floor":26,"key":"Whetstone"}],"event_choices":[{"damage_healed":0,"gold_gain":0,"player_choice":"Box","damage_taken":0,"relics_obtained":["Frozen Egg 2"],"max_hp_gain":0,"max_hp_loss":0,"event_name":"Big Fish","floor":3,"gold_loss":0,"cards_obtained":["Regret"]},{"damage_healed":0,"gold_gain":0,"cards_transformed":["Defend_B"],"player_choice":"Transformed","damage_taken":0,"max_hp_gain":0,"max_hp_loss":0,"event_name":"Transmorgrifier","floor":20,"gold_loss":0,"cards_obtained":["ReplayTheSpireMod:GoodbyeWorld"]},{"damage_healed":0,"gold_gain":0,"player_choice":"Ignored","damage_taken":0,"max_hp_gain":0,"max_hp_loss":0,"event_name":"Ghosts","floor":21,"gold_loss":0},{"damage_healed":0,"gold_gain":0,"player_choice":"Read","damage_taken":0,"max_hp_gain":0,"max_hp_loss":0,"event_name":"The Library","floor":30,"gold_loss":0,"cards_obtained":["hermit:GhostlyPresence"]}],"is_beta":false,"boss_relics":[{"not_picked":["hubris:BlackHole","Runic Dome","infinitespire:Cupcake"],"picked":"Replay:Drink Me"}],"items_purged_floors":[5],"is_endless":true,"potions_floor_spawned":[14,18,23,25,28],"killed_by":"Collector","ascension_level":0}}