{"host":"wkq136ike0ligh15","time":1608927283,"event":{"mods":["Bard","BaseMod","Clockwork Mod","Minty Spire (QoL Compilation)","StSLib"],"gold_per_floor":[117,117,136,150,162,162,190,190,190,247,262,281,308,320,320,416,416,399,399,72,86,17,17,17,17,17,29,45,63,63,63,63,63,63],"floor_reached":33,"playtime":758,"items_purged":[],"score":359,"play_id":"6b63f795-6577-444e-8ae6-77e4d87cc91c","local_time":"20201225151443","is_ascension_mode":false,"campfire_choices":[{"floor":6.0,"key":"REST"},{"floor":8.0,"key":"REST"},{"floor":15.0,"key":"REST"},{"floor":23.0,"key":"RECALL"},{"floor":25.0,"key":"REST"},{"floor":32,"key":"REST"}],"circlet_count":0,"master_deck":["Strike_R+1","Strike_R+1","Strike_R+1","Strike_R+1","Strike_R+1","Defend_R+1","Defend_R+1","Defend_R+1","Defend_R+1","Bash","Shrug It Off","Heavy Blade","Flex","Flex","Clash","Clothesline","Immolate","Blood for Blood","Ghostly Armor","Double Tap","Twin Strike","Panacea","Bash","Disarm","Spot Weakness","Rupture","Whirlwind","Shockwave","Cleave"],"relics":["Mark of Pain","Torii","Eternal Feather","Gremlin Horn","Black Star","Lantern","HandDrill","TungstenRod"],"acts_visited":["Exordium","TheCity"],"potions_floor_usage":[31,33],"damage_taken":[{"damage":12.0,"enemies":"Small Slimes","floor":1.0,"turns":3.0},{"damage":0.0,"enemies":"2 Louse","floor":3.0,"turns":2.0},{"damage":6.0,"enemies":"Jaw Worm","floor":4.0,"turns":3.0},{"damage":9.0,"enemies":"Exordium Thugs","floor":5.0,"turns":4.0},{"damage":40.0,"enemies":"Lagavulin","floor":7.0,"turns":7.0},{"damage":17.0,"enemies":"Large Slime","floor":11.0,"turns":7.0},{"damage":9.0,"enemies":"2 Fungi Beasts","floor":12.0,"turns":3.0},{"damage":11.0,"enemies":"Gremlin Nob","floor":13.0,"turns":4.0},{"damage":0.0,"enemies":"3 Louse","floor":14.0,"turns":2.0},{"damage":12.0,"enemies":"Hexaghost","floor":16.0,"turns":10.0},{"damage":16.0,"enemies":"2 Thieves","floor":18.0,"turns":4.0},{"damage":2.0,"enemies":"3 Byrds","floor":21.0,"turns":5.0},{"damage":6.0,"enemies":"Cultist and Chosen","floor":27.0,"turns":5.0},{"damage":27.0,"enemies":"Centurion and Healer","floor":28.0,"turns":7.0},{"damage":39.0,"enemies":"Shelled Parasite and Fungi","floor":29.0,"turns":5.0},{"damage":7,"enemies":"Colosseum Slavers","floor":31,"turns":3},{"damage":46,"enemies":"Collector","floor":33,"turns":3}],"seed_played":"-5415809723079989513","potions_obtained":[{"floor":4.0,"key":"DistilledChaos"},{"floor":5.0,"key":"Fruit Juice"},{"floor":7.0,"key":"SteroidPotion"},{"floor":14.0,"key":"Dexterity Potion"},{"floor":21.0,"key":"PowerPotion"},{"floor":29.0,"key":"ColorlessPotion"}],"is_trial":false,"path_per_floor":["M","?","M","M","M","R","E","R","T","?","M","M","E","M","R","B",null,"M","?","$","M","$","R","$","R","T","M","M","M","?","?","R","B"],"character_chosen":"IRONCLAD","items_purchased":["Lantern","HandDrill","Disarm","Rupture"],"campfire_rested":5,"item_purchase_floors":[20,20,20,22],"current_hp_per_floor":[68,52,52,46,42,67,27,52,52,52,35,26,15,15,49,37,85,69,69,69,67,67,82,82,85,85,79,52,13,13,6,46,0,0],"gold":63,"neow_bonus":"BOSS_RELIC","is_daily":false,"chose_seed":false,"campfire_upgraded":0,"win_rate":0.0,"timestamp":1608927283,"path_taken":["M","?","M","M","M","R","E","R","T","?","M","M","E","M","R","BOSS","M","?","$","M","$","R","?","R","T","M","M","M","?","?","R","BOSS"],"items_purchased_type":["Relic","Relic","Card","Card"],"build_version":"2020-12-22","purchased_purges":0,"victory":false,"max_hp_per_floor":[80,80,80,80,85,85,85,85,85,85,85,85,85,85,85,85,85,85,85,85,85,85,85,85,85,85,85,85,85,85,85,85,85,85],"card_choices":[{"not_picked":["Twin Strike","Pummel"],"picked":"Shrug It Off","floor":1.0},{"not_picked":["Clothesline","Pommel Strike"],"picked":"Heavy Blade","floor":3.0},{"not_picked":["Dual Wield","Dropkick"],"picked":"Flex","floor":4.0},{"not_picked":["Havoc","Twin Strike"],"picked":"Flex","floor":5.0},{"not_picked":["Sever Soul","Seeing Red"],"picked":"Clash","floor":7.0},{"not_picked":["Armaments","Headbutt"],"picked":"Clothesline","floor":11.0},{"not_picked":["Thunderclap","Iron Wave"],"picked":"Immolate","floor":12.0},{"not_picked":["Dual Wield","Wild Strike"],"picked":"Blood for Blood","floor":13.0},{"not_picked":["Perfected Strike","Anger"],"picked":"Ghostly Armor","floor":14.0},{"not_picked":["Immolate","Brutality"],"picked":"Double Tap","floor":16.0},{"not_picked":["Havoc","Flame Barrier"],"picked":"Twin Strike","floor":18.0},{"not_picked":["Dark Embrace","Clash"],"picked":"Spot Weakness","floor":21.0},{"not_picked":["Shrug It Off","Twin Strike"],"picked":"Whirlwind","floor":27.0},{"not_picked":["Dropkick","Reckless Charge"],"picked":"Shockwave","floor":28.0},{"not_picked":["Thunderclap","Warcry"],"picked":"Cleave","floor":29.0}],"player_experience":245234,"relics_obtained":[{"floor":7.0,"key":"Torii"},{"floor":9.0,"key":"Eternal Feather"},{"floor":13.0,"key":"Gremlin Horn"},{"floor":26.0,"key":"TungstenRod"}],"event_choices":[{"damage_healed":0.0,"max_hp_gain":0.0,"max_hp_loss":0.0,"gold_gain":0.0,"event_name":"Shining Light","player_choice":"Entered Light","floor":2.0,"gold_loss":0.0,"damage_taken":16.0,"cards_upgraded":["Strike_R","Defend_R"]},{"damage_healed":0.0,"max_hp_gain":0.0,"max_hp_loss":0.0,"gold_gain":57.0,"event_name":"Golden Wing","player_choice":"Gained Gold","floor":10.0,"gold_loss":0.0,"damage_taken":0.0},{"damage_healed":0.0,"max_hp_gain":0.0,"max_hp_loss":0.0,"gold_gain":0.0,"event_name":"Match and Keep!","player_choice":"2 cards matched","floor":19.0,"gold_loss":0.0,"damage_taken":0.0,"cards_obtained":["Panacea","Bash"]},{"damage_healed":0.0,"max_hp_gain":0.0,"max_hp_loss":0.0,"gold_gain":0.0,"event_name":"Back to Basics","player_choice":"Simplicity","floor":30.0,"gold_loss":0.0,"damage_taken":0.0,"cards_upgraded":["Strike_R","Strike_R","Strike_R","Strike_R","Defend_R","Defend_R","Defend_R"]},{"damage_healed":0,"gold_gain":0,"player_choice":"Fight","damage_taken":0,"max_hp_gain":0,"max_hp_loss":0,"event_name":"Colosseum","floor":31,"gold_loss":0},{"damage_healed":0,"gold_gain":0,"player_choice":"Fled From Nobs","damage_taken":0,"max_hp_gain":0,"max_hp_loss":0,"event_name":"Colosseum","floor":31,"gold_loss":0}],"is_beta":false,"boss_relics":[{"not_picked":["Runic Cube","Runic Pyramid"],"picked":"Black Star"}],"items_purged_floors":[],"is_endless":false,"potions_floor_spawned":[4,5,7,14,21,29,31],"killed_by":"Collector","ascension_level":0}}