{"host":"2i0myh7fqij2ti1z","time":1608898684,"event":{"mods":["Aspiration","BaseMod","Better Third Choice","Colored Powertips","FoggyMod","Highlight Path","Minty Spire (QoL Compilation)","Permanent Neow","Quick Restart","Random Character Button","Random Character Mod","Relic Sorter","Replay The Spire","Shop Mod","Spicy Shops","StSLib","Transform Curses","Wandering Minibosses","vexMod"],"gold_per_floor":[99,19024,19024,19024,19035,19070,19070,19097,19097,19130,19130,19130,19156,19156,19156,19257,19923,19935,19965,19965,19965,18471,18500,18519,18551,18603,18632,17524,17549,16849,16879,16879,16987,16996,17015,15408,14142,14176,14176,14210,14210,14238,14264,14307,14307,14341,14341,14359,14359,14359],"floor_reached":51,"playtime":2640,"items_purged":["Strike_P","Strike_P","Strike_P","Core Surge","Regret"],"score":1259,"play_id":"047b9504-0b07-4f06-9eaf-e11999be7d25","local_time":"20201225201804","daily_mods":["Specialized","Blue Cards","DeadlyEvents"],"is_ascension_mode":true,"campfire_choices":[{"data":"Ragnarok","floor":7.0,"key":"SMITH"},{"data":"Ragnarok","floor":11.0,"key":"SMITH"},{"data":"Ragnarok","floor":15.0,"key":"SMITH"},{"floor":32.0,"key":"DIG"},{"data":"Loop","floor":47.0,"key":"SMITH"},{"data":"Well Laid Plans","floor":49.0,"key":"SMITH"}],"circlet_count":3,"master_deck":["Ragnarok+1","Ragnarok+1","Ragnarok+1","Ragnarok","Ragnarok+1","Well Laid Plans+1","Indignation","Loop+1","Fusion+1","Die Die Die+1","Fasting2+1","Apotheosis+1","Beam Cell+1","Buffer+1","AbeCurse","ReplayTheSpireMod:Brewmster+1","ReplayUltimateDefense+1","DevaForm+1"],"relics":["Ring of Chaos","Replay:M_StaffOfTheSnake","BargainBundle","Oddly Smooth Stone","aspiration:ArtOfWarUpgrade","FossilizedHelix","Strawberry","vexMod:Cooldron","aspiration:HiddenCompartment","aspiration:DSix","Bag of Preparation","aspiration:StickyExplosives_weak","Pen Nib","Dream Catcher","Mercury Hourglass","vexMod:RockOfEvil","Red Mask","Gremlin Food","CeramicFish","Frozen Egg 2","Ornamental Fan","Nunchaku","aspiration:FetidBarrel","CloakClasp","Pet Ghost","Garlic","ClockworkSouvenir","ReplayTheSpireMod:Lightbulb","Lantern","Circlet","Replay:Baseball","Blue Candle","Toy Ornithopter","Akabeko","Melange","Damaru","PreservedInsect","Abe\u0027s Treasure","Medical Kit","Singing Bowl","Shuriken","MealTicket","TheAbacus","Replay:Ringing Soul","Replay:PocketPolymizer","Happy Flower","vexMod:BarristanHead","Guide Book","vexMod:PaidLearning","vexMod:InvisibilityCloak","Mirror","aspiration:HummingbirdHeart","Bronze Scales","Yang","Onion Ring"],"acts_visited":["Exordium","TheCity","TheBeyond"],"potions_floor_usage":[50,50],"damage_taken":[{"damage":0.0,"enemies":"Jaw Worm","floor":5.0,"turns":2.0},{"damage":36.0,"enemies":"3 Sentries","floor":6.0,"turns":4.0},{"damage":0.0,"enemies":"Gremlin Nob","floor":8.0,"turns":3.0},{"damage":14.0,"enemies":"3 Sentries","floor":10.0,"turns":5.0},{"damage":0.0,"enemies":"Lagavulin","floor":13.0,"turns":2.0},{"damage":0.0,"enemies":"Fading Forest","floor":16.0,"turns":9.0},{"damage":0.0,"enemies":"Spheric Guardian","floor":18.0,"turns":1.0},{"damage":5.0,"enemies":"Masked Bandits","floor":19.0,"turns":2.0},{"damage":29.0,"enemies":"Slavers","floor":23.0,"turns":3.0},{"damage":0.0,"enemies":"3 Byrds","floor":24.0,"turns":2.0},{"damage":0.0,"enemies":"Book of Stabbing","floor":25.0,"turns":2.0},{"damage":4.0,"enemies":"Replay:Snechameleon","floor":27.0,"turns":4.0},{"damage":0.0,"enemies":"Sentry and Sphere","floor":29.0,"turns":3.0},{"damage":7.0,"enemies":"Slavers","floor":31.0,"turns":2.0},{"damage":5.0,"enemies":"Automaton","floor":33.0,"turns":3.0},{"damage":3.0,"enemies":"3 Shapes","floor":35.0,"turns":1.0},{"damage":0.0,"enemies":"R_Hoarder","floor":38.0,"turns":2.0},{"damage":0.0,"enemies":"Giant Head","floor":40.0,"turns":3.0},{"damage":0.0,"enemies":"Nemesis","floor":42.0,"turns":1.0},{"damage":0.0,"enemies":"R_Hoarder","floor":44.0,"turns":3.0},{"damage":0.0,"enemies":"Nemesis","floor":46.0,"turns":3.0},{"damage":0.0,"enemies":"Orb Walker","floor":48.0,"turns":3.0},{"damage":0,"enemies":"Replay:Hell Engine","floor":50,"turns":5}],"seed_played":"1422282524897167769","potions_obtained":[{"floor":10.0,"key":"EntropicBrew"},{"floor":16.0,"key":"EntropicBrew"},{"floor":18.0,"key":"EntropicBrew"},{"floor":25.0,"key":"EntropicBrew"},{"floor":27.0,"key":"EntropicBrew"}],"is_trial":true,"path_per_floor":["?","$","T","?","M","E","R","E","T","E","R","?","E","T","R","B",null,"M","?","?","T","$","E","M","E","T","E","$","M","$","E","R","B",null,"M","$","$","E","?","E","R","E","T","E","R","E","R","M","R","B",null],"character_chosen":"WATCHER","items_purchased":["BargainBundle","Oddly Smooth Stone","Art of War","FossilizedHelix","Strawberry","vexMod:Cooldron","Well Laid Plans","Frozen Egg 2","Ornamental Fan","Nunchaku","Fasting2+1","EntropicBrew","EntropicBrew","ClockworkSouvenir","ReplayTheSpireMod:Lightbulb","Lantern","Apotheosis","Replay:Baseball","EntropicBrew","Blue Candle","Toy Ornithopter","Akabeko","Melange","Medical Kit","Singing Bowl","Shuriken","MealTicket","TheAbacus","Replay:Ringing Soul","ReplayTheSpireMod:Brewmster+1","Replay:PocketPolymizer","Happy Flower","ReplayUltimateDefense+1","vexMod:BarristanHead","Guide Book","vexMod:PaidLearning","vexMod:InvisibilityCloak"],"campfire_rested":0,"item_purchase_floors":[2,2,2,2,2,2,2,22,22,22,22,22,22,28,28,28,28,28,28,30,30,30,30,36,36,36,36,36,36,36,37,37,37,37,37,37,37],"current_hp_per_floor":[72,79,79,79,79,43,43,43,43,29,29,29,29,29,29,29,40,40,35,35,35,35,6,6,6,6,62,62,62,62,55,55,50,100,97,100,106,108,104,116,116,118,118,121,121,123,123,125,125,125],"gold":14359,"neow_bonus":"","is_daily":false,"chose_seed":false,"campfire_upgraded":5,"win_rate":0.0,"timestamp":1608898684,"path_taken":["?","$","?","?","?","E","R","E","T","?","R","?","?","?","R","BOSS","M","?","?","?","$","E","?","?","T","?","?","?","$","E","R","BOSS","M","?","$","?","?","E","R","E","T","E","R","E","R","?","R","BOSS"],"items_purchased_type":["Relic","Relic","Relic","Relic","Relic","Relic","Card","Relic","Relic","Relic","Card","Potion","Potion","Relic","Relic","Relic","Card","Relic","Potion","Relic","Relic","Relic","Relic","Relic","Relic","Relic","Relic","Relic","Relic","Card","Relic","Relic","Card","Relic","Relic","Relic","Relic"],"build_version":"2020-12-22","purchased_purges":5,"victory":true,"max_hp_per_floor":[72,79,79,79,79,79,79,79,79,79,79,79,79,79,79,79,40,40,40,40,40,40,40,40,40,40,100,100,100,100,100,100,100,100,100,103,106,108,114,116,116,118,118,121,121,123,123,125,125,125],"card_choices":[{"not_picked":["Hologram","aspiration:Polymerization"],"picked":"Indignation","floor":5.0},{"not_picked":["Indignation","BasicCrystalCard"],"picked":"Flying Knee","floor":6.0},{"not_picked":["Protect","FlurryOfBlows"],"picked":"Loop","floor":8.0},{"not_picked":["FIFO Queue","Outmaneuver"],"picked":"Fusion","floor":10.0},{"not_picked":["Thunder Strike","Coolheaded","BasicCrystalCard"],"picked":"SKIP","floor":13.0},{"not_picked":["Rainbow","Omniscience"],"picked":"Core Surge","floor":16.0},{"not_picked":["ReplayTheSpireMod:GoodbyeWorld","EmptyFist","Consecrate"],"picked":"SKIP","floor":18.0},{"not_picked":["Hello World+1","Halt+1","Sweeping Beam+1"],"picked":"SKIP","floor":23.0},{"not_picked":["Conserve Battery+1","EmptyFist+1","Time Bomb+1"],"picked":"SKIP","floor":24.0},{"not_picked":["Go for the Eyes+1","Redo","SignatureMove"],"picked":"SKIP","floor":25.0},{"not_picked":["Coolheaded","Brilliance","Sweeping Beam"],"picked":"SKIP","floor":27.0},{"not_picked":["Streamline+1","Protect"],"picked":"Beam Cell+1","floor":29.0},{"not_picked":["Replay:BluntJabs+1","Sweeping Beam+1","EmptyBody"],"picked":"SKIP","floor":31.0},{"not_picked":["Judgement","Electrodynamics+1"],"picked":"Buffer+1","floor":33.0},{"not_picked":["Study+1","Streamline","ForeignInfluence"],"picked":"SKIP","floor":35.0},{"not_picked":["Genetic Algorithm+1","Streamline","Turbo+1"],"picked":"Singing Bowl","floor":38.0},{"not_picked":["Swift Strike","Crow Ritual+1","Blind"],"picked":"Singing Bowl","floor":39.0},{"not_picked":["Replay:Bootleg Shield Generator","Impatience","ReplayTheSpireMod:Necrogeddon"],"picked":"Singing Bowl","floor":39.0},{"not_picked":["Crow Ritual+1","ReplayTheSpireMod:Trickstab","Forethought"],"picked":"Singing Bowl","floor":39.0},{"not_picked":["BasicCrystalCard","Coolheaded+1","Time Bomb"],"picked":"Singing Bowl","floor":40.0},{"not_picked":["FlurryOfBlows","Rebound","Blizzard+1"],"picked":"Singing Bowl","floor":42.0},{"not_picked":["InnerPeace+1","Replay:Anticipation"],"picked":"DevaForm+1","floor":44.0},{"not_picked":["MentalFortress+1","Replay:Vibes","Barrage+1"],"picked":"Singing Bowl","floor":46.0},{"not_picked":["Rebound+1","BasicCrystalCard","Crystallizer+1"],"picked":"Singing Bowl","floor":48.0}],"player_experience":191385,"relics_obtained":[{"floor":3.0,"key":"aspiration:HiddenCompartment"},{"floor":6.0,"key":"aspiration:DSix"},{"floor":8.0,"key":"Bag of Preparation"},{"floor":9.0,"key":"aspiration:StickyExplosives_weak"},{"floor":10.0,"key":"Pen Nib"},{"floor":13.0,"key":"Dream Catcher"},{"floor":14.0,"key":"Mercury Hourglass"},{"floor":19.0,"key":"Red Mask"},{"floor":21.0,"key":"CeramicFish"},{"floor":23.0,"key":"aspiration:FetidBarrel"},{"floor":25.0,"key":"CloakClasp"},{"floor":26.0,"key":"Pet Ghost"},{"floor":27.0,"key":"Garlic"},{"floor":31.0,"key":"Damaru"},{"floor":32.0,"key":"PreservedInsect"},{"floor":38.0,"key":"Mirror"},{"floor":40.0,"key":"aspiration:HummingbirdHeart"},{"floor":42.0,"key":"Dead Branch"},{"floor":43.0,"key":"Bronze Scales"},{"floor":44.0,"key":"Yang"},{"floor":46.0,"key":"Onion Ring"}],"event_choices":[{"damage_healed":0.0,"max_hp_gain":0.0,"max_hp_loss":0.0,"gold_gain":0.0,"event_name":"Wheel of Change","player_choice":"Cursed","floor":4.0,"gold_loss":0.0,"damage_taken":0.0,"cards_obtained":["Decay"]},{"damage_healed":0.0,"max_hp_gain":0.0,"max_hp_loss":0.0,"gold_gain":0.0,"cards_transformed":["Decay"],"event_name":"Transmorgrifier","player_choice":"Transformed","floor":12.0,"gold_loss":0.0,"damage_taken":0.0,"cards_obtained":["Die Die Die"]},{"damage_healed":0.0,"max_hp_gain":0.0,"max_hp_loss":0.0,"gold_gain":0.0,"event_name":"Masked Bandits","player_choice":"Fought Bandits","floor":19.0,"gold_loss":0.0,"damage_taken":0.0},{"damage_healed":0.0,"max_hp_gain":0.0,"max_hp_loss":0.0,"gold_gain":0.0,"event_name":"The Mausoleum","player_choice":"Opened","floor":20.0,"gold_loss":0.0,"damage_taken":0.0,"relics_obtained":["Gremlin Food"]},{"damage_healed":0.0,"max_hp_gain":0.0,"max_hp_loss":0.0,"gold_gain":0.0,"event_name":"SensoryStone","player_choice":"Memory 3","floor":39.0,"gold_loss":0.0,"damage_taken":10.0}],"is_beta":false,"boss_relics":[{"not_picked":["Calling Bell","Coffee Dripper"],"picked":"vexMod:RockOfEvil"},{"not_picked":["Snecko Eye","aspiration:IroncladSkillbook"],"picked":"Abe\u0027s Treasure"}],"items_purged_floors":[2,22,22,36,37],"is_endless":false,"potions_floor_spawned":[10,16,18,25,27,31,42,44,48],"ascension_level":1}}