{"host":"6xsbn6ynqlzwllfm","time":1608922456,"event":{"mods":["2.2 Compatiblity","BaseMod","Bestiary","Colored Map","Colored Powertips","Curses Come First","Downfall","Highlight Path","Keyboard Shortcuts","Minty Spire (QoL Compilation)","Quick Restart","Relic Stats","Slay the Relics Exporter","StSLib","SuperFastMode"],"gold_per_floor":[111,36,48,48,59,86,86,105,405,438,438,438,438],"floor_reached":12,"playtime":271,"items_purged":["Strike_R"],"score":176,"play_id":"3c38f098-ede6-40d1-8a94-20a7a1d5dbe1","local_time":"20201225135416","is_ascension_mode":true,"campfire_choices":[{"data":"True Grit","floor":7,"key":"SMITH"},{"floor":11,"key":"REST"}],"circlet_count":0,"master_deck":["AscendersBane","Strike_R","Strike_R","Strike_R","Strike_R","Defend_R","Defend_R","Defend_R","Defend_R","Bash","Armaments+1","True Grit+1","Thunderclap","Feed"],"relics":["Burning Blood","NeowsBlessing","Ginger","Old Coin","Toxic Egg 2"],"acts_visited":["Exordium"],"potions_floor_usage":[10,10],"damage_taken":[{"damage":0,"enemies":"Cultist","floor":1,"turns":1},{"damage":0,"enemies":"Jaw Worm","floor":3,"turns":1},{"damage":0,"enemies":"2 Louse","floor":5,"turns":2},{"damage":53,"enemies":"Lagavulin","floor":6,"turns":12},{"damage":3,"enemies":"Blue Slaver","floor":8,"turns":6},{"damage":16,"enemies":"3 Sentries","floor":10,"turns":10},{"damage":62,"enemies":"Gremlin Nob","floor":12,"turns":4}],"seed_played":"4068526473131982067","potions_obtained":[{"floor":6,"key":"DistilledChaos"},{"floor":8,"key":"EssenceOfSteel"}],"is_trial":false,"path_per_floor":["M","$","M","?","M","E","R","M","T","E","R","E"],"character_chosen":"IRONCLAD","items_purchased":[],"campfire_rested":1,"item_purchase_floors":[],"current_hp_per_floor":[74,74,75,75,75,28,28,35,35,29,53,0,0],"gold":438,"neow_bonus":"THREE_ENEMY_KILL","is_daily":false,"chose_seed":false,"campfire_upgraded":1,"win_rate":0.0,"timestamp":1608922456,"path_taken":["M","$","M","?","M","E","R","M","T","E","R","E"],"items_purchased_type":[],"build_version":"2020-12-22","purchased_purges":1,"victory":false,"max_hp_per_floor":[75,75,75,75,75,75,75,79,79,83,83,83,83],"relic_stats":{"counters":[7,36],"Ginger":[4],"obtain_stats":[{"NeowsBlessing":0,"Ginger":6,"Toxic Egg 2":10,"Burning Blood":0,"Old Coin":9},{"NeowsBlessing":0,"Ginger":4,"Toxic Egg 2":6,"Burning Blood":0,"Old Coin":5},{"NeowsBlessing":0,"Ginger":16,"Toxic Egg 2":32,"Burning Blood":0,"Old Coin":22}],"Burning Blood":25},"card_choices":[{"not_picked":["Cleave","Anger"],"picked":"Armaments","floor":1},{"not_picked":["Twin Strike","Headbutt"],"picked":"True Grit","floor":3},{"not_picked":["Wild Strike","Searing Blow"],"picked":"Thunderclap","floor":5},{"not_picked":["Pummel","Perfected Strike"],"picked":"Feed","floor":6},{"not_picked":["True Grit","Clothesline","Combust"],"picked":"SKIP","floor":8}],"player_experience":1260522,"relics_obtained":[{"floor":6,"key":"Ginger"},{"floor":9,"key":"Old Coin"},{"floor":10,"key":"Toxic Egg 2"}],"event_choices":[{"damage_healed":0,"gold_gain":0,"player_choice":"Grow","damage_taken":0,"max_hp_gain":0,"max_hp_loss":0,"event_name":"Living Wall","floor":4,"gold_loss":0,"cards_upgraded":["Armaments"]}],"is_beta":false,"boss_relics":[],"items_purged_floors":[2],"is_endless":false,"potions_floor_spawned":[6,8],"killed_by":"Gremlin Nob","ascension_level":20}}