{"host":"8a3g9edf69u3epoz","time":1608937051,"event":{"mods":["BaseMod","Minty Spire (QoL Compilation)","MostiFishMod","Relic Stats","Remilia（蕾米莉亚）","StSLib","TestMod","UnlockEverythingMod","WarShipGirlsR/战舰少女R mod"],"gold_per_floor":[113,113,127,5,22,56,73,98,98,98,109,109,141,159,159,252,252,312,323,323,356,356,356,408,419,419,452,467,483,535,545,545,639,639,650,650,209,229,245,278,295,327,327,327,356,150,150,205,205,225,225,225,175,205,225],"floor_reached":56,"playtime":1705,"items_purged":["Strike_RM","Strike_RM","Strike_RM","Defend_RM"],"score":2427,"play_id":"39298672-0fe6-42ea-ac0f-cc967a3ce975","local_time":"20201226065731","is_ascension_mode":true,"campfire_choices":[{"data":"FavorOfDestiny","floor":10,"key":"SMITH"},{"data":"ScarletMeister","floor":12,"key":"SMITH"},{"data":"MastersStateliness","floor":15,"key":"SMITH"},{"data":"EquivalentExchange","floor":23,"key":"SMITH"},{"data":"FitfulNightmare","floor":32,"key":"SMITH"},{"floor":44,"key":"RECALL"},{"data":"BatForm","floor":47,"key":"SMITH"},{"data":"TricksterDevil","floor":49,"key":"SMITH"},{"data":"EternalNight","floor":52,"key":"SMITH"}],"circlet_count":0,"master_deck":["AscendersBane","Defend_RM","Defend_RM","Defend_RM","RedMoon","ScarletShoot","NightDance","MastersStateliness+1","DiffusionOfMisfortune","EternalNight+1","FavorOfDestiny+1","ScarletMeister+1","EquivalentExchange+1","Septette","DiffusionOfMisfortune+1","ScarletImprint+1","BloodyCatastrophe","FitfulNightmare+1","ForecastOfChange+1","MillenniumVampire+1","TricksterDevil+1","testmod-ComboMaster+1","BatForm+1","CeilingFear","ScarletMeister","HeartBreak+1"],"relics":["testmod-TestBox","ChiXiaoBlade","testmod-EqualTreatment","HereWithMe","SynthV:TestCard","Mercury Hourglass","Mummified Hand","testmod-ArcanaOfDestiny","Pen Nib","RhineSuit","DaveBox","ChiXiaoBlade","Molten Egg 2","AntiCross","Smiling Mask","Singing Bowl","testmod-Fanaticism","testmod-Register","Oddly Smooth Stone","Juzu Bracelet","testmod-InjuryResistance","Shuriken","Ornamental Fan","Anchor"],"acts_visited":["Exordium","TheCity","TheBeyond","TheEnding"],"potions_floor_usage":[6,16,16,18,33,41,45,48,50,54,55],"damage_taken":[{"damage":2,"enemies":"2 Louse","floor":1,"turns":2},{"damage":0,"enemies":"Cultist","floor":3,"turns":3},{"damage":1,"enemies":"Jaw Worm","floor":5,"turns":3},{"damage":12,"enemies":"Gremlin Nob","floor":6,"turns":3},{"damage":0,"enemies":"Gremlin Gang","floor":7,"turns":2},{"damage":0,"enemies":"3 Sentries","floor":8,"turns":2},{"damage":0,"enemies":"Exordium Wildlife","floor":11,"turns":1},{"damage":0,"enemies":"Gremlin Nob","floor":13,"turns":3},{"damage":0,"enemies":"Looter","floor":14,"turns":1},{"damage":0,"enemies":"The Guardian","floor":16,"turns":5},{"damage":10,"enemies":"Shell Parasite","floor":18,"turns":3},{"damage":0,"enemies":"3 Byrds","floor":19,"turns":2},{"damage":0,"enemies":"Snecko","floor":21,"turns":2},{"damage":4,"enemies":"Slavers","floor":24,"turns":4},{"damage":0,"enemies":"Cultist and Chosen","floor":25,"turns":3},{"damage":7,"enemies":"Gremlin Leader","floor":27,"turns":3},{"damage":5,"enemies":"3 Cultists","floor":28,"turns":3},{"damage":2,"enemies":"Shelled Parasite and Fungi","floor":29,"turns":2},{"damage":20,"enemies":"Book of Stabbing","floor":30,"turns":3},{"damage":6,"enemies":"Chosen and Byrds","floor":31,"turns":2},{"damage":5,"enemies":"Collector","floor":33,"turns":5},{"damage":0,"enemies":"3 Darklings","floor":35,"turns":2},{"damage":0,"enemies":"Orb Walker","floor":38,"turns":2},{"damage":4,"enemies":"Spire Growth","floor":39,"turns":2},{"damage":25,"enemies":"Giant Head","floor":40,"turns":2},{"damage":37,"enemies":"4 Shapes","floor":41,"turns":2},{"damage":0,"enemies":"Nemesis","floor":42,"turns":1},{"damage":5,"enemies":"Reptomancer","floor":45,"turns":2},{"damage":8,"enemies":"Giant Head","floor":48,"turns":3},{"damage":18,"enemies":"Donu and Deca","floor":50,"turns":2},{"damage":0,"enemies":"Shield and Spear","floor":54,"turns":2},{"damage":3,"enemies":"The Heart","floor":55,"turns":3}],"seed_played":"6435327283038344939","potions_obtained":[{"floor":2,"key":"SkillPotion"},{"floor":2,"key":"AttackPotion"},{"floor":7,"key":"EssenceOfSteel"},{"floor":18,"key":"BlessingOfTheForge"},{"floor":31,"key":"Regen Potion"},{"floor":35,"key":"Fire Potion"},{"floor":38,"key":"DestinyDice"},{"floor":41,"key":"Fruit Juice"},{"floor":54,"key":"Fruit Juice"}],"is_trial":false,"path_per_floor":["M","?","M","$","M","E","M","E","T","R","M","R","E","M","R","B",null,"M","M","?","M","?","R","E","M","T","E","M","M","E","M","R","B",null,"M","?","$","M","M","E","M","E","T","R","E","$","R","E","R","B",null,"R","$","E","B",null],"character_chosen":"REMILIA","items_purchased":["DiffusionOfMisfortune","testmod-Register","Oddly Smooth Stone","testmod-ComboMaster+1","HeartBreak+1"],"campfire_rested":0,"item_purchase_floors":[4,37,37,37,46],"current_hp_per_floor":[66,66,67,67,66,63,63,65,65,65,65,65,68,68,68,75,75,66,66,66,66,66,66,67,69,69,68,63,61,49,43,43,66,73,77,77,77,77,74,79,82,82,82,82,88,88,88,90,90,90,90,90,90,97,97],"gold":225,"neow_bonus":"BOSS_RELIC","is_daily":false,"chose_seed":false,"campfire_upgraded":8,"win_rate":0.0,"timestamp":1608937051,"path_taken":["M","?","M","?","?","E","M","E","T","R","M","R","E","M","R","BOSS","M","M","?","?","?","R","E","M","T","E","M","M","E","M","R","BOSS","M","?","$","?","M","E","M","E","T","R","E","$","R","E","R","BOSS","R","$","E","BOSS"],"items_purchased_type":["Card","Relic","Relic","Card","Card"],"build_version":"2020-12-22","purchased_purges":4,"victory":true,"max_hp_per_floor":[75,75,75,75,75,75,75,75,75,75,75,75,75,75,75,75,75,75,75,75,75,75,75,75,75,75,75,75,75,75,75,75,75,75,77,77,77,77,77,79,86,86,86,86,88,88,88,90,90,90,90,90,90,97,97],"relic_stats":{"Singing Bowl":12,"counters":[32,76],"Mummified Hand":[93],"Shuriken":[4],"Ornamental Fan":[12],"Pen Nib":[9],"Juzu Bracelet":0,"Smiling Mask":225,"obtain_stats":[{"testmod-TestBox":0,"DaveBox":0,"Singing Bowl":30,"testmod-Register":37,"testmod-EqualTreatment":0,"Oddly Smooth Stone":37,"RhineSuit":17,"Pen Nib":13,"Juzu Bracelet":40,"Smiling Mask":27,"ScarletHat":0,"Mercury Hourglass":6,"testmod-Fanaticism":34,"Anchor":54,"SynthV:TestCard":1,"testmod-InjuryResistance":42,"Mummified Hand":8,"Shuriken":45,"Ornamental Fan":48,"ChiXiaoBlade":0,"HereWithMe":0,"Molten Egg 2":24,"AntiCross":26,"testmod-ArcanaOfDestiny":9},{"testmod-TestBox":0,"DaveBox":0,"Singing Bowl":19,"testmod-Register":22,"testmod-EqualTreatment":0,"Oddly Smooth Stone":22,"RhineSuit":10,"Pen Nib":8,"Juzu Bracelet":25,"Smiling Mask":16,"ScarletHat":0,"Mercury Hourglass":4,"testmod-Fanaticism":21,"Anchor":31,"SynthV:TestCard":1,"testmod-InjuryResistance":27,"Mummified Hand":6,"Shuriken":28,"Ornamental Fan":29,"ChiXiaoBlade":0,"HereWithMe":0,"Molten Egg 2":14,"AntiCross":15,"testmod-ArcanaOfDestiny":6},{"testmod-TestBox":0,"DaveBox":0,"Singing Bowl":46,"testmod-Register":55,"testmod-EqualTreatment":0,"Oddly Smooth Stone":55,"RhineSuit":25,"Pen Nib":19,"Juzu Bracelet":61,"Smiling Mask":40,"ScarletHat":0,"Mercury Hourglass":11,"testmod-Fanaticism":53,"Anchor":73,"SynthV:TestCard":2,"testmod-InjuryResistance":64,"Mummified Hand":15,"Shuriken":66,"Ornamental Fan":69,"ChiXiaoBlade":0,"HereWithMe":0,"Molten Egg 2":35,"AntiCross":38,"testmod-ArcanaOfDestiny":15}],"Mercury Hourglass":[364]},"card_choices":[{"not_picked":["BloodHunter","ScarletDevilSign"],"picked":"NightDance","floor":1},{"not_picked":["VampireClaw","NightLord","ScarletDream","EndlessAdversity"],"picked":"MastersStateliness","floor":3},{"not_picked":["VampireSweep","NightDance","BlasphemousPunishment","Stigmanizer"],"picked":"EternalNight","floor":5},{"not_picked":["EternalNight","StarOfDavid","Maim","UnstableMagic","BlasphemousPunishment"],"picked":"SKIP","floor":6},{"not_picked":["EndlessAdversity","ScarletDevil","RedMagic","LeisurelyOfLord","MiserableFate"],"picked":"SKIP","floor":7},{"not_picked":["MastersStateliness","Stigmanizer","DiffusionOfMisfortune","RedRainbow"],"picked":"FavorOfDestiny","floor":8},{"not_picked":["CharismaGuard","BloodyTrap","ScarletImprint","Stigmanizer"],"picked":"ScarletMeister","floor":11},{"not_picked":["VampirishNight","UltimateOffering","Maim","EndlessAdversity","BloodHunter"],"picked":"SKIP","floor":13},{"not_picked":["CharismaGuard","StarOfDavid","BloodyTrap","AfternoonTea","ForbiddenFruit"],"picked":"SKIP","floor":14},{"not_picked":["KillingBlow","HellCatastrophe","ScarletMeister","ForecastOfChange"],"picked":"EquivalentExchange","floor":16},{"not_picked":["Stigmanizer","FavorOfDestiny","ChainGang","GlobalNightmare"],"picked":"Septette","floor":18},{"not_picked":["BloodyTrap","Maim","ScarletDream","EndlessAdversity","RedRainbow"],"picked":"SKIP","floor":19},{"not_picked":["BlasphemousPunishment","Maim","FavorOfDestiny","VampireKiss"],"picked":"DiffusionOfMisfortune+1","floor":21},{"not_picked":["FavorOfDestiny","CharismaGuard","UnderTheZenith","UltimateOffering+1","RedMagic"],"picked":"SKIP","floor":24},{"not_picked":["EternalNight","SuperhumanBloodyKnife+1","RedRainbow+1","VampirishNight"],"picked":"ScarletImprint+1","floor":25},{"not_picked":["NightDance+1","BadLadyScramble+1","VampireKiss+1","BombardNight+1"],"picked":"BloodyCatastrophe","floor":27},{"not_picked":["ScarletDevil+1","BloodyTrap","StarOfDavid+1","ScarletNetherworld+1","RedNightlessCastle+1"],"picked":"SKIP","floor":28},{"not_picked":["CharismaGuard+1","Stigmanizer+1","UnstableMagic+1","BlasphemousPunishment"],"picked":"FitfulNightmare","floor":29},{"not_picked":["VampireKiss+1","RedRainbow+1","StarOfDavid+1","BloodHunter"],"picked":"ForecastOfChange+1","floor":30},{"not_picked":["ScarletNetherworld","SuperhumanBloodyKnife+1","BombardNight+1","RedRainbow+1"],"picked":"MillenniumVampire+1","floor":31},{"not_picked":["HellCatastrophe+1","KillingBlow+1","TransientEternity","BloodyHallows"],"picked":"TricksterDevil","floor":33},{"not_picked":["VampireKiss+1","AfternoonTea","FitfulNightmare","CharismaGuard+1","MastersStateliness"],"picked":"Singing Bowl","floor":35},{"not_picked":["BloodHunter","Stigmanizer+1","ScarletDream","VampireKiss+1"],"picked":"BatForm","floor":38},{"not_picked":["EndlessAdversity+1","DiffusionOfMisfortune+1","NightDance+1","HunterOfTheNight+1"],"picked":"CeilingFear","floor":39},{"not_picked":["VampireKiss+1","BlasphemousPunishment","NightDance+1","UnstableMagic","UltimateOffering+1"],"picked":"Singing Bowl","floor":40},{"not_picked":["BloodyTrap+1","FavorOfDestiny","VampireSweep+1","ScarletImprint+1","VampirishNight"],"picked":"Singing Bowl","floor":41},{"not_picked":["ScarletGensokyo","ScarletDevilSign+1","CharismaGuard","StarOfDavid+1"],"picked":"ScarletMeister","floor":42},{"not_picked":["StarOfDavid+1","BadLadyScramble","CharismaGuard","RedRainbow+1","FavorOfDestiny"],"picked":"Singing Bowl","floor":45},{"not_picked":["Ultimatum+1","VampirishNight","RedRainbow+1","SuperhumanBloodyKnife+1","ScarletDream"],"picked":"Singing Bowl","floor":48},{"not_picked":["DevilSight+1","VampireClaw+1","ScarletImprint+1","DiffusionOfMisfortune+1","Maim"],"picked":"Singing Bowl","floor":54}],"player_experience":88657,"relics_obtained":[{"floor":1,"key":"SynthV:TestCard"},{"floor":6,"key":"Mercury Hourglass"},{"floor":8,"key":"Mummified Hand"},{"floor":9,"key":"testmod-ArcanaOfDestiny"},{"floor":13,"key":"Pen Nib"},{"floor":24,"key":"Molten Egg 2"},{"floor":26,"key":"AntiCross"},{"floor":27,"key":"Smiling Mask"},{"floor":30,"key":"Singing Bowl"},{"floor":40,"key":"Juzu Bracelet"},{"floor":42,"key":"testmod-InjuryResistance"},{"floor":45,"key":"Shuriken"},{"floor":48,"key":"Ornamental Fan"},{"floor":54,"key":"Anchor"}],"event_choices":[{"damage_healed":0,"gold_gain":0,"player_choice":"Got Potions","damage_taken":0,"max_hp_gain":0,"max_hp_loss":0,"event_name":"Lab","floor":2,"gold_loss":0},{"cards_removed":["Strike_RM"],"damage_healed":0,"gold_gain":0,"player_choice":"Offered Basic","damage_taken":0,"max_hp_gain":0,"max_hp_loss":0,"event_name":"Bonfire Elementals","floor":20,"gold_loss":0},{"damage_healed":0,"gold_gain":0,"player_choice":"Swap Relic","damage_taken":0,"relics_obtained":["DaveBox"],"max_hp_gain":0,"max_hp_loss":0,"event_name":"给自己的盒子","floor":22,"relics_lost":["DaveBox"],"gold_loss":0},{"damage_healed":0,"gold_gain":0,"player_choice":"Ignored","damage_taken":0,"max_hp_gain":0,"max_hp_loss":0,"event_name":"SecretPortal","floor":36,"gold_loss":0}],"is_beta":false,"boss_relics":[{"not_picked":["testmod-TimeTraveler","RhineCircuit"],"picked":"RhineSuit"},{"not_picked":["SacredBark","Fusion Hammer"],"picked":"testmod-Fanaticism"}],"items_purged_floors":[4,37,46,53],"is_endless":false,"potions_floor_spawned":[3,5,7,8,13,18,25,27,28,29,31,35,38,41,48,54],"ascension_level":13}}