{"host":"utqe55yv0jihe4d6","time":1608913160,"event":{"mods":["2.2 Compatiblity","AchievementEnabler","BaseMod","Block Reminder","Colored Map","Colored Powertips","Minty Spire (QoL Compilation)","Quick Restart","Rare Cards Sparkle","Relic Stats","SuperFastMode"],"gold_per_floor":[113,113,263,15,15,50,50,63,109,109,162,195,212,239,239,318,318,330,330,330,341,44,72,72,85,133,164,180,205,205,222,222,296,296,310,11,11,28,38,38,38],"floor_reached":40,"playtime":1465,"items_purged":["Doubt","Strike_R","Strike_R"],"score":1124,"play_id":"b714f757-250c-4446-9d84-583f258e188b","local_time":"20201225111920","is_ascension_mode":true,"campfire_choices":[{"data":"Carnage","floor":10.0,"key":"SMITH"},{"data":"True Grit","floor":15.0,"key":"SMITH"},{"data":"Immolate","floor":24.0,"key":"SMITH"},{"data":"Uppercut","floor":30.0,"key":"SMITH"},{"data":"Spot Weakness","floor":32.0,"key":"SMITH"}],"circlet_count":0,"master_deck":["AscendersBane","Strike_R","Strike_R","Defend_R","Defend_R","Defend_R","Defend_R","Bash","Armaments","Feed","Iron Wave","Carnage+1","Headbutt","Offering","True Grit+1","Immolate+1","Spot Weakness+1","Dual Wield","Evolve","Uppercut+1","Disarm","True Grit","Corruption","Dark Embrace","Shockwave","Disarm","Juggernaut","Disarm"],"relics":["Burning Blood","NeowsBlessing","Orichalcum","Darkstone Periapt","Smiling Mask","Bag of Marbles","Oddly Smooth Stone","Gambling Chip","Velvet Choker","MutagenicStrength","Akabeko","InkBottle","Anchor","Ginger","Omamori","Cursed Key","Orrery"],"acts_visited":["Exordium","TheCity","TheBeyond"],"potions_floor_usage":[39,40],"damage_taken":[{"damage":0.0,"enemies":"Jaw Worm","floor":1.0,"turns":1.0},{"damage":0.0,"enemies":"3 Sentries","floor":6.0,"turns":3.0},{"damage":0.0,"enemies":"2 Louse","floor":8.0,"turns":2.0},{"damage":11.0,"enemies":"Gremlin Nob","floor":12.0,"turns":4.0},{"damage":0.0,"enemies":"Cultist","floor":13.0,"turns":1.0},{"damage":14.0,"enemies":"3 Sentries","floor":14.0,"turns":6.0},{"damage":62.0,"enemies":"Slime Boss","floor":16.0,"turns":7.0},{"damage":8.0,"enemies":"3 Byrds","floor":18.0,"turns":4.0},{"damage":0.0,"enemies":"Chosen","floor":21.0,"turns":3.0},{"damage":20.0,"enemies":"Slavers","floor":23.0,"turns":9.0},{"damage":7.0,"enemies":"Centurion and Healer","floor":25.0,"turns":5.0},{"damage":6.0,"enemies":"Gremlin Leader","floor":27.0,"turns":3.0},{"damage":6.0,"enemies":"Snecko","floor":28.0,"turns":2.0},{"damage":0.0,"enemies":"Slavers","floor":29.0,"turns":3.0},{"damage":10.0,"enemies":"Snake Plant","floor":31.0,"turns":2.0},{"damage":89.0,"enemies":"Champ","floor":33.0,"turns":16.0},{"damage":9.0,"enemies":"3 Darklings","floor":35.0,"turns":5.0},{"damage":0.0,"enemies":"3 Shapes","floor":38.0,"turns":5.0},{"damage":28,"enemies":"Spire Growth","floor":39,"turns":5},{"damage":88,"enemies":"Reptomancer","floor":40,"turns":4}],"seed_played":"2229535364553967493","potions_obtained":[{"floor":6.0,"key":"Block Potion"},{"floor":12.0,"key":"EntropicBrew"},{"floor":13.0,"key":"GamblersBrew"},{"floor":28.0,"key":"BloodPotion"},{"floor":29.0,"key":"DuplicationPotion"},{"floor":35.0,"key":"ColorlessPotion"}],"is_trial":false,"path_per_floor":["M","?","?","$","?","E","$","M","T","R","T","E","M","E","R","B",null,"M","?","?","M","$","E","R","M","T","E","M","E","R","M","R","B",null,"M","$","?","M","M","E"],"character_chosen":"IRONCLAD","items_purchased":["Feed","Akabeko","Evolve","Dark Embrace","Orrery"],"campfire_rested":0,"item_purchase_floors":[4,22,22,36,36],"current_hp_per_floor":[74,69,69,69,62,71,71,81,81,81,81,76,82,77,77,25,73,74,74,74,80,80,69,69,71,71,74,78,108,108,108,108,29,94,91,91,91,100,82,0,0],"gold":38,"neow_bonus":"THREE_ENEMY_KILL","is_daily":false,"chose_seed":false,"campfire_upgraded":5,"win_rate":0.0,"timestamp":1608913160,"path_taken":["M","?","?","$","?","E","?","M","T","R","?","E","?","E","R","BOSS","M","?","?","M","$","E","R","M","T","E","M","E","R","M","R","BOSS","M","$","?","M","M","E"],"items_purchased_type":["Card","Relic","Card","Card","Relic"],"build_version":"2020-12-22","purchased_purges":3,"victory":false,"max_hp_per_floor":[75,75,75,75,75,78,78,82,82,82,82,82,82,85,85,89,89,92,92,92,92,92,95,95,98,98,101,105,108,108,112,112,116,116,116,116,110,113,117,117,117],"relic_stats":{"Darkstone Periapt":0,"counters":[20,90],"Gambling Chip":[41],"Ginger":[7],"Orichalcum":[102],"Smiling Mask":125,"Cursed Key":0,"obtain_stats":[{"Darkstone Periapt":6,"NeowsBlessing":0,"Oddly Smooth Stone":12,"Velvet Choker":17,"Omamori":29,"Ginger":27,"Orichalcum":2,"Smiling Mask":9,"Cursed Key":34,"Burning Blood":0,"Akabeko":22,"Anchor":26,"Gambling Chip":14,"MutagenicStrength":19,"Orrery":36,"Bag of Marbles":11,"InkBottle":23},{"Darkstone Periapt":2,"NeowsBlessing":0,"Oddly Smooth Stone":4,"Velvet Choker":7,"Omamori":14,"Ginger":12,"Orichalcum":1,"Smiling Mask":3,"Cursed Key":16,"Burning Blood":0,"Akabeko":9,"Anchor":11,"Gambling Chip":6,"MutagenicStrength":8,"Orrery":17,"Bag of Marbles":3,"InkBottle":10},{"Darkstone Periapt":4,"NeowsBlessing":0,"Oddly Smooth Stone":10,"Velvet Choker":24,"Omamori":53,"Ginger":48,"Orichalcum":1,"Smiling Mask":6,"Cursed Key":71,"Burning Blood":0,"Akabeko":31,"Anchor":45,"Gambling Chip":17,"MutagenicStrength":28,"Orrery":76,"Bag of Marbles":6,"InkBottle":40}],"Burning Blood":114,"InkBottle":[16]},"card_choices":[{"not_picked":["Flex","Second Wind"],"picked":"Armaments","floor":1.0},{"not_picked":["Flex","Shrug It Off"],"picked":"Iron Wave","floor":6.0},{"not_picked":["Body Slam","Twin Strike"],"picked":"Carnage","floor":8.0},{"not_picked":["Perfected Strike","Reckless Charge"],"picked":"Headbutt","floor":12.0},{"not_picked":["Thunderclap","Warcry"],"picked":"Offering","floor":13.0},{"not_picked":["Iron Wave","Dropkick"],"picked":"True Grit","floor":14.0},{"not_picked":["Feed","Fiend Fire"],"picked":"Immolate","floor":16.0},{"not_picked":["Combust","Seeing Red"],"picked":"Spot Weakness","floor":18.0},{"not_picked":["Ghostly Armor","Intimidate","Clash"],"picked":"SKIP","floor":21.0},{"not_picked":["Offering","Warcry+1"],"picked":"Uppercut","floor":23.0},{"not_picked":["Flex","Havoc"],"picked":"Disarm","floor":25.0},{"not_picked":["Berserk","Body Slam"],"picked":"True Grit","floor":27.0},{"not_picked":["Clothesline","Havoc","Warcry"],"picked":"SKIP","floor":28.0},{"not_picked":["Iron Wave","Heavy Blade","Havoc"],"picked":"SKIP","floor":29.0},{"not_picked":["Thunderclap+1","Twin Strike","True Grit"],"picked":"SKIP","floor":31.0},{"not_picked":["Bludgeon","Feed"],"picked":"Corruption","floor":33.0},{"not_picked":["Clash","Uppercut+1","Cleave"],"picked":"SKIP","floor":35.0},{"not_picked":["Disarm","Fire Breathing+1"],"picked":"Shockwave","floor":36.0},{"not_picked":["Warcry+1","Sword Boomerang"],"picked":"Disarm","floor":36.0},{"not_picked":["Armaments+1","Rupture+1"],"picked":"Juggernaut","floor":36.0},{"not_picked":["Infernal Blade","Wild Strike"],"picked":"Disarm","floor":38.0},{"not_picked":["Clash","Rupture+1","Blood for Blood+1"],"picked":"SKIP","floor":39}],"player_experience":2857730,"relics_obtained":[{"floor":6.0,"key":"Darkstone Periapt"},{"floor":9.0,"key":"Smiling Mask"},{"floor":11.0,"key":"Bag of Marbles"},{"floor":12.0,"key":"Oddly Smooth Stone"},{"floor":14.0,"key":"Gambling Chip"},{"floor":23.0,"key":"InkBottle"},{"floor":26.0,"key":"Anchor"},{"floor":27.0,"key":"Ginger"},{"floor":29.0,"key":"Omamori"}],"event_choices":[{"damage_healed":0.0,"max_hp_gain":0.0,"max_hp_loss":0.0,"gold_gain":0.0,"event_name":"Scrap Ooze","player_choice":"Success","floor":2.0,"gold_loss":0.0,"damage_taken":5.0,"relics_obtained":["Orichalcum"]},{"damage_healed":0.0,"max_hp_gain":0.0,"max_hp_loss":0.0,"gold_gain":150.0,"event_name":"Liars Game","player_choice":"AGREE","floor":3.0,"gold_loss":0.0,"damage_taken":0.0,"cards_obtained":["Doubt"]},{"cards_removed":["Strike_R"],"damage_healed":0.0,"max_hp_gain":0.0,"max_hp_loss":0.0,"gold_gain":0.0,"event_name":"Golden Wing","player_choice":"Card Removal","floor":5.0,"gold_loss":0.0,"damage_taken":7.0},{"damage_healed":0.0,"max_hp_gain":0.0,"max_hp_loss":0.0,"gold_gain":0.0,"event_name":"Drug Dealer","player_choice":"Inject Mutagens","floor":19.0,"gold_loss":0.0,"damage_taken":0.0,"relics_obtained":["MutagenicStrength"]},{"damage_healed":0.0,"max_hp_gain":0.0,"max_hp_loss":0.0,"gold_gain":0.0,"event_name":"The Library","player_choice":"Read","floor":20.0,"gold_loss":0.0,"damage_taken":0.0,"cards_obtained":["Dual Wield"]},{"damage_healed":0.0,"max_hp_gain":0.0,"max_hp_loss":6.0,"gold_gain":0.0,"event_name":"Winding Halls","player_choice":"Max HP","floor":37.0,"gold_loss":0.0,"damage_taken":0.0}],"is_beta":false,"boss_relics":[{"not_picked":["Snecko Eye","Black Star"],"picked":"Velvet Choker"},{"not_picked":["Black Blood","Runic Cube"],"picked":"Cursed Key"}],"items_purged_floors":[4,22,36],"is_endless":false,"potions_floor_spawned":[6,12,13,14,21,23,28,29,35],"killed_by":"Reptomancer","ascension_level":20}}