{"host":"uud874cul3w3k2ia","time":1608875345,"event":{"mods":["BaseMod","Block Reminder","Colored Map","Colored Powertips","Highlight Path","Infinite Spire","Minty Spire (QoL Compilation)","Permanent Neow","Quick Restart","Replay The Spire","StSLib"],"gold_per_floor":[111,125,85,96,115,115,143,154,154,168,168,18,18,18],"floor_reached":13,"playtime":575,"items_purged":[],"score":87,"play_id":"f4d530c3-4d7a-4a8a-a70a-85d7a025af50","local_time":"20201225004905","is_ascension_mode":false,"campfire_choices":[{"floor":6.0,"key":"RECALL"},{"floor":11.0,"key":"REST"}],"circlet_count":0,"master_deck":["Strike_R","Strike_R+1","Strike_R","Strike_R","Strike_R","Defend_R","Defend_R","Defend_R","Defend_R","Bash","Regret","Sword Boomerang","Replay:Undeath\u0027s Touch","Pummel","Replay:Many Hands","Heavy Blade","Limit Break"],"relics":["Burning Blood","CaptainsWheel","Gremlin Food","Membership Card"],"acts_visited":["Exordium"],"potions_floor_usage":[13,13],"damage_taken":[{"damage":7.0,"enemies":"Jaw Worm","floor":1.0,"turns":5.0},{"damage":4.0,"enemies":"infinitespire:Voidling","floor":2.0,"turns":3.0},{"damage":1.0,"enemies":"Small Slimes","floor":4.0,"turns":4.0},{"damage":15.0,"enemies":"Looter","floor":5.0,"turns":3.0},{"damage":51.0,"enemies":"Lagavulin","floor":7.0,"turns":7.0},{"damage":17.0,"enemies":"3 Louse","floor":8.0,"turns":3.0},{"damage":12.0,"enemies":"Blue Slaver","floor":10.0,"turns":2.0},{"damage":34,"enemies":"3 Sentries","floor":13,"turns":5}],"seed_played":"-6084571373280938335","potions_obtained":[{"floor":2.0,"key":"Weak Potion"},{"floor":3.0,"key":"Venom Potion"},{"floor":3.0,"key":"Venom Potion"},{"floor":7.0,"key":"Ancient Potion"},{"floor":10.0,"key":"Weak Potion"}],"is_trial":false,"path_per_floor":["M","M","?","M","M","R","E","M","T","M","R","$","E"],"character_chosen":"IRONCLAD","items_purchased":["Membership Card"],"campfire_rested":1,"item_purchase_floors":[12],"current_hp_per_floor":[79,80,80,80,71,71,26,15,15,9,33,33,0,0],"gold":18,"neow_bonus":"RANDOM_EVENT","is_daily":false,"chose_seed":false,"campfire_upgraded":0,"win_rate":0.0,"timestamp":1608875345,"path_taken":["M","M","?","?","M","R","E","M","T","M","R","$","E"],"items_purchased_type":["Relic"],"build_version":"2020-12-22","purchased_purges":0,"victory":false,"max_hp_per_floor":[80,80,80,80,80,80,80,80,80,80,80,80,80,80],"card_choices":[{"not_picked":["Iron Wave","Dropkick"],"picked":"Sword Boomerang","floor":1.0},{"not_picked":["Run Through","Carnage"],"picked":"Replay:Undeath\u0027s Touch","floor":2.0},{"not_picked":["Flex","Pommel Strike"],"picked":"Pummel","floor":4.0},{"not_picked":["Heavy Blade","Pommel Strike"],"picked":"Replay:Many Hands","floor":5.0},{"not_picked":["Feel No Pain","Armaments","Anger"],"picked":"SKIP","floor":7.0},{"not_picked":["Body Slam","Iron Wave"],"picked":"Heavy Blade","floor":8.0},{"not_picked":["Replay:Undeath\u0027s Touch","Perfected Strike"],"picked":"Limit Break","floor":10.0}],"player_experience":67991,"relics_obtained":[{"floor":7.0,"key":"Gremlin Food"}],"event_choices":[{"damage_healed":0.0,"max_hp_gain":0.0,"max_hp_loss":0.0,"gold_gain":0.0,"event_name":"Big Fish","player_choice":"Box","floor":0.0,"gold_loss":0.0,"damage_taken":0.0,"relics_obtained":["CaptainsWheel"],"cards_obtained":["Regret"]},{"damage_healed":0.0,"max_hp_gain":0.0,"max_hp_loss":0.0,"gold_gain":0.0,"event_name":"The Woman in Blue","player_choice":"Bought 3 Potions","floor":3.0,"gold_loss":0.0,"damage_taken":0.0}],"is_beta":false,"boss_relics":[],"items_purged_floors":[],"is_endless":false,"potions_floor_spawned":[2,7,10],"killed_by":"3 Sentries","ascension_level":0}}