{"host":"ds1yr10zonoc6w4a","time":1608938390,"event":{"mods":["2.2 Compatiblity","AchievementEnabler","Act Like it!","BaseMod","Downfall","Elementarium","Gensokyo","Infinite Spire","Jorbs\u0027s Wanderer Trilogy","Koishi","Menagerie","Minty Spire (QoL Compilation)","Pale of the Ancients","StSLib","The Animator","Wandering Minibosses","vexMod","??????REMEMod"],"gold_per_floor":[114,145,163,163,177,234,249,249,249,249,249,261,292,303,303,405,405,422,422,422],"floor_reached":19,"playtime":3458,"items_purged":[],"score":288,"play_id":"0915d455-755d-4cdc-b391-35f7c15be2c6","local_time":"20201225161950","is_ascension_mode":true,"campfire_choices":[{"data":"infinitespire:Starlight","floor":8,"key":"SMITH"},{"data":"animator:DolaSchwi","floor":10,"key":"SMITH"},{"data":"animator:DolaSchwi","floor":15,"key":"SMITH"}],"circlet_count":0,"master_deck":["AscendersBane","animator:Strike_NoGameNoLife","animator:Defend_NoGameNoLife","animator:Strike","animator:Defend","animator:Defend","animator:Defend","animator:DolaSchwi+1","animator:DolaCouronne","animator:HigakiRinne","animator:Fredrika","animator:Jibril","animator:IrohaTamaki","infinitespire:Starlight+1","animator:DolaRiku","animator:Vanir","animator:Megumin+4","animator:Tyuule","animator:Entoma","animator:ChlammyZell","animator:DolaSchwi+1","animator:Rimuru","animator:DolaCouronne"],"relics":["animator:LivingPicture","animator:TheMissingPiece","REME_ComplimentaryCards","animator:PurgingStone","Paper Frog","animator:HolyGrailRelic"],"acts_visited":["Menagerie:Menagerie","Elementarium:Elementarium"],"potions_floor_usage":[6,7,13,16,16],"damage_taken":[{"damage":0.0,"enemies":"Menagerie:MonstrousExperiment","floor":1.0,"turns":4.0},{"damage":2.0,"enemies":"Menagerie:2_RABBITS","floor":2.0,"turns":6.0},{"damage":13.0,"enemies":"Menagerie:WhisperingWraith","floor":3.0,"turns":6.0},{"damage":14,"enemies":"Menagerie:RedMage","floor":5,"turns":7},{"damage":20,"enemies":"Menagerie:MaskedSummoner","floor":6,"turns":9},{"damage":14,"enemies":"Menagerie:MeltingSalamander","floor":7,"turns":8},{"damage":12,"enemies":"Menagerie:3_RABBITS","floor":12,"turns":5},{"damage":3,"enemies":"Menagerie:BEAST_MAGE_AND_PROWLING_AMALGAM","floor":13,"turns":5},{"damage":0,"enemies":"Menagerie:Hexasnake","floor":14,"turns":5},{"damage":19,"enemies":"Menagerie:AVATARS","floor":16,"turns":5},{"damage":24,"enemies":"Elementarium:2_ELEMENTALS","floor":18,"turns":6},{"damage":82,"enemies":"Elementarium:Cyclone","floor":19,"turns":10}],"seed_played":"-1376820263839518040","potions_obtained":[{"floor":5,"key":"REME_GoldPotion"},{"floor":6,"key":"Fruit Juice"},{"floor":7,"key":"animator:GrowthPotion"},{"floor":12,"key":"ColorlessPotion"},{"floor":14,"key":"SpeedPotion"}],"is_trial":false,"path_per_floor":["M","M","M","?","M","E","M","R","T","R","?","M","M","M","R","B",null,"M","M"],"character_chosen":"THE_ANIMATOR","items_purchased":[],"campfire_rested":0,"item_purchase_floors":[],"current_hp_per_floor":[59,57,44,29,26,16,17,17,17,17,20,38,50,65,65,59,79,57,0,0],"gold":422,"neow_bonus":"REMOVE_CARD","is_daily":false,"chose_seed":false,"campfire_upgraded":3,"win_rate":0.0,"timestamp":1608938390,"path_taken":["M","M","?","?","?","E","M","R","T","R","?","M","M","?","R","BOSS","M","M"],"items_purchased_type":[],"build_version":"2020-12-22","purchased_purges":0,"victory":false,"max_hp_per_floor":[66,66,66,66,67,67,72,72,72,72,75,75,75,75,75,75,83,85,82,82],"card_choices":[{"not_picked":["animator:Kazuma","animator:Priestess"],"picked":"animator:Fredrika","floor":1.0},{"not_picked":["animator:Demiurge","animator:Spearman"],"picked":"animator:Jibril","floor":2.0},{"not_picked":["animator:Gillette","animator:Tet"],"picked":"animator:IrohaTamaki","floor":3.0},{"not_picked":["infinitespire:UltimateForm","infinitespire:DeathsTouch"],"picked":"infinitespire:Starlight","floor":4.0},{"not_picked":["animator:ChlammyZell","animator:DolaSchwi"],"picked":"animator:DolaRiku","floor":5},{"not_picked":["animator:TukaLunaMarceau","animator:Darkness"],"picked":"animator:Vanir","floor":6},{"not_picked":["animator:DolaRiku","animator:Witch"],"picked":"animator:Megumin","floor":7},{"not_picked":["animator:DolaRiku","animator:YachiyoNanami"],"picked":"animator:Entoma","floor":12},{"not_picked":["animator:FielNirvalen","animator:Jibril"],"picked":"animator:ChlammyZell","floor":13},{"not_picked":["animator:Tyuule","animator:TsurugaMeisai"],"picked":"animator:DolaSchwi","floor":14},{"not_picked":["animator:MadokaKaname","animator:Hans"],"picked":"animator:Rimuru","floor":16},{"not_picked":["animator:WinryRockbell","animator:LizardPriest+1"],"picked":"animator:DolaCouronne","floor":18}],"player_experience":547604,"relics_obtained":[{"floor":6,"key":"Paper Frog"}],"event_choices":[{"damage_healed":0,"gold_gain":0,"cards_transformed":["animator:Strike"],"player_choice":"Vigor","damage_taken":0,"max_hp_gain":3,"max_hp_loss":0,"event_name":"Menagerie:CloudVision","floor":11,"gold_loss":0,"cards_obtained":["animator:Tyuule"]}],"is_beta":false,"boss_relics":[{"not_picked":["SacredBark","vexMod:MysteryBossChallenge"],"picked":"animator:HolyGrailRelic"}],"items_purged_floors":[],"is_endless":false,"potions_floor_spawned":[5,6,7,12,14],"killed_by":"Elementarium:Cyclone","ascension_level":11}}