{"host":"Melcetto","time":1608855181,"event":{"mods":["AlwaysNeverKeys","BaseMod","Better Vampires","Colored Map","Colored Powertips","DeckTracker","Emptier Cage","Minty Spire (QoL Compilation)","Permanent Neow","Quick Restart","Random Character Button","Rare Cards Sparkle","Relic Sorter","Relic Stats","StSLib","Transform Curses"],"gold_per_floor":[118,118,136,148,161,193,193,224,277,277,277],"floor_reached":10,"playtime":637,"items_purged":[],"score":156,"play_id":"81f4e3a8-72c1-44b7-b35c-561164e97465","local_time":"20201224191301","is_ascension_mode":true,"campfire_choices":[{"data":"Armaments","floor":7.0,"key":"SMITH"}],"circlet_count":0,"master_deck":["AscendersBane","Strike_R","Strike_R","Strike_R","Strike_R","Defend_R","Defend_R","Defend_R","Defend_R","Bash","Anger","Cleave","Spot Weakness","Armaments+1"],"relics":["Burning Blood","Du-Vu Doll","Bag of Marbles","Molten Egg 2","Anchor"],"acts_visited":["Exordium"],"potions_floor_usage":[8,10],"damage_taken":[{"damage":1.0,"enemies":"Cultist","floor":1.0,"turns":4.0},{"damage":5.0,"enemies":"2 Louse","floor":3.0,"turns":4.0},{"damage":6.0,"enemies":"Small Slimes","floor":4.0,"turns":3.0},{"damage":9.0,"enemies":"Blue Slaver","floor":5.0,"turns":6.0},{"damage":19.0,"enemies":"3 Sentries","floor":6.0,"turns":4.0},{"damage":19,"enemies":"Lagavulin","floor":8,"turns":7},{"damage":36,"enemies":"Gremlin Nob","floor":10,"turns":4}],"seed_played":"-7227701522720967736","potions_obtained":[{"floor":3.0,"key":"Block Potion"},{"floor":5.0,"key":"PowerPotion"},{"floor":6.0,"key":"Strength Potion"}],"is_trial":false,"path_per_floor":["M","?","M","M","M","E","R","E","T","E"],"character_chosen":"IRONCLAD","items_purchased":[],"campfire_rested":0,"item_purchase_floors":[],"current_hp_per_floor":[55,55,56,56,53,40,40,27,27,0,0],"gold":277,"neow_bonus":"ONE_RARE_RELIC","is_daily":false,"chose_seed":false,"campfire_upgraded":1,"win_rate":0.0,"timestamp":1608855181,"path_taken":["M","?","M","?","M","E","R","E","T","E"],"items_purchased_type":[],"build_version":"2020-12-18","purchased_purges":0,"victory":false,"max_hp_per_floor":[75,75,75,75,75,75,75,75,75,75,75],"relic_stats":{"counters":[7,32],"obtain_stats":[{"Du-Vu Doll":0,"Anchor":9,"Molten Egg 2":8,"Bag of Marbles":6,"Burning Blood":0},{"Du-Vu Doll":0,"Anchor":6,"Molten Egg 2":6,"Bag of Marbles":5,"Burning Blood":0},{"Du-Vu Doll":0,"Anchor":28,"Molten Egg 2":28,"Bag of Marbles":21,"Burning Blood":0}],"Burning Blood":36},"card_choices":[{"not_picked":["Ghostly Armor","Thunderclap"],"picked":"Anger","floor":1.0},{"not_picked":["Flex","Burning Pact","Cleave"],"picked":"SKIP","floor":3.0},{"not_picked":["Flex","Burning Pact"],"picked":"Cleave","floor":3.0},{"not_picked":["Reckless Charge","Perfected Strike","True Grit"],"picked":"SKIP","floor":4.0},{"not_picked":["Anger","Inflame"],"picked":"Spot Weakness","floor":5.0},{"not_picked":["Iron Wave","Combust"],"picked":"Armaments","floor":6.0},{"not_picked":["Warcry","Thunderclap+1","Flex"],"picked":"SKIP","floor":8}],"player_experience":18806124,"relics_obtained":[{"floor":6.0,"key":"Bag of Marbles"},{"floor":8,"key":"Molten Egg 2"},{"floor":9,"key":"Anchor"}],"event_choices":[{"cards_removed":["Strike_R"],"damage_healed":0.0,"max_hp_gain":0.0,"max_hp_loss":0.0,"gold_gain":0.0,"event_name":"Purifier","player_choice":"Purged","floor":2.0,"gold_loss":0.0,"damage_taken":0.0}],"is_beta":true,"boss_relics":[],"items_purged_floors":[],"is_endless":false,"potions_floor_spawned":[3,5,6],"killed_by":"Gremlin Nob","ascension_level":20}}