{"host":"zh52cun1g5egmafn","time":1608867921,"event":{"mods":["AchievementEnabler","Arknights The Spire","BaseMod","DeckTracker","Highlight Path","Minty Spire (QoL Compilation)","StSLib"],"gold_per_floor":[114,35,45,120,130,130,150,185,185,185,195,195,46,63,63,160,160,178,178,29,45,60,86,86,86],"floor_reached":24,"playtime":789,"items_purged":[],"score":218,"play_id":"044b1b1c-1961-4d61-9f20-a09d2ce1a9e6","local_time":"20201225124521","is_ascension_mode":false,"campfire_choices":[{"data":"ats:Thorns","floor":6.0,"key":"SMITH"},{"floor":10.0,"key":"REST"},{"data":"ats:Echo Reverb","floor":15.0,"key":"SMITH"}],"circlet_count":0,"master_deck":["ats:Strike C","ats:Strike G","ats:Strike S","ats:Armor Crushing Shot","ats:Defend","ats:Defend","ats:Defend","ats:Defend","ats:Emotion Absorption","ats:Charging Defense","ats:Red Shift","ats:Thorns+1","ats:Cat Scratch","ats:Thermite Blade","ats:Echo Reverb+1","ats:Calcification","ats:Childhood Dance+1","ats:Fractured Body"],"relics":["ats:Sanity","NeowsBlessing","ats:Originium","Bottled Lightning","Vajra","Nloth\u0027s Gift","Sling","ats:Originium","Singing Bowl"],"acts_visited":["Exordium","TheCity"],"potions_floor_usage":[16,16,24],"damage_taken":[{"damage":0.0,"enemies":"Small Slimes","floor":1.0,"turns":1.0},{"damage":0.0,"enemies":"Cultist","floor":3.0,"turns":1.0},{"damage":0.0,"enemies":"2 Louse","floor":5.0,"turns":1.0},{"damage":2.0,"enemies":"Blue Slaver","floor":7.0,"turns":4.0},{"damage":35.0,"enemies":"Lagavulin","floor":8.0,"turns":7.0},{"damage":5.0,"enemies":"2 Fungi Beasts","floor":11.0,"turns":4.0},{"damage":0.0,"enemies":"Large Slime","floor":14.0,"turns":5.0},{"damage":9,"enemies":"Slime Boss","floor":16,"turns":12},{"damage":16,"enemies":"2 Thieves","floor":18,"turns":5},{"damage":0,"enemies":"Shell Parasite","floor":21,"turns":8},{"damage":16,"enemies":"Sentry and Sphere","floor":22,"turns":5},{"damage":33,"enemies":"Book of Stabbing","floor":23,"turns":7},{"damage":12,"enemies":"3 Cultists","floor":24,"turns":4}],"seed_played":"3795389382605354104","potions_obtained":[{"floor":1.0,"key":"DuplicationPotion"},{"floor":7.0,"key":"Ancient Potion"},{"floor":8.0,"key":"PowerPotion"},{"floor":22,"key":"FearPotion"},{"floor":23,"key":"DuplicationPotion"}],"is_trial":false,"path_per_floor":["M","$","M","?","M","R","M","E","T","R","M","?","$","M","R","B",null,"M","?","$","M","M","E","M"],"character_chosen":"DOCTOR_CLASS","items_purchased":["ats:Red Shift","Vajra","Sling"],"campfire_rested":1,"item_purchase_floors":[2,13,20],"current_hp_per_floor":[72,72,72,61,61,61,59,24,24,45,40,33,33,33,33,24,72,56,56,56,59,44,13,3,3],"gold":86,"neow_bonus":"THREE_ENEMY_KILL","is_daily":false,"chose_seed":false,"campfire_upgraded":2,"win_rate":0.0,"timestamp":1608867921,"path_taken":["M","$","M","?","M","R","M","E","T","R","M","?","$","M","R","BOSS","M","?","$","?","M","E","?"],"items_purchased_type":["Card","Relic","Relic"],"build_version":"2020-12-22","purchased_purges":0,"victory":false,"max_hp_per_floor":[72,72,72,72,72,72,72,72,72,72,72,72,72,72,72,72,72,72,72,72,72,72,72,72,72],"card_choices":[{"not_picked":["ats:Flame Of Heaven","ats:Explosion Area Strengthen"],"picked":"ats:Charging Defense","floor":1.0},{"not_picked":["ats:Curse Doll","ats:Childhood Dance"],"picked":"ats:Thorns","floor":3.0},{"not_picked":["ats:Revitalization","ats:Leaping Hammer"],"picked":"ats:Cat Scratch","floor":5.0},{"not_picked":["ats:Sunburst","ats:Burning Ground"],"picked":"ats:Thermite Blade","floor":7.0},{"not_picked":["ats:Soul Absorption","ats:Counter Healing Mode"],"picked":"ats:Echo Reverb","floor":8.0},{"not_picked":["ats:Poison Spread","ats:Childhood Dance","ats:Assault Order"],"picked":"SKIP","floor":11.0},{"not_picked":["ats:Shell Defense","ats:Revitalization","ats:Burning Ground"],"picked":"SKIP","floor":14.0},{"not_picked":["ats:Volcano","ats:Fractured Body"],"picked":"ats:Calcification","floor":16},{"not_picked":["ats:Hammer On","ats:Powerful Strike","ats:Magnetic Hammer"],"picked":"SKIP","floor":18},{"not_picked":["ats:Healing Drone","ats:Cat Scratch","ats:Ignite"],"picked":"SKIP","floor":21},{"not_picked":["ats:Leaping Hammer","ats:Poison Spread"],"picked":"ats:Childhood Dance+1","floor":22},{"not_picked":["ats:Nebulous Foxfire","ats:Consecutive Shot Auto+1"],"picked":"ats:Fractured Body","floor":23}],"player_experience":171764,"relics_obtained":[{"floor":8.0,"key":"ats:Originium"},{"floor":8.0,"key":"Gremlin Horn"},{"floor":9.0,"key":"Bottled Lightning"},{"floor":23,"key":"ats:Originium"},{"floor":23,"key":"Singing Bowl"}],"event_choices":[{"damage_healed":0.0,"max_hp_gain":0.0,"max_hp_loss":0.0,"gold_gain":75.0,"event_name":"World of Goop","player_choice":"Gather Gold","floor":4.0,"gold_loss":0.0,"damage_taken":11.0},{"cards_removed":["ats:Strike V"],"damage_healed":0.0,"max_hp_gain":0.0,"max_hp_loss":0.0,"gold_gain":0.0,"event_name":"Golden Wing","player_choice":"Card Removal","floor":12.0,"gold_loss":0.0,"damage_taken":7.0},{"damage_healed":0,"gold_gain":0,"player_choice":"Traded Relic","damage_taken":0,"relics_obtained":["Nloth\u0027s Gift"],"max_hp_gain":0,"max_hp_loss":0,"event_name":"N\u0027loth","floor":19,"relics_lost":["Gremlin Horn"],"gold_loss":0}],"is_beta":false,"boss_relics":[{"not_picked":["Coffee Dripper","Cursed Key","Runic Dome"]}],"items_purged_floors":[],"is_endless":false,"potions_floor_spawned":[1,7,8,22,23],"killed_by":"3 Cultists","ascension_level":0}}