{"host":"y76clbnovzmw9ubx","time":1608918951,"event":{"mods":["AchievementEnabler","BaseMod","Minty Spire (QoL Compilation)","Permanent Neow","Relic Stats"],"gold_per_floor":[114,124,124,124,143,176,176,176,176],"floor_reached":8,"playtime":328,"items_purged":[],"score":112,"play_id":"616a86ee-20d1-42e5-aa65-064242b3c051","local_time":"20201225125551","is_ascension_mode":true,"campfire_choices":[{"floor":7,"key":"REST"}],"circlet_count":0,"master_deck":["AscendersBane","Strike_G","Strike_G","Strike_G","Strike_G","Defend_G","Defend_G","Defend_G","Defend_G","Defend_G","Survivor","Neutralize","Flechettes","Flying Knee","Poisoned Stab","Corpse Explosion","Catalyst","Bouncing Flask"],"relics":["Ring of the Snake","Potion Belt"],"acts_visited":["Exordium"],"potions_floor_usage":[6,6],"damage_taken":[{"damage":3,"enemies":"Small Slimes","floor":1,"turns":4},{"damage":0,"enemies":"2 Louse","floor":2,"turns":2},{"damage":1,"enemies":"Cultist","floor":5,"turns":4},{"damage":39,"enemies":"Gremlin Nob","floor":6,"turns":4},{"damage":42,"enemies":"3 Sentries","floor":8,"turns":5}],"seed_played":"3518037795049988816","potions_obtained":[{"floor":2,"key":"Strength Potion"},{"floor":5,"key":"Swift Potion"}],"is_trial":false,"path_per_floor":["M","M","?","?","M","E","R","E"],"character_chosen":"THE_SILENT","items_purchased":[],"campfire_rested":1,"item_purchase_floors":[],"current_hp_per_floor":[56,56,61,61,60,21,42,0,0],"gold":176,"neow_bonus":"THREE_CARDS","is_daily":false,"chose_seed":false,"campfire_upgraded":0,"win_rate":0.0,"timestamp":1608918951,"path_taken":["M","M","?","?","M","E","R","E"],"items_purchased_type":[],"build_version":"2020-12-22","purchased_purges":0,"victory":false,"max_hp_per_floor":[66,66,71,71,71,71,71,71,71],"relic_stats":{"counters":[5,19],"obtain_stats":[{"Potion Belt":6,"Ring of the Snake":0},{"Potion Belt":4,"Ring of the Snake":0},{"Potion Belt":14,"Ring of the Snake":0}],"Ring of the Snake":[10]},"card_choices":[{"not_picked":["Heel Hook","Skewer"],"picked":"Flechettes","floor":0},{"not_picked":["Outmaneuver","Predator"],"picked":"Flying Knee","floor":1},{"not_picked":["Skewer","Choke"],"picked":"Poisoned Stab","floor":2},{"not_picked":["Cloak And Dagger","Poisoned Stab"],"picked":"Catalyst","floor":5},{"not_picked":["Malaise","Outmaneuver"],"picked":"Bouncing Flask","floor":6}],"player_experience":2976957,"relics_obtained":[{"floor":6,"key":"Potion Belt"}],"event_choices":[{"damage_healed":0,"gold_gain":0,"player_choice":"Donut","damage_taken":0,"max_hp_gain":5,"max_hp_loss":0,"event_name":"Big Fish","floor":3,"gold_loss":0},{"damage_healed":0,"gold_gain":0,"cards_transformed":["Strike_G"],"player_choice":"Change","damage_taken":0,"max_hp_gain":0,"max_hp_loss":0,"event_name":"Living Wall","floor":4,"gold_loss":0,"cards_obtained":["Corpse Explosion"]}],"is_beta":false,"boss_relics":[],"items_purged_floors":[],"is_endless":false,"potions_floor_spawned":[2,5],"killed_by":"3 Sentries","ascension_level":20}}