{"host":"ywt8u9kq80n9hc8s","time":1608871819,"event":{"mods":["AchievementEnabler","Alarm Clock","BaseMod","Better Altar","Better Match","Better Note","Better Sensory Stone","Better Skull","Better Third Choice","BetterRewards","Filter the Spire","Minty Spire (QoL Compilation)","Permanent Neow","Rare Cards Sparkle","StSLib"],"gold_per_floor":[119,119,135,135,60,60,78,78,78,78,89,104,104,133,133,133,133],"floor_reached":16,"playtime":1336,"items_purged":["Strike_B"],"score":100,"play_id":"2d859c18-8a6c-451f-9603-e9cada68da69","local_time":"20201225065019","is_ascension_mode":false,"campfire_choices":[{"floor":6,"key":"REST"},{"data":"Dualcast","floor":8,"key":"SMITH"},{"data":"Turbo","floor":13,"key":"SMITH"},{"data":"Storm","floor":15,"key":"SMITH"}],"circlet_count":0,"master_deck":["Strike_B","Strike_B+1","Strike_B","Defend_B","Defend_B","Defend_B","Defend_B","Zap","Dualcast+1","Chill+1","Turbo+1","Storm+1"],"relics":["Runic Pyramid","Strawberry","HornCleat","Toxic Egg 2"],"acts_visited":["Exordium"],"potions_floor_usage":[],"damage_taken":[{"damage":3,"enemies":"Small Slimes","floor":1,"turns":3},{"damage":1,"enemies":"Jaw Worm","floor":3,"turns":5},{"damage":0,"enemies":"Cultist","floor":7,"turns":4},{"damage":0,"enemies":"Exordium Wildlife","floor":11,"turns":4},{"damage":1,"enemies":"3 Louse","floor":12,"turns":4},{"damage":16,"enemies":"Lagavulin","floor":14,"turns":7},{"damage":59,"enemies":"Hexaghost","floor":16,"turns":13}],"seed_played":"-6368175472841929858","potions_obtained":[{"floor":1,"key":"Block Potion"},{"floor":7,"key":"AttackPotion"},{"floor":12,"key":"PotionOfCapacity"}],"is_trial":false,"path_per_floor":["M","?","M","?","$","R","M","R","T","$","M","M","R","E","R","B"],"character_chosen":"DEFECT","items_purchased":[],"campfire_rested":1,"item_purchase_floors":[],"current_hp_per_floor":[72,76,75,59,59,82,82,82,82,82,82,81,81,65,65,6,6],"gold":133,"neow_bonus":"BOSS_RELIC","is_daily":false,"chose_seed":false,"campfire_upgraded":3,"win_rate":0.0,"timestamp":1608871819,"path_taken":["M","?","M","?","$","R","M","R","T","?","M","?","R","E","R","BOSS"],"items_purchased_type":[],"build_version":"2020-12-22","purchased_purges":1,"victory":false,"max_hp_per_floor":[75,82,82,82,82,82,82,82,82,82,82,82,82,82,82,82,82],"card_choices":[{"not_picked":["Darkness","Sweeping Beam"],"picked":"Chill","floor":1},{"not_picked":["Double Energy","Sunder","Chaos"],"picked":"SKIP","floor":3},{"not_picked":["Stack","Streamline","Double Energy"],"picked":"SKIP","floor":7},{"not_picked":["Stack","Coolheaded","Sweeping Beam"],"picked":"SKIP","floor":11},{"not_picked":["Barrage","Gash"],"picked":"Turbo","floor":12},{"not_picked":["FTL","Rebound"],"picked":"Storm","floor":14}],"player_experience":23257,"relics_obtained":[{"floor":9,"key":"HornCleat"},{"floor":14,"key":"Toxic Egg 2"}],"event_choices":[{"damage_healed":0,"gold_gain":0,"player_choice":"Relic ","damage_taken":3,"max_hp_gain":0,"max_hp_loss":0,"event_name":"betterThird:BetterScrap","floor":2,"gold_loss":0,"cards_obtained":["Doppelganger"]},{"damage_healed":75,"gold_gain":0,"player_choice":"Upgrade","damage_taken":16,"max_hp_gain":0,"max_hp_loss":82,"event_name":"betterThird:BetterShining","floor":4,"gold_loss":0,"cards_upgraded":["Strike_B","Chill"]}],"is_beta":false,"boss_relics":[],"items_purged_floors":[5],"is_endless":false,"potions_floor_spawned":[1,7,12],"killed_by":"Hexaghost","ascension_level":0}}