{"host":"mj8akmyfd5lo602f","time":1608937133,"event":{"mods":["2.2 Compatiblity","Act Like it!","BaseMod","Bestiary","BshForSts","Colored Map","Colored Powertips","Downfall","Highlight Path","Minty Spire (QoL Compilation)","Permanent Neow","Relic Stats","StSLib","The Servant 0.9.4"],"gold_per_floor":[99,110,127,141,199,18,18,18,46,46,62,62,62,80,96,197,197,197,215,215,233,248,263,345,330,346,271,282,282,282,282],"floor_reached":29,"playtime":1656,"items_purged":["champ:SwordThrow"],"score":254,"play_id":"01971bd6-d5f3-4b0b-b589-ebc6fe87e6a9","local_time":"20201225225853","is_ascension_mode":false,"campfire_choices":[{"data":"champ:Taunt","floor":1.0,"key":"SMITH"},{"data":"champ:FocusedDefense","floor":8.0,"key":"SMITH"},{"data":"champ:Lariat","floor":10.0,"key":"SMITH"},{"data":"champ:SkillfulDodge","floor":13.0,"key":"SMITH"},{"data":"champ:FocusedDefense","floor":18.0,"key":"SMITH"},{"data":"champ:EnchantShield","floor":27,"key":"SMITH"}],"circlet_count":0,"master_deck":["champ:Strike","champ:Strike","champ:Strike","champ:Strike","champ:Defend","champ:Defend","champ:Defend","champ:Defend","champ:Taunt+1","champ:FocusedDefense+1","champ:Lariat+1","champ:DefensiveShout","champ:SkillfulDodge+1","champ:ViciousMockery","champ:FocusedDefense+1","champ:Improvising+1","champ:Haymaker+1","champ:PreciseThrust+1","champ:EnGarde+1","champ:ShieldWall+1","champ:EnchantShield+1","champ:FalseCounter"],"relics":["champ:ChampionCrown","Frozen Egg 2","FossilizedHelix","Happy Flower","Astrolabe","downfall:HeartBlessingBlue"],"acts_visited":["Exordium","TheCity"],"potions_floor_usage":[26,26],"damage_taken":[{"damage":4.0,"enemies":"Jaw Worm","floor":2.0,"turns":4.0},{"damage":10.0,"enemies":"Small Slimes","floor":3.0,"turns":4.0},{"damage":5.0,"enemies":"Cultist","floor":4.0,"turns":3.0},{"damage":18.0,"enemies":"3 Sentries","floor":5.0,"turns":6.0},{"damage":0.0,"enemies":"downfall:FleeingMerchant","floor":6.0,"turns":4.0},{"damage":16.0,"enemies":"3 Sentries","floor":9.0,"turns":10.0},{"damage":2.0,"enemies":"Large Slime","floor":11.0,"turns":5.0},{"damage":5.0,"enemies":"Lots of Slimes","floor":14.0,"turns":4.0},{"damage":2.0,"enemies":"2 Fungi Beasts","floor":15.0,"turns":5.0},{"damage":11.0,"enemies":"downfall:Silent","floor":16.0,"turns":8.0},{"damage":4.0,"enemies":"3 Byrds","floor":19.0,"turns":5.0},{"damage":0.0,"enemies":"Snecko","floor":21.0,"turns":2.0},{"damage":14.0,"enemies":"Chosen and Byrds","floor":22.0,"turns":6.0},{"damage":14.0,"enemies":"Snake Plant","floor":23.0,"turns":4.0},{"damage":4.0,"enemies":"downfall:FleeingMerchant","floor":25.0,"turns":4.0},{"damage":15,"enemies":"Sentry and Sphere","floor":26,"turns":4},{"damage":0,"enemies":"Snecko","floor":28,"turns":4},{"damage":0,"enemies":"Centurion and Healer","floor":29,"turns":1}],"seed_played":"3416997714850940411","potions_obtained":[{"floor":5.0,"key":"SneckoOil"},{"floor":9.0,"key":"hexamod:EctoCoolerPotion"},{"floor":14.0,"key":"DuplicationPotion"},{"floor":16.0,"key":"sneckomod:MuddlingPotion"},{"floor":23.0,"key":"PowerPotion"},{"floor":26,"key":"Regen Potion"},{"floor":28,"key":"champ:CounterPotion"}],"is_trial":false,"path_per_floor":["R","M","M","M","?","$","T","R","E","R","M","?","R","M","M","B",null,"R","M","?","M","M","M","T","$","M","R","M","M"],"character_chosen":"THE_CHAMP","items_purchased":["champ:Lariat","champ:DefensiveShout"],"campfire_rested":0,"item_purchase_floors":[6,6],"current_hp_per_floor":[90,86,84,84,76,76,76,76,65,65,63,68,68,73,71,60,90,90,86,51,51,37,23,23,19,4,14,14,14,14,14],"gold":282,"neow_bonus":"ONE_RANDOM_RARE_CARD","is_daily":false,"chose_seed":false,"campfire_upgraded":6,"win_rate":0.0,"timestamp":1608937133,"path_taken":["R","M","M","M","?","$","T","R","E","R","M","?","R","?","M","BOSS","R","M","?","M","?","M","T","$","M","R","M","M"],"items_purchased_type":["Card","Card"],"build_version":"2020-12-22","purchased_purges":1,"victory":false,"max_hp_per_floor":[90,90,90,90,90,90,90,90,90,90,90,90,90,90,90,90,90,90,90,90,90,90,90,90,90,90,100,100,100,100,100],"relic_stats":{"Happy Flower":[17],"counters":[18,83],"Astrolabe":["champ:Haymaker","champ:PreciseThrust","champ:EnGarde"],"obtain_stats":[{"Happy Flower":9,"downfall:HeartBlessingBlue":27,"Astrolabe":17,"champ:ChampionCrown":0,"Frozen Egg 2":5,"FossilizedHelix":7},{"Happy Flower":6,"downfall:HeartBlessingBlue":16,"Astrolabe":10,"champ:ChampionCrown":0,"Frozen Egg 2":4,"FossilizedHelix":5},{"Happy Flower":31,"downfall:HeartBlessingBlue":78,"Astrolabe":53,"champ:ChampionCrown":0,"Frozen Egg 2":17,"FossilizedHelix":21}]},"card_choices":[{"not_picked":["champ:GutPunch","champ:Circumvent"],"picked":"champ:StanceDance","floor":2.0},{"not_picked":["champ:CalledShot","champ:AdrenalArmor"],"picked":"champ:BringItOn","floor":3.0},{"not_picked":["champ:SwordThrow","champ:Aggression"],"picked":"champ:Control","floor":4.0},{"not_picked":["champ:ShieldSigil","champ:Circumvent"],"picked":"champ:FocusedDefense","floor":5.0},{"not_picked":["champ:FanOfKnives","champ:EnchantSword","champ:CrookedStrike"],"picked":"SKIP","floor":6.0},{"not_picked":["champ:ShieldSigil","champ:Balance","champ:Backstep"],"picked":"SKIP","floor":9.0},{"not_picked":["champ:BerserkersShout","champ:EnchantCrown"],"picked":"champ:SkillfulDodge","floor":11.0},{"not_picked":["champ:Shatter","champ:Circumvent"],"picked":"champ:ViciousMockery","floor":14.0},{"not_picked":["champ:FlashCut","champ:StanceDance"],"picked":"champ:FocusedDefense","floor":15.0},{"not_picked":["champ:CrownThrow","champ:PerfectForm+1"],"picked":"champ:Improvising+1","floor":16.0},{"not_picked":["champ:StanceDance","champ:GladiatorsShout+1","champ:BladeFlurry+1"],"picked":"SKIP","floor":19.0},{"not_picked":["champ:RageSigil","champ:StrikeOfGenius+1","champ:CrookedStrike"],"picked":"SKIP","floor":21.0},{"not_picked":["champ:PerfectedStrike","champ:GutPunch+1"],"picked":"champ:ShieldWall+1","floor":22.0},{"not_picked":["champ:BerserkersShout","champ:EndlessRage+1","champ:CrookedStrike"],"picked":"SKIP","floor":23.0},{"not_picked":["champ:Aggression+1","champ:FaceSlap"],"picked":"champ:EnchantShield","floor":25},{"not_picked":["champ:Duel","champ:AdrenalArmor","champ:GladiatorsShout+1"],"picked":"SKIP","floor":26},{"not_picked":["champ:GutPunch","champ:Haymaker"],"picked":"champ:FalseCounter","floor":28}],"player_experience":445090,"relics_obtained":[{"floor":5.0,"key":"Frozen Egg 2"},{"floor":7.0,"key":"FossilizedHelix"},{"floor":9.0,"key":"Happy Flower"}],"event_choices":[{"cards_removed":["champ:StanceDance"],"damage_healed":5.0,"max_hp_gain":0.0,"max_hp_loss":0.0,"gold_gain":0.0,"event_name":"Bonfire Elementals","player_choice":"Offered Common","floor":12.0,"gold_loss":0.0,"damage_taken":0.0},{"cards_removed":["champ:StanceDance"],"damage_healed":5.0,"max_hp_gain":0.0,"max_hp_loss":0.0,"gold_gain":0.0,"event_name":"Bonfire Elementals","player_choice":"Offered Special","floor":12.0,"gold_loss":0.0,"damage_taken":0.0}],"is_beta":false,"boss_relics":[{"not_picked":["Black Star","Tiny House"],"picked":"Astrolabe"}],"items_purged_floors":[6],"is_endless":false,"potions_floor_spawned":[5,9,14,16,23,26,28],"killed_by":"Centurion and Healer","ascension_level":0}}