{"host":"fdmexzkyss3ff9bv","time":1608927616,"event":{"mods":["BaseMod","Beaked The Cultist","BetterRewards","Downfall","Glutton Mod","Halation","Hubris","Infinite Spire","Minty Spire (QoL Compilation)","Replay The Spire","StSLib","The Animator","The Blackbeard","The Bug Knight","The Construct","The Mystic","The Servant 0.9.4","The Witch"],"gold_per_floor":[117,127,127,127,137,172,172,200,200,235,265,265,277,297,297,421,421,434,459,459,459,459,459,459,493,520,520,211,211,229,22,22,141,141,165,189,189,213,229,229,229,244,315,336,349,349,19,35,35,35,35,35,35,71,71,71],"floor_reached":55,"playtime":4711,"items_purged":["Injury"],"score":957,"play_id":"32ac8390-a943-43a1-be29-0ac1c4d3567c","local_time":"20201225212016","is_ascension_mode":false,"campfire_choices":[{"floor":7.0,"key":"REST"},{"floor":23,"key":"RECALL"},{"floor":29,"key":"REST"},{"data":"Rainbow","floor":32,"key":"SMITH"},{"data":"Blizzard","floor":40,"key":"SMITH"},{"floor":46,"key":"REST"},{"floor":49,"key":"REST"},{"data":"Barrage","floor":52,"key":"SMITH"}],"circlet_count":0,"master_deck":["Strike_B","Strike_B","Strike_B","Strike_B","Defend_B","Defend_B","Defend_B","Defend_B","Zap","BootSequence","Double Energy","hubris:Ukulele+1","Coolheaded","Rainbow+1","Redo","Sweeping Beam","Force Field","Coolheaded","Hyperbeam","White Noise","Go for the Eyes","Melter+1","Static Discharge","Blizzard","Enlightenment","Hologram","Capacitor+1","Skim","Skim","hubris:NaturalOne","infinitespire:Punishment","Reboot","Cold Snap+1","Blizzard+1","Glacier+1","Sweeping Beam","Chaos","Aggregate+1","Go for the Eyes+1","Static Discharge","Barrage+1","Go for the Eyes","Blizzard","hubris:Ukulele"],"relics":["FrozenCore","infinitespire:SolderingIron","FossilizedHelix","infinitespire:Lucky Rock","Replay:Rubber Ducky","hubris:Metronome","Golden Idol","Durian","hubris:Icosahedron","halation:PinkSoulGem","hubris:Towel","hubris:RGBLights","Bag of Preparation","Red Mask","Toy Ornithopter","Replay:Bronze Core","Toolbox","ReplayTheSpireMod:Shallot","hubris:SlimyHat","Solar Panel"],"acts_visited":["Exordium","TheCity","TheBeyond","TheEnding"],"potions_floor_usage":[25,33,33,42,44,54,55,55,55],"damage_taken":[{"damage":1.0,"enemies":"Jaw Worm","floor":1.0,"turns":3.0},{"damage":0.0,"enemies":"Small Slimes","floor":2.0,"turns":3.0},{"damage":0.0,"enemies":"Cultist","floor":5.0,"turns":2.0},{"damage":11.0,"enemies":"Lagavulin","floor":6.0,"turns":5.0},{"damage":5.0,"enemies":"Replay:BlueRogue","floor":8.0,"turns":4.0},{"damage":14.0,"enemies":"Gremlin Nob","floor":10.0,"turns":5.0},{"damage":0.0,"enemies":"Exordium Thugs","floor":13.0,"turns":3.0},{"damage":0.0,"enemies":"Looter","floor":14.0,"turns":3.0},{"damage":14.0,"enemies":"Slime Boss","floor":16.0,"turns":9.0},{"damage":25,"enemies":"2 Thieves","floor":18,"turns":4},{"damage":0,"enemies":"Chosen","floor":19,"turns":6},{"damage":0,"enemies":"Replay:Snechameleon","floor":25,"turns":7},{"damage":9,"enemies":"Shelled Parasite and Fungi","floor":30,"turns":6},{"damage":52,"enemies":"Collector","floor":33,"turns":9},{"damage":28,"enemies":"3 Shapes","floor":35,"turns":4},{"damage":0,"enemies":"Orb Walker","floor":36,"turns":5},{"damage":0,"enemies":"Jaw Worm Horde","floor":38,"turns":5},{"damage":0,"enemies":"Sphere and 2 Shapes","floor":39,"turns":4},{"damage":22,"enemies":"Spire Growth","floor":42,"turns":5},{"damage":0,"enemies":"Transient","floor":44,"turns":5},{"damage":0,"enemies":"4 Shapes","floor":45,"turns":3},{"damage":2,"enemies":"Transient","floor":48,"turns":5},{"damage":5,"enemies":"Donu and Deca","floor":50,"turns":6},{"damage":25,"enemies":"Shield and Spear","floor":54,"turns":6},{"damage":100,"enemies":"The Heart","floor":55,"turns":6}],"seed_played":"8719443303726934274","potions_obtained":[{"floor":2.0,"key":"FocusPotion"},{"floor":6.0,"key":"CultistPotion"},{"floor":14.0,"key":"champ:CounterPotion"},{"floor":18,"key":"Weak Potion"},{"floor":35,"key":"PowerPotion"},{"floor":39,"key":"Elixir"},{"floor":42,"key":"PowerPotion"},{"floor":48,"key":"construct:ShiftPotion"},{"floor":54,"key":"Elixir"}],"is_trial":false,"path_per_floor":["M","M","?","?","M","E","R","E","T","E","?","$","M","M","R","B",null,"M","M","AVR","?","?","R","?","E","T","?","$","R","M","$","R","B",null,"M","M","?","M","M","R","AVR","M","T","M","M","R","$","M","R","B",null,"R","$","E","B"],"character_chosen":"DEFECT","items_purchased":["infinitespire:SolderingIron","Static Discharge","Blizzard","Enlightenment","Hologram","Toy Ornithopter","Skim","hubris:SlimyHat","Static Discharge","Barrage","Go for the Eyes"],"campfire_rested":4,"item_purchase_floors":[0,28,28,28,28,31,31,47,47,47,47],"current_hp_per_floor":[53,53,53,53,53,42,64,59,59,45,45,45,45,45,45,31,75,50,50,55,55,55,55,55,55,55,55,55,79,70,70,70,28,80,52,52,52,52,52,52,52,35,35,40,40,64,64,62,80,75,80,80,80,60,0,0],"gold":71,"neow_bonus":"","is_daily":false,"chose_seed":false,"campfire_upgraded":3,"win_rate":0.0,"timestamp":1608927616,"path_taken":["M","M","?","?","M","E","R","E","T","E","?","$","M","M","R","BOSS","M","M","AVR","?","?","R","?","E","T","?","$","R","M","?","R","BOSS","M","M","?","M","M","R","AVR","M","T","M","M","R","$","M","R","BOSS","R","$","E","BOSS"],"items_purchased_type":["Relic","Card","Card","Card","Card","Relic","Card","Relic","Card","Card","Card"],"build_version":"2020-12-13","purchased_purges":1,"victory":false,"max_hp_per_floor":[75,75,75,75,75,75,75,75,75,75,75,75,75,75,75,75,75,75,75,80,80,80,80,80,80,80,80,80,80,80,80,80,80,80,80,80,80,80,80,80,80,80,80,80,80,80,80,80,80,80,80,80,80,80,80,80],"card_choices":[{"not_picked":["Stack","Beam Cell"],"picked":"BootSequence","floor":1.0},{"not_picked":["Cold Snap","ReplayTheSpireMod:Reroute Power"],"picked":"Double Energy","floor":2.0},{"not_picked":["BasicCrystalCard","Cold Snap"],"picked":"Coolheaded","floor":5.0},{"not_picked":["Turbo","Hologram"],"picked":"Rainbow","floor":6.0},{"not_picked":["Stack","Force Field"],"picked":"Redo","floor":8.0},{"not_picked":["Beam Cell","Capacitor"],"picked":"Sweeping Beam","floor":10.0},{"not_picked":["BootSequence","BasicCrystalCard"],"picked":"Force Field","floor":13.0},{"not_picked":["Crystallizer","Scrape"],"picked":"Coolheaded","floor":14.0},{"not_picked":["Meteor Strike","Amplify"],"picked":"Hyperbeam","floor":16.0},{"not_picked":["Streamline","Genetic Algorithm+1"],"picked":"White Noise","floor":18},{"not_picked":["Loop","ReplaySolidLightProjector+1"],"picked":"Go for the Eyes","floor":19},{"not_picked":["Hologram","Go for the Eyes"],"picked":"Melter+1","floor":25},{"not_picked":["Glacier+1","Steam"],"picked":"Capacitor+1","floor":30},{"not_picked":["infinitespire:Gouge","ReplayTheSpireMod:Haul"],"picked":"infinitespire:Punishment","floor":33},{"not_picked":["hubris:SpecializedCircuitry","hubris:Prefetch"],"picked":"Reboot","floor":33},{"not_picked":["Stack+1","Hologram"],"picked":"Cold Snap+1","floor":35},{"not_picked":["ReplaySolidLightProjector+1","ReplayTheSpireMod:System Scan"],"picked":"Blizzard","floor":36},{"not_picked":["Coolheaded","Panic Button"],"picked":"Glacier+1","floor":38},{"not_picked":["Beam Cell+1","Conserve Battery+1"],"picked":"Sweeping Beam","floor":39},{"not_picked":["Skim","hubris:Prefetch"],"picked":"Chaos","floor":42},{"not_picked":["Static Discharge+1","Go for the Eyes+1"],"picked":"Aggregate+1","floor":44},{"not_picked":["Turbo","Coolheaded"],"picked":"Go for the Eyes+1","floor":45},{"not_picked":["Stack","Double Energy"],"picked":"Blizzard","floor":48},{"not_picked":["Conserve Battery+1","Turbo+1"],"picked":"hubris:Ukulele","floor":54}],"player_experience":29458,"relics_obtained":[{"floor":6.0,"key":"FossilizedHelix"},{"floor":8.0,"key":"infinitespire:Lucky Rock"},{"floor":10.0,"key":"Replay:Rubber Ducky"},{"floor":25,"key":"hubris:RGBLights"},{"floor":26,"key":"Bag of Preparation"},{"floor":27,"key":"Red Mask"},{"floor":43,"key":"ReplayTheSpireMod:Shallot"},{"floor":54,"key":"Solar Panel"}],"event_choices":[{"damage_healed":0.0,"max_hp_gain":0.0,"max_hp_loss":0.0,"gold_gain":30.0,"event_name":"Dead Adventurer","player_choice":"Searched \u00273\u0027 times","floor":11.0,"gold_loss":0.0,"damage_taken":0.0,"relics_obtained":["hubris:Metronome"]},{"damage_healed":0.0,"max_hp_gain":0.0,"max_hp_loss":0.0,"gold_gain":0.0,"event_name":"Golden Idol","player_choice":"Take Wound","floor":15.0,"gold_loss":0.0,"damage_taken":0.0,"relics_obtained":["Golden Idol"],"cards_obtained":["Injury"]}],"is_beta":false,"boss_relics":[{"not_picked":["beaked:SacredDeck","halation:PinkAlligatorPlush"],"picked":"FrozenCore"},{"not_picked":["Replay:Cursed D8","Replay:Drink Me"],"picked":"Replay:Bronze Core"}],"items_purged_floors":[28],"is_endless":false,"potions_floor_spawned":[2,6,14,18,35,39,42,48,54],"killed_by":"The Heart","ascension_level":0}}