{"host":"w31as9kcl9qjbzmo","time":1608927921,"event":{"mods":["BaseMod","Friendly Minions","Lobotomy","Minty Spire (QoL Compilation)","StSLib"],"gold_per_floor":[114,132,142,156,156,156,173,173,173,173,185,185,201,61,61,61,61],"floor_reached":16,"playtime":833,"items_purged":[],"score":94,"play_id":"1782411b-db56-476a-8af6-9e28a0a05706","local_time":"20201226052521","is_ascension_mode":false,"campfire_choices":[{"floor":12,"key":"REST"}],"circlet_count":0,"master_deck":["SpecialBullet","SpecialBullet","SpecialBullet","SpecialBullet","SpecialBullet","SpecialBullet","SpecialBullet","SpecialBullet","InformationCode","TrainingCode","RecordCode","GreedKing","GoldRush","PunishingBird","Harvest","UniverseFragment","FeatherOfHonor","VoidDream","Noise","Wellcheers","Penitence","SolemnVow","Scorched","Soda","Mimicry","SecurityCode"],"relics":["CogitoBucket","Blue Candle","White Beast Statue","SsserpentHead","Theresia"],"acts_visited":["Exordium"],"potions_floor_usage":[0,16],"damage_taken":[{"damage":7,"enemies":"2 Louse","floor":1,"turns":2},{"damage":11,"enemies":"Jaw Worm","floor":2,"turns":2},{"damage":1,"enemies":"Cultist","floor":3,"turns":2},{"damage":14,"enemies":"Looter","floor":4,"turns":3},{"damage":22,"enemies":"Exordium Thugs","floor":7,"turns":3},{"damage":19,"enemies":"Gremlin Gang","floor":11,"turns":4},{"damage":1,"enemies":"3 Louse","floor":13,"turns":3},{"damage":38,"enemies":"The Guardian","floor":16,"turns":4}],"seed_played":"-1252813636805595397","potions_obtained":[{"floor":0,"key":"FairyPotion"},{"floor":0,"key":"BlessingOfTheForge"},{"floor":0,"key":"Fruit Juice"},{"floor":1,"key":"DuplicationPotion"},{"floor":13,"key":"Dexterity Potion"}],"is_trial":false,"path_per_floor":["M","M","M","M","?","R","M","R","T","?","M","R","M","$","R","B"],"character_chosen":"Angela","items_purchased":["Mimicry"],"campfire_rested":1,"item_purchase_floors":[14],"current_hp_per_floor":[68,57,56,42,17,17,21,21,21,21,2,24,23,23,23,0,0],"gold":61,"neow_bonus":"THREE_SMALL_POTIONS","is_daily":false,"chose_seed":false,"campfire_upgraded":0,"win_rate":0.0,"timestamp":1608927921,"path_taken":["M","M","M","M","?","R","M","R","T","?","M","R","M","$","R","BOSS"],"items_purchased_type":["Card"],"build_version":"2020-12-22","purchased_purges":0,"victory":false,"max_hp_per_floor":[75,75,75,75,75,75,75,75,75,75,75,75,75,75,75,75,75],"card_choices":[{"not_picked":["WallGazer","DreamingCurrent"],"picked":"GreedKing","floor":1},{"not_picked":["Regret_ego"],"picked":"GoldRush","floor":1},{"not_picked":["Murderer","Mercenary"],"picked":"PunishingBird","floor":2},{"not_picked":["RapturousDream"],"picked":"Harvest","floor":2},{"not_picked":["Wellcheers","WallGazer"],"picked":"UniverseFragment","floor":3},{"not_picked":["Loneliness"],"picked":"FeatherOfHonor","floor":3},{"not_picked":["CherryBlossoms","ShyLook"],"picked":"VoidDream","floor":4},{"not_picked":["InTheNameOfLoveAndHate"],"picked":"Noise","floor":4},{"not_picked":["BeautyBeast","OldLady"],"picked":"Wellcheers","floor":7},{"not_picked":["Loneliness"],"picked":"Penitence","floor":7},{"not_picked":["CrimsonScar"],"picked":"SolemnVow","floor":11},{"not_picked":["OldLady","MHz"],"picked":"Scorched","floor":13},{"not_picked":["Loneliness"],"picked":"Soda","floor":13}],"player_experience":334538,"relics_obtained":[{"floor":9,"key":"White Beast Statue"}],"event_choices":[{"damage_healed":0,"gold_gain":0,"player_choice":"Success","damage_taken":25,"relics_obtained":["Blue Candle"],"max_hp_gain":0,"max_hp_loss":0,"event_name":"Scrap Ooze","floor":5,"gold_loss":0},{"damage_healed":0,"gold_gain":0,"player_choice":"Trade","damage_taken":0,"relics_obtained":["SsserpentHead"],"max_hp_gain":0,"max_hp_loss":0,"event_name":"FaceTrader","floor":10,"gold_loss":0}],"is_beta":false,"boss_relics":[],"items_purged_floors":[],"is_endless":false,"potions_floor_spawned":[1,13],"killed_by":"The Guardian","ascension_level":0}}