{"host":"lhth1efayex2023z","time":1608908580,"event":{"mods":["BaseMod","Colored Map","Googly Eyes","Minty Spire (QoL Compilation)","StSLib"],"gold_per_floor":[112,130,130,130,145,178,192,192,192,267,282,282,11,42,42,42,42],"floor_reached":16,"playtime":572,"items_purged":[],"score":171,"play_id":"b4e8feba-0069-4a8a-b8e3-e64533c68d4d","local_time":"20201225080300","is_ascension_mode":true,"campfire_choices":[{"floor":8.0,"key":"REST"},{"data":"Bash","floor":15,"key":"SMITH"}],"circlet_count":0,"master_deck":["AscendersBane","Strike_R","Strike_R","Strike_R","Defend_R","Defend_R","Defend_R","Defend_R","Bash+1","Sword Boomerang","Pummel","Flex","Seeing Red","Cleave+1","Iron Wave+1"],"relics":["Burning Blood","Molten Egg 2","Mercury Hourglass","Frozen Egg 2","Membership Card","Paper Frog","Toy Ornithopter"],"acts_visited":["Exordium"],"potions_floor_usage":[],"damage_taken":[{"damage":4.0,"enemies":"Small Slimes","floor":1.0,"turns":4.0},{"damage":4.0,"enemies":"Jaw Worm","floor":2.0,"turns":5.0},{"damage":1.0,"enemies":"Cultist","floor":5.0,"turns":4.0},{"damage":75.0,"enemies":"3 Sentries","floor":6.0,"turns":15.0},{"damage":0.0,"enemies":"Large Slime","floor":7.0,"turns":4.0},{"damage":0.0,"enemies":"Gremlin Gang","floor":11.0,"turns":2.0},{"damage":23,"enemies":"Lagavulin","floor":14,"turns":7},{"damage":22,"enemies":"Hexaghost","floor":16,"turns":8}],"seed_played":"4745585935614010473","potions_obtained":[{"floor":1.0,"key":"Regen Potion"},{"floor":2.0,"key":"DuplicationPotion"}],"is_trial":false,"path_per_floor":["M","M","?","?","M","E","M","R","T","?","M","?","$","E","R","B"],"character_chosen":"IRONCLAD","items_purchased":["Membership Card","Paper Frog"],"campfire_rested":1,"item_purchase_floors":[13,13],"current_hp_per_floor":[82,84,59,59,64,10,16,42,42,31,37,37,37,20,20,0,0],"gold":42,"neow_bonus":"TEN_PERCENT_HP_BONUS","is_daily":false,"chose_seed":false,"campfire_upgraded":1,"win_rate":0.0,"timestamp":1608908580,"path_taken":["M","M","?","?","M","E","?","R","T","?","M","?","$","E","R","BOSS"],"items_purchased_type":["Relic","Relic"],"build_version":"2020-12-22","purchased_purges":0,"victory":false,"max_hp_per_floor":[88,88,88,88,88,88,88,88,88,88,88,88,88,88,88,88,88],"card_choices":[{"not_picked":["True Grit","Burning Pact"],"picked":"Sword Boomerang","floor":1.0},{"not_picked":["Iron Wave","True Grit"],"picked":"Pummel","floor":2.0},{"not_picked":["Blood for Blood+1","Wild Strike+1"],"picked":"Flex","floor":5.0},{"not_picked":["Shockwave","Anger+1"],"picked":"Seeing Red","floor":6.0},{"not_picked":["Thunderclap+1","True Grit"],"picked":"Cleave+1","floor":7.0},{"not_picked":["Thunderclap+1","Intimidate","Havoc"],"picked":"SKIP","floor":11.0},{"not_picked":["Thunderclap+1","Bloodletting","Power Through"],"picked":"SKIP","floor":14}],"player_experience":399009,"relics_obtained":[{"floor":6.0,"key":"Mercury Hourglass"},{"floor":9.0,"key":"Frozen Egg 2"},{"floor":14,"key":"Toy Ornithopter"}],"event_choices":[{"damage_healed":0.0,"max_hp_gain":0.0,"max_hp_loss":0.0,"gold_gain":0.0,"event_name":"Scrap Ooze","player_choice":"Success","floor":3.0,"gold_loss":0.0,"damage_taken":25.0,"relics_obtained":["Molten Egg 2"]},{"cards_removed":["Strike_R"],"damage_healed":0.0,"max_hp_gain":0.0,"max_hp_loss":0.0,"gold_gain":0.0,"event_name":"Bonfire Elementals","player_choice":"Offered Basic","floor":4.0,"gold_loss":0.0,"damage_taken":0.0},{"damage_healed":0.0,"max_hp_gain":0.0,"max_hp_loss":0.0,"gold_gain":75.0,"event_name":"World of Goop","player_choice":"Gather Gold","floor":10.0,"gold_loss":0.0,"damage_taken":11.0},{"damage_healed":0.0,"max_hp_gain":0.0,"max_hp_loss":0.0,"gold_gain":0.0,"cards_transformed":["Strike_R"],"event_name":"Transmorgrifier","player_choice":"Transformed","floor":12.0,"gold_loss":0.0,"damage_taken":0.0,"cards_obtained":["Iron Wave"]}],"is_beta":false,"boss_relics":[],"items_purged_floors":[],"is_endless":false,"potions_floor_spawned":[1,2],"killed_by":"Hexaghost","ascension_level":11}}