{"host":"odz7g4gpgch153rb","time":1608923087,"event":{"mods":["AchievementEnabler","BaseMod","Better Match","Better Third Choice","BetterRewards","GifTheSpireLib","Infinite Spire","Jedi Mod","Minty Spire (QoL Compilation)","Quick Restart","Replay The Spire","Spikes Relics","StSLib","Stuff the Spire","The Blue Laboratory","Trackpad"],"gold_per_floor":[119,133,83,83,7,7,40,40,40,40,40,40,40,65,65,158,158,172,172,97,122,136,136,136],"floor_reached":23,"playtime":743,"items_purged":[],"score":360,"play_id":"0e17516a-cd6e-4f97-998b-6faa5493b24a","local_time":"20201225140447","is_ascension_mode":true,"campfire_choices":[{"data":"Defragment","floor":6.0,"key":"SMITH"},{"data":"Dualcast","floor":8.0,"key":"SMITH"},{"data":"Zap","floor":10.0,"key":"SMITH"},{"data":"StuffTheSpire:Innocence","floor":15.0,"key":"SMITH"}],"circlet_count":0,"master_deck":["AscendersBane","Strike_B","Strike_B","Strike_B","Defend_B","Defend_B","Defend_B","Defend_B","Zap+1","Dualcast+1","Defragment+1","Electrodynamics","StuffTheSpire:Innocence+1","Core Surge","Ball Lightning+1","Ball Lightning"],"relics":["Cracked Core","NeowsBlessing","Golden Idol","trackpad:IciclePrecepts","trackpad:GuardianSpirit","Replay:Antivirus Software"],"acts_visited":["Exordium","TheCity"],"potions_floor_usage":[],"damage_taken":[{"damage":0.0,"enemies":"Cultist","floor":1.0,"turns":1.0},{"damage":0.0,"enemies":"2 Louse","floor":2.0,"turns":1.0},{"damage":0.0,"enemies":"Gremlin Nob","floor":7.0,"turns":1.0},{"damage":3.0,"enemies":"Small Slimes","floor":14.0,"turns":3.0},{"damage":20.0,"enemies":"Slime Boss","floor":16.0,"turns":7.0},{"damage":29,"enemies":"3 Byrds","floor":18,"turns":4},{"damage":8,"enemies":"Shell Parasite","floor":21,"turns":4},{"damage":23,"enemies":"3 Cultists","floor":22,"turns":4},{"damage":59,"enemies":"Book of Stabbing","floor":23,"turns":5}],"seed_played":"-1998341237397481697","potions_obtained":[],"is_trial":false,"path_per_floor":["M","M","?","?","$","R","E","R","T","R","?","$","?","M","R","B",null,"M","?","?","M","M","E"],"character_chosen":"DEFECT","items_purchased":["Defragment"],"campfire_rested":0,"item_purchase_floors":[5],"current_hp_per_floor":[64,64,64,47,47,47,47,47,47,47,52,52,45,42,42,22,63,34,34,34,26,3,0,0],"gold":136,"neow_bonus":"THREE_ENEMY_KILL","is_daily":false,"chose_seed":false,"campfire_upgraded":4,"win_rate":0.0,"timestamp":1608923087,"path_taken":["M","?","?","?","$","R","E","R","T","R","?","$","?","M","R","BOSS","M","?","?","M","?","E"],"items_purchased_type":["Card"],"build_version":"2020-12-22","purchased_purges":0,"victory":false,"max_hp_per_floor":[71,71,71,71,71,71,71,71,71,71,76,76,76,76,76,76,76,76,76,76,76,76,76,76],"card_choices":[{"not_picked":["Turbo","Stack","jedi:BurstFrost"],"picked":"SKIP","floor":1.0},{"not_picked":["Barrage","Scrape","StuffTheSpire:LoadUp"],"picked":"SKIP","floor":2.0},{"not_picked":["Conserve Battery","StuffTheSpire:SnapShoot"],"picked":"Electrodynamics","floor":7.0},{"not_picked":["StuffTheSpire:SnapShoot","Time Bomb","Streamline"],"picked":"SKIP","floor":14.0},{"not_picked":["StuffTheSpire:LaunchingStrike","StuffTheSpire:Purify"],"picked":"Core Surge","floor":16.0},{"not_picked":["Steam Power","jedi:hex"],"picked":"Ball Lightning+1","floor":18},{"not_picked":["Turbo","Rebound","Hologram"],"picked":"SKIP","floor":21},{"not_picked":["Lockon","DiskWipe"],"picked":"Ball Lightning","floor":22}],"player_experience":936047,"relics_obtained":[{"floor":7.0,"key":"trackpad:IciclePrecepts"},{"floor":9.0,"key":"trackpad:GuardianSpirit"}],"event_choices":[{"cards_removed":["Strike_B"],"damage_healed":0.0,"max_hp_gain":0.0,"max_hp_loss":0.0,"gold_gain":0.0,"event_name":"The Cleric","player_choice":"Card Removal","floor":3.0,"gold_loss":50.0,"damage_taken":0.0},{"damage_healed":0.0,"max_hp_gain":0.0,"max_hp_loss":0.0,"gold_gain":0.0,"event_name":"Golden Idol","player_choice":"Take Damage","floor":4.0,"gold_loss":0.0,"damage_taken":17.0,"relics_obtained":["Golden Idol"]},{"damage_healed":0.0,"max_hp_gain":5.0,"max_hp_loss":0.0,"gold_gain":0.0,"event_name":"Big Fish","player_choice":"Donut","floor":11.0,"gold_loss":0.0,"damage_taken":0.0},{"damage_healed":0,"gold_gain":0,"player_choice":"Ignored","damage_taken":0,"max_hp_gain":0,"max_hp_loss":0,"event_name":"Ghosts","floor":19,"gold_loss":0},{"damage_healed":0,"gold_gain":0,"player_choice":"Paid Gold","damage_taken":0,"relics_obtained":["Replay:Antivirus Software"],"max_hp_gain":0,"max_hp_loss":0,"event_name":"WeMeetAgain","floor":20,"gold_loss":75}],"is_beta":false,"boss_relics":[{"not_picked":["Runic Dome","Coffee Dripper","Painkiller Herb"]}],"items_purged_floors":[],"is_endless":false,"potions_floor_spawned":[14,18,21],"killed_by":"Book of Stabbing","ascension_level":14}}