{"host":"xr8r2flpb2i2fv48","time":1608854979,"event":{"mods":["2.2 Compatiblity","Act Like it!","BaseMod","Better Note","Better Third Choice","Downfall","Gensokyo","Hallownest","Hermit","Lobotomy","LobotomyExtend","Marisa????????","Minty Spire (QoL Compilation)","Reimu??????","Replay The Spire","StSLib","The Bug Knight","The Cursed","The Gatherer","The Marked","The Runesmith","The Spell Scribe","TheSwordswoman","TheVacant","egg"],"gold_per_floor":[210,64,74,93,93,123,141,175,224,224,0,0,0,10,10,110,110,122,122,137,59,59,59,59,89,389,421,16,29,63,76,76,76,76],"floor_reached":33,"playtime":4669,"items_purged":["theMarked:Strike","theMarked:Strike"],"score":313,"play_id":"ee204fc7-63aa-433f-9268-52208c5990ce","local_time":"20201225010939","is_ascension_mode":false,"campfire_choices":[{"data":"theMarked:StartUp","floor":12.0,"key":"SMITH"},{"data":"theMarked:RogueSparks","floor":15.0,"key":"SMITH"},{"data":"Enlightenment","floor":23,"key":"SMITH"},{"floor":32,"key":"REST"}],"circlet_count":0,"master_deck":["theMarked:Strike","theMarked:Strike","theMarked:Strike","theMarked:Defend","theMarked:Defend","theMarked:Defend","theMarked:Defend","theMarked:SoldierOfQuellstein","theMarked:SelfDefenseTraining","theMarked:Opportunist+1","theMarked:StartUp+1","theMarked:Parkour","theMarked:HeritageOfTheMarked","theMarked:SoldierForm","Enlightenment+1","theMarked:RogueSparks+1","theMarked:TakeOffHeels","CurseOfTheBell","theMarked:RogueSparks","theMarked:ComboAttacks+1","Doubt","theMarked:Opportunist+1","theMarked:DeterminationOfTheMarked+1","theMarked:EnhancedHearing"],"relics":["theMarked:ArtifactOfAir","LetterFromLob","HollowMod:LifeEnderRelic","Iron Hammer","Boot","Juzu Bracelet","HollowMod:StagPassRelic","Replay:Grab Bag","Cursed Key","Philosopher\u0027s Stone","SlaversCollar","Calling Bell","Tiny Chest","Garlic","Ginger","Replay:Wax Seal","MealTicket","Old Coin","Ancient Tea Set","Membership Card","Bronze Scales","Omamori","Sundial"],"acts_visited":["Exordium","TheCity"],"potions_floor_usage":[20,27,29,30],"damage_taken":[{"damage":2.0,"enemies":"Small Slimes","floor":1.0,"turns":5.0},{"damage":0.0,"enemies":"2 Louse","floor":3.0,"turns":3.0},{"damage":7.0,"enemies":"Jaw Worm","floor":4.0,"turns":4.0},{"damage":15.0,"enemies":"Lagavulin","floor":6.0,"turns":7.0},{"damage":4.0,"enemies":"Exordium Wildlife","floor":7.0,"turns":4.0},{"damage":19.0,"enemies":"Replay:BlueRogue","floor":8.0,"turns":6.0},{"damage":1.0,"enemies":"Exordium Thugs","floor":14.0,"turns":4.0},{"damage":15.0,"enemies":"Hexaghost","floor":16.0,"turns":9.0},{"damage":0,"enemies":"3 Byrds","floor":18,"turns":4},{"damage":9,"enemies":"Shell Parasite","floor":20,"turns":5},{"damage":12,"enemies":"HollowMod:Nosk","floor":25,"turns":4},{"damage":21,"enemies":"Book of Stabbing","floor":27,"turns":4},{"damage":8,"enemies":"Centurion and Healer","floor":29,"turns":5},{"damage":17,"enemies":"HollowMod:Nosk","floor":30,"turns":5},{"damage":22,"enemies":"3 Cultists","floor":31,"turns":6},{"damage":28,"enemies":"Collector","floor":33,"turns":2}],"seed_played":"4960398667965354122","potions_obtained":[{"floor":3.0,"key":"SteroidPotion"},{"floor":14.0,"key":"SkillPotion"},{"floor":16,"key":"Elixir"},{"floor":18,"key":"SpeedPotion"},{"floor":25,"key":"Swift Potion"}],"is_trial":false,"path_per_floor":["M","$","M","M","?","E","M","E","T","?","?","R","?","M","R","B",null,"M","?","M","$","$","R","?","E","T","E","$","M","E","M","R","B"],"character_chosen":"THE_DEFAULT","items_purchased":["theMarked:Opportunist","Replay:Wax Seal","Membership Card","Bronze Scales","Omamori","theMarked:DeterminationOfTheMarked","Adrenaline Potion"],"campfire_rested":1,"item_purchase_floors":[2,21,28,28,28,28,28],"current_hp_per_floor":[68,68,68,61,61,46,42,23,23,21,27,27,27,26,26,11,76,76,76,67,67,67,67,67,55,55,34,49,41,24,2,24,0,0],"gold":76,"neow_bonus":"HUNDRED_GOLD","is_daily":false,"chose_seed":false,"campfire_upgraded":3,"win_rate":0.0,"timestamp":1608854979,"path_taken":["M","$","M","M","?","E","M","E","T","?","?","R","?","M","R","BOSS","BOSS","M","?","M","?","$","R","?","E","T","E","$","M","E","M","R","BOSS"],"items_purchased_type":["Card","Relic","Relic","Relic","Relic","Card","Potion"],"build_version":"2020-12-22","purchased_purges":2,"victory":false,"max_hp_per_floor":[70,70,70,70,70,70,70,70,70,70,76,76,76,76,76,76,76,76,76,76,76,76,76,76,76,76,76,76,76,76,76,76,76,76],"card_choices":[{"not_picked":["theMarked:Frustration","theMarked:ResourceFulStrike"],"picked":"theMarked:SelfDefenseTraining","floor":1.0},{"not_picked":["theMarked:Static","theMarked:Improvise"],"picked":"theMarked:StartUp","floor":3.0},{"not_picked":["theMarked:Frustration","theMarked:TwofoldDefense"],"picked":"theMarked:Parkour","floor":4.0},{"not_picked":["theMarked:DeterminationOfTheMarked","theMarked:TwofoldDefense"],"picked":"theMarked:HeritageOfTheMarked","floor":6.0},{"not_picked":["theMarked:Frustration","theMarked:Aftermath","theMarked:BanishingStrike"],"picked":"SKIP","floor":7.0},{"not_picked":["theMarked:EnhancedHearing","theMarked:WastefulDefense"],"picked":"theMarked:SoldierForm","floor":8.0},{"not_picked":["theMarked:Aftermath","theMarked:TwofoldDefense"],"picked":"theMarked:RogueSparks","floor":14.0},{"not_picked":["theMarked:Levitate","theMarked:ThrowWeapon"],"picked":"theMarked:TakeOffHeels","floor":16},{"not_picked":["theMarked:Frustration","theMarked:Static","theMarked:BanishingStrike"],"picked":"SKIP","floor":18},{"not_picked":["theMarked:BanishingStrike+1","theMarked:Frustration"],"picked":"theMarked:RogueSparks","floor":20},{"not_picked":["theMarked:Frustration","theMarked:Indomitable"],"picked":"theMarked:ComboAttacks+1","floor":25},{"not_picked":["theMarked:FavorableWinds","theMarked:Overcharge"],"picked":"theMarked:Opportunist+1","floor":27},{"not_picked":["theMarked:Frustration","theMarked:Electrocute","theMarked:WastefulAttack"],"picked":"SKIP","floor":29},{"not_picked":["theMarked:WastefulAttack+1","theMarked:WastefulDefense"],"picked":"theMarked:EnhancedHearing","floor":30},{"not_picked":["theMarked:MagicAdept+1","theMarked:WastefulAttack","theMarked:TwofoldDefense"],"picked":"SKIP","floor":31}],"player_experience":1776545,"relics_obtained":[{"floor":1.0,"key":"LetterFromLob"},{"floor":6.0,"key":"Iron Hammer"},{"floor":8.0,"key":"Boot"},{"floor":9.0,"key":"Juzu Bracelet"},{"floor":17,"key":"Tiny Chest"},{"floor":17,"key":"Garlic"},{"floor":17,"key":"Ginger"},{"floor":25,"key":"MealTicket"},{"floor":26,"key":"Old Coin"},{"floor":27,"key":"Ancient Tea Set"},{"floor":30,"key":"Sundial"}],"event_choices":[{"damage_healed":0.0,"max_hp_gain":0.0,"max_hp_loss":0.0,"gold_gain":0.0,"event_name":"Big Fish","player_choice":"Box","floor":5.0,"gold_loss":0.0,"damage_taken":0.0,"relics_obtained":["HollowMod:LifeEnderRelic"],"cards_obtained":["Regret"]},{"damage_healed":0.0,"max_hp_gain":0.0,"max_hp_loss":0.0,"gold_gain":0.0,"event_name":"betterThird:BetterSerpent","player_choice":"RENOUNCE","floor":11.0,"gold_loss":224.0,"damage_taken":224.0,"cards_obtained":["Enlightenment"]},{"damage_healed":0.0,"max_hp_gain":0.0,"max_hp_loss":0.0,"gold_gain":0.0,"event_name":"Dead Adventurer","player_choice":"Searched \u00271\u0027 times","floor":13.0,"gold_loss":0.0,"damage_taken":0.0,"relics_obtained":["HollowMod:StagPassRelic"]},{"cards_removed":["theMarked:Strike"],"damage_healed":0,"gold_gain":0,"player_choice":"Give","damage_taken":0,"max_hp_gain":0,"max_hp_loss":0,"event_name":"betterNote:BetterNote","floor":19,"gold_loss":0,"cards_obtained":["theScribe:StarterDefend"]}],"is_beta":false,"boss_relics":[{"not_picked":["Coffee Dripper","Runic Pyramid"],"picked":"Replay:Grab Bag"},{"not_picked":["Painkiller Herb","Runic Dome"],"picked":"Cursed Key"},{"not_picked":["ReplayTheSpireMod:DimensionalGlitch","Replay:Bronze Core"],"picked":"Philosopher\u0027s Stone"},{"not_picked":["Ring of Chaos","Empty Cage"],"picked":"SlaversCollar"},{"not_picked":["Astrolabe","theMarked:Eyepatch"],"picked":"Calling Bell"}],"items_purged_floors":[2,28],"is_endless":false,"potions_floor_spawned":[3,14,16,18,25],"killed_by":"Collector","ascension_level":0}}