{"host":"0fm1w3v00gid44jl","time":1608937755,"event":{"mods":["AchievementEnabler","BaseMod","Colored Map","Colored Powertips","Displayed Cursed Tome","Downfall","Googly Eyes","Highlight Path","Minty Spire (QoL Compilation)","Permanent Neow","Relic Stats","StSLib","SuperFastMode","slay the spire mod where everything is the same but ironclad has a cowboy hat"],"gold_per_floor":[0,14,28,28,40,56,81,531,543,559,586,64,164,164,177,177,177,177],"floor_reached":16,"playtime":522,"items_purged":[],"score":103,"play_id":"7b295fd1-ee6a-4b5e-951f-74f47f0f4d38","local_time":"20201225170915","is_ascension_mode":true,"campfire_choices":[{"data":"champ:RapidStrikes","floor":1.0,"key":"SMITH"}],"circlet_count":0,"master_deck":["champ:Strike","champ:Strike","champ:Strike","champ:Strike","champ:Defend","champ:Defend","champ:Defend","champ:Taunt","champ:SwordSigil","champ:RapidStrikes+1","champ:AdrenalArmor","champ:Shatter","champ:BringItOn","champ:GutPunch","Slimebound:Icky","Slimebound:Icky","Slimebound:Icky","champ:Encircle","champ:DeathBlow","champ:Control","champ:BerserkerStyle","champ:BerserkersShout","champ:EnchantSword"],"relics":["champ:ChampionCrown","Nunchaku","Vajra","Odd Mushroom","Chemical X","Mercury Hourglass","downfall:BrokenWingStatue"],"acts_visited":["Exordium"],"potions_floor_usage":[16],"damage_taken":[{"damage":9.0,"enemies":"Small Slimes","floor":2.0,"turns":3.0},{"damage":4.0,"enemies":"2 Louse","floor":3.0,"turns":4.0},{"damage":12.0,"enemies":"Jaw Worm","floor":5.0,"turns":4.0},{"damage":6.0,"enemies":"Large Slime","floor":6.0,"turns":5.0},{"damage":9.0,"enemies":"3 Louse","floor":9.0,"turns":3.0},{"damage":5.0,"enemies":"2 Fungi Beasts","floor":10.0,"turns":3.0},{"damage":26.0,"enemies":"The Mushroom Lair","floor":11.0,"turns":3.0},{"damage":43.0,"enemies":"downfall:FleeingMerchant","floor":12.0,"turns":4.0},{"damage":32,"enemies":"Exordium Wildlife","floor":15,"turns":2},{"damage":49,"enemies":"downfall:Watcher","floor":16,"turns":3}],"seed_played":"5168535985642636620","potions_obtained":[{"floor":2.0,"key":"Swift Potion"},{"floor":5.0,"key":"champ:CounterPotion"}],"is_trial":false,"path_per_floor":["R","M","M","?","M","M","T","?","M","M","?","$","?","?","M","B"],"character_chosen":"THE_CHAMP","items_purchased":["Chemical X","champ:BerserkerStyle","champ:BerserkersShout","Mercury Hourglass"],"campfire_rested":0,"item_purchase_floors":[12,12,12,12],"current_hp_per_floor":[90,90,90,90,84,82,82,82,77,76,61,51,51,51,44,0,0,0],"gold":177,"neow_bonus":"TRANSFORM_TWO_CARDS","is_daily":false,"chose_seed":false,"campfire_upgraded":1,"win_rate":0.0,"timestamp":1608937755,"path_taken":["R","M","M","?","M","M","T","?","M","M","?","$","?","?","M","BOSS"],"items_purchased_type":["Relic","Card","Card","Relic"],"build_version":"2020-12-22","purchased_purges":0,"victory":false,"max_hp_per_floor":[90,90,90,90,90,90,90,90,90,90,90,90,90,90,90,90,90,90],"relic_stats":{"Nunchaku":[5],"counters":[10,34],"Chemical X":[1],"obtain_stats":[{"Nunchaku":4,"downfall:BrokenWingStatue":14,"Vajra":7,"champ:ChampionCrown":0,"Chemical X":12,"Odd Mushroom":11,"Mercury Hourglass":12},{"Nunchaku":2,"downfall:BrokenWingStatue":8,"Vajra":4,"champ:ChampionCrown":0,"Chemical X":8,"Odd Mushroom":7,"Mercury Hourglass":8},{"Nunchaku":7,"downfall:BrokenWingStatue":29,"Vajra":16,"champ:ChampionCrown":0,"Chemical X":29,"Odd Mushroom":25,"Mercury Hourglass":29}],"Mercury Hourglass":[16]},"card_choices":[{"not_picked":["champ:RecklessLeap","champ:Riposte"],"picked":"champ:AdrenalArmor","floor":2.0},{"not_picked":["champ:PerfectedStrike","champ:BladeFlurry"],"picked":"champ:Shatter","floor":3.0},{"not_picked":["champ:RageSigil","champ:PreciseThrust"],"picked":"champ:BringItOn","floor":5.0},{"not_picked":["champ:AdrenalArmor","champ:Haymaker"],"picked":"champ:GutPunch","floor":6.0},{"not_picked":["champ:DefensiveStyle","champ:GutPunch"],"picked":"champ:Encircle","floor":9.0},{"not_picked":["champ:PerfectForm","champ:BerserkersShout"],"picked":"champ:DeathBlow","floor":10.0},{"not_picked":["champ:ShieldWall","champ:Haymaker"],"picked":"champ:Control","floor":12.0},{"not_picked":["champ:BerserkersShout","champ:Riposte"],"picked":"champ:EnchantSword","floor":15}],"player_experience":1453771,"relics_obtained":[{"floor":7.0,"key":"Vajra"},{"floor":11.0,"key":"Odd Mushroom"}],"event_choices":[{"damage_healed":0.0,"max_hp_gain":0.0,"max_hp_loss":0.0,"gold_gain":0.0,"event_name":"Mushrooms","player_choice":"Fought Mushrooms","floor":11.0,"gold_loss":0.0,"damage_taken":0.0}],"is_beta":false,"boss_relics":[],"items_purged_floors":[],"is_endless":false,"potions_floor_spawned":[2,5],"killed_by":"downfall:Watcher","ascension_level":2}}