{"host":"vm8b3ptwl81uq21f","time":1608934402,"event":{"mods":["BaseMod","BetterRewards","Colored Powertips","Downfall","GifTheSpireLib","Googly Eyes","GungeonMod","Halation","Hubris","Minty Spire (QoL Compilation)","Quick Restart","Rare Cards Sparkle","Replay The Spire","Shop Mod","StSLib","Stuff the Spire","The Bug Knight","The IronCluck","[IsaacMod]????"],"gold_per_floor":[139,139,179,216,70,128,266,360,414,453,518,518,518,634,634,729,729,771,791,809,569,581,581],"floor_reached":22,"playtime":1200,"items_purged":["Normality"],"score":252,"play_id":"dd319f73-6186-4461-b589-1612a7bf830d","local_time":"20201225171322","is_ascension_mode":false,"campfire_choices":[{"data":"HandOfGreed","floor":12,"key":"SMITH"},{"data":"DemoMod:Unmoved","floor":15,"key":"SMITH"}],"circlet_count":0,"master_deck":["DemoMod:Defend_Huntress","DemoMod:Defend_Huntress","DemoMod:Defend_Huntress","DemoMod:Roll","DemoMod:ManualReload","DemoMod:RustySidearm","DemoMod:TableTechMoney","Eruption","HandOfGreed+1","DemoMod:RadGun","DemoMod:Unmoved+1","DemoMod:Unmoved","DemoMod:HardPowerCard","DemoMod:ThirdPartyController","DemoMod:RadGun","Bomb","DemoMod:FightSabre","hubris:Wrath","CommonCold","DemoMod:HardPowerCard+1","hubris:NaturalOne","DemoMod:TableSutra+1","DemoMod:Unmoved"],"relics":["DemoMod:Dog","HushsDoor","TheBean","hubris:Icosahedron","Toolbox","ReplayFunnel","Pondfish Scales","HowToJump","Ring of Panic","Ring of Searing","MerchantsRug","BelialBook","DemoMod:GlassGuonStoneRelic"],"acts_visited":["Exordium","TheCity"],"potions_floor_usage":[18,19],"damage_taken":[{"damage":0,"enemies":"Cultist","floor":1,"turns":2},{"damage":3,"enemies":"2 Louse","floor":3,"turns":3},{"damage":0,"enemies":"Jaw Worm","floor":4,"turns":3},{"damage":23,"enemies":"Replay:BlueRogue","floor":6,"turns":6},{"damage":5,"enemies":"Large Slime","floor":7,"turns":4},{"damage":19,"enemies":"3 Sentries","floor":8,"turns":6},{"damage":0,"enemies":"3 Louse","floor":10,"turns":3},{"damage":0,"enemies":"Lots of Slimes","floor":11,"turns":4},{"damage":0,"enemies":"Large Slime","floor":14,"turns":4},{"damage":0,"enemies":"Slime Boss","floor":16,"turns":2},{"damage":18,"enemies":"3 Byrds","floor":18,"turns":4},{"damage":21,"enemies":"Shelled Parasite and Fungi","floor":19,"turns":4},{"damage":0,"enemies":"Snake Plant","floor":20,"turns":3},{"damage":0,"enemies":"Snecko","floor":22,"turns":2}],"seed_played":"-6350331692032491688","potions_obtained":[{"floor":1,"key":"champ:CounterPotion"},{"floor":4,"key":"Explosive Potion"},{"floor":8,"key":"Elixir"},{"floor":11,"key":"ColorlessPotion"},{"floor":18,"key":"DuplicationPotion"}],"is_trial":false,"path_per_floor":["M","?","M","M","$","E","M","E","T","M","M","R","?","M","R","B",null,"M","M","M","$","M"],"character_chosen":"HUNTRESS","items_purchased":["Toolbox","MerchantsRug","BelialBook"],"campfire_rested":0,"item_purchase_floors":[5,21,21],"current_hp_per_floor":[70,70,67,70,70,52,47,28,28,28,28,28,28,28,28,28,70,52,31,31,31,31,31],"gold":581,"neow_bonus":"RANDOM_COLORLESS_2","is_daily":false,"chose_seed":false,"campfire_upgraded":2,"win_rate":0.0,"timestamp":1608934402,"path_taken":["M","?","M","M","$","E","M","E","T","M","?","R","?","M","R","BOSS","M","M","M","$","M"],"items_purchased_type":["Relic","Relic","Relic"],"build_version":"2020-12-22","purchased_purges":1,"victory":false,"max_hp_per_floor":[70,70,70,70,70,70,70,70,70,70,70,70,70,70,70,70,70,70,70,70,70,70,70],"card_choices":[{"not_picked":[],"picked":"BettingIsNotGood","floor":0},{"not_picked":["Poisoned Strike","expansioncontent:DashGenerateEvil"],"picked":"HandOfGreed","floor":0},{"not_picked":["DemoMod:JK47","DemoMod:DirectionalPad"],"picked":"DemoMod:RadGun","floor":1},{"not_picked":["DemoMod:Camera","DemoMod:FastSwitch"],"picked":"DemoMod:Purify","floor":3},{"not_picked":["DemoMod:TableSutra","Bomb"],"picked":"DemoMod:Unmoved","floor":4},{"not_picked":["DemoMod:DirectionalPad","DemoMod:BoxingGlove"],"picked":"DemoMod:Unmoved","floor":4},{"not_picked":["DemoMod:Camera","DemoMod:FastSwitch"],"picked":"Bomb","floor":6},{"not_picked":["DemoMod:TeaPot","DemoMod:SAA"],"picked":"DemoMod:HardPowerCard","floor":7},{"not_picked":["DemoMod:HardPowerCard","DemoMod:CursedBullets"],"picked":"Bomb","floor":8},{"not_picked":["DemoMod:MachoBrace","DemoMod:AbyssalTentacle"],"picked":"DemoMod:ThirdPartyController","floor":10},{"not_picked":["DemoMod:TeaPot","DemoMod:HuntsMan","DemoMod:JK47"],"picked":"SKIP","floor":10},{"not_picked":["DemoMod:TeaPot","DemoMod:StickyCrossBow"],"picked":"DemoMod:RadGun","floor":11},{"not_picked":["DemoMod:StickyCrossBow","DemoMod:ZorGun"],"picked":"Bomb","floor":14},{"not_picked":["DemoMod:Elimentaler","DemoMod:Behold!"],"picked":"DemoMod:FightSabre","floor":16},{"not_picked":["DemoMod:Ejector","DemoMod:GunstockTap"],"picked":"DemoMod:HardPowerCard+1","floor":18},{"not_picked":["DemoMod:Purify","DemoMod:AWP"],"picked":"DemoMod:TableSutra+1","floor":19},{"not_picked":["DemoMod:ProbeStrike","DemoMod:DirectionalPad+1","DemoMod:SAA"],"picked":"SKIP","floor":20},{"not_picked":["DemoMod:TableSutra","DemoMod:BattleInHaste"],"picked":"DemoMod:Unmoved","floor":22}],"player_experience":313636,"relics_obtained":[{"floor":6,"key":"ReplayFunnel"},{"floor":8,"key":"Pondfish Scales"},{"floor":9,"key":"HowToJump"},{"floor":13,"key":"Ring of Panic"},{"floor":13,"key":"Ring of Searing"}],"event_choices":[],"is_beta":false,"boss_relics":[{"not_picked":["Sozu","Honey Jar"],"picked":"Kintsugi"},{"not_picked":[]}],"items_purged_floors":[21],"is_endless":false,"potions_floor_spawned":[1,4,8,11,18],"killed_by":"Snecko","ascension_level":0}}