{"host":"toh0bbw446wnuexf","time":1608882702,"event":{"mods":["BaseMod","Downfall","Hermit","Minty Spire (QoL Compilation)","Random Character Button","StSLib"],"gold_per_floor":[99,110,110,110,127,127,127,127,142,142,52,72,72,82,96,191,191,191,210,55,55,105,179,179,179,179,219,219],"floor_reached":27,"playtime":2474,"items_purged":["sneckomod:Unknown"],"score":221,"play_id":"9edb54f1-ae7b-40b3-9c90-6c08c455aaf9","local_time":"20201225205142","is_ascension_mode":false,"campfire_choices":[{"data":"sneckomod:SnekBite","floor":1,"key":"SMITH"},{"floor":6,"key":"REST"},{"data":"sneckomod:UnknownUncommonPower","floor":8,"key":"SMITH"},{"data":"sneckomod:UnknownRareSkill","floor":10,"key":"SMITH"},{"floor":13,"key":"REST"},{"data":"sneckomod:UnknownRareSkill","floor":18,"key":"SMITH"},{"floor":26,"key":"REST"}],"circlet_count":0,"master_deck":["sneckomod:Strike","sneckomod:Strike","sneckomod:Strike","sneckomod:Defend","sneckomod:Defend","sneckomod:Defend","sneckomod:TailWhip","sneckomod:SnekBite+1","sneckomod:SerpentMind","sneckomod:UnknownUncommonPower+1","sneckomod:UnknownClassHEXA_GHOST_PURPLE","sneckomod:UnknownRareSkill+1","sneckomod:UnknownRareSkill+1","sneckomod:UnknownRareAttack","sneckomod:Mudshield"],"relics":["sneckomod:SneckoSoul","downfall:ShatteredFragment","Letter Opener","Runic Pyramid","downfall:KnowingSkull","Dead Branch","Molten Egg 2"],"acts_visited":["Exordium","TheCity"],"potions_floor_usage":[16,16,23,23],"damage_taken":[{"damage":2,"enemies":"Cultist","floor":2,"turns":4},{"damage":0,"enemies":"Small Slimes","floor":5,"turns":2},{"damage":1,"enemies":"Jaw Worm","floor":9,"turns":3},{"damage":0,"enemies":"downfall:FleeingMerchant","floor":11,"turns":4},{"damage":11,"enemies":"2 Fungi Beasts","floor":12,"turns":4},{"damage":0,"enemies":"Blue Slaver","floor":14,"turns":3},{"damage":35,"enemies":"Exordium Wildlife","floor":15,"turns":5},{"damage":28,"enemies":"downfall:Silent","floor":16,"turns":8},{"damage":16,"enemies":"Shell Parasite","floor":19,"turns":5},{"damage":0,"enemies":"downfall:FleeingMerchant","floor":20,"turns":4},{"damage":44,"enemies":"Shelled Parasite and Fungi","floor":22,"turns":6},{"damage":27,"enemies":"Gremlin Leader","floor":23,"turns":5},{"damage":46,"enemies":"Cultist and Chosen","floor":27,"turns":6}],"seed_played":"2862251029214020716","potions_obtained":[{"floor":5,"key":"Weak Potion"},{"floor":12,"key":"LiquidBronze"},{"floor":15,"key":"Energy Potion"},{"floor":16,"key":"champ:CounterPotion"},{"floor":22,"key":"Explosive Potion"}],"is_trial":false,"path_per_floor":["R","M","?","?","M","R","T","R","M","R","$","M","R","M","M","B",null,"R","M","$","?","M","E","T","?","R","M"],"character_chosen":"THE_SNECKO","items_purchased":["sneckomod:UnknownRareAttack"],"campfire_rested":3,"item_purchase_floors":[20],"current_hp_per_floor":[63,62,41,41,42,69,69,69,69,69,69,58,85,85,50,23,94,94,88,89,82,38,11,11,11,39,0,0],"gold":219,"neow_bonus":"THREE_RARE_CARDS","is_daily":false,"chose_seed":false,"campfire_upgraded":4,"win_rate":0.0,"timestamp":1608882702,"path_taken":["R","M","?","?","M","R","T","R","?","R","$","M","R","M","M","BOSS","R","M","$","?","?","E","T","?","R","M"],"items_purchased_type":["Card"],"build_version":"2020-12-22","purchased_purges":1,"victory":false,"max_hp_per_floor":[90,91,91,91,92,92,92,92,93,93,93,93,93,93,93,94,94,94,94,95,95,95,95,95,95,95,95,95],"card_choices":[{"not_picked":["sneckomod:UnknownColorless","sneckomod:Unknown3Cost"],"picked":"sneckomod:SerpentMind","floor":0},{"not_picked":["sneckomod:QuickMove","sneckomod:ImprovisedAttack"],"picked":"sneckomod:UnknownUncommonPower","floor":2},{"not_picked":["sneckomod:SoulRoll","sneckomod:IronFang"],"picked":"sneckomod:UnknownClassHEXA_GHOST_PURPLE","floor":5},{"not_picked":["sneckomod:ImprovisedGuard","sneckomod:DiceCrush"],"picked":"sneckomod:UnknownRareSkill","floor":9},{"not_picked":["sneckomod:QuickBite","sneckomod:RainOfDice","sneckomod:Unknown1Cost"],"picked":"SKIP","floor":11},{"not_picked":["sneckomod:ImprovisedGuard","sneckomod:MasterEye","sneckomod:UnknownClassRED"],"picked":"SKIP","floor":12},{"not_picked":["sneckomod:IronFang","sneckomod:UnknownBlock","sneckomod:UnknownExhaust"],"picked":"SKIP","floor":14},{"not_picked":["sneckomod:SerpentMind","sneckomod:SoulRoll","sneckomod:UnknownCommonAttack"],"picked":"SKIP","floor":15},{"not_picked":["sneckomod:Restock","sneckomod:MorePower"],"picked":"sneckomod:UnknownRareSkill","floor":16},{"not_picked":["sneckomod:SoulDraw","sneckomod:UnknownClassGREEN","sneckomod:UnknownUncommonAttack"],"picked":"SKIP","floor":19},{"not_picked":["sneckomod:DiceCrush","sneckomod:DefensiveFlair","sneckomod:QuickBite"],"picked":"SKIP","floor":20},{"not_picked":["sneckomod:RainOfDice+1","sneckomod:UnknownClassDEFAULT_GRAY_COLOR+1","sneckomod:SoulRoll+1"],"picked":"SKIP","floor":22},{"not_picked":["sneckomod:SoulDraw","sneckomod:RainOfDice"],"picked":"sneckomod:Mudshield","floor":23}],"player_experience":524324,"relics_obtained":[{"floor":7,"key":"Letter Opener"},{"floor":23,"key":"Dead Branch"},{"floor":24,"key":"Molten Egg 2"}],"event_choices":[{"cards_removed":["sneckomod:Unknown"],"damage_healed":0,"gold_gain":0,"player_choice":"Offered Basic","damage_taken":0,"max_hp_gain":0,"max_hp_loss":0,"event_name":"Bonfire Elementals","floor":4,"gold_loss":0}],"is_beta":false,"boss_relics":[{"not_picked":["Tiny House","Philosopher\u0027s Stone"],"picked":"Runic Pyramid"}],"items_purged_floors":[11],"is_endless":false,"potions_floor_spawned":[5,12,15,16,22],"killed_by":"Cultist and Chosen","ascension_level":0}}