{"host":"ywt8u9kq80n9hc8s","time":1608906741,"event":{"mods":["AchievementEnabler","Alarm Clock","BaseMod","Better Altar","Better Match","Better Note","Better Sensory Stone","Better Skull","Better Third Choice","BetterRewards","Filter the Spire","Minty Spire (QoL Compilation)","Permanent Neow","Rare Cards Sparkle","StSLib"],"gold_per_floor":[112,130,55,155,169,196,216,216,216,234,299,299,319,219,219,322,322,333,353,379,379,397,397,397],"floor_reached":23,"playtime":2453,"items_purged":["Defend_B","Strike_B"],"score":193,"play_id":"45706b61-807e-48cb-b69c-74cf0c965ab5","local_time":"20201225163221","is_ascension_mode":false,"campfire_choices":[{"floor":8,"key":"REST"},{"floor":15,"key":"REST"}],"circlet_count":0,"master_deck":["Strike_B","Strike_B","Defend_B+1","Defend_B","Zap+1","Dualcast","Coolheaded","Loop","Tempest","Hello World","Creative AI","Recycle+1"],"relics":["Runic Pyramid","Orichalcum","War Paint","Bottled Tornado","Empty Cage","Anchor"],"acts_visited":["Exordium","TheCity"],"potions_floor_usage":[],"damage_taken":[{"damage":6,"enemies":"Jaw Worm","floor":1,"turns":4},{"damage":0,"enemies":"Cultist","floor":2,"turns":4},{"damage":9,"enemies":"2 Louse","floor":5,"turns":2},{"damage":21,"enemies":"3 Sentries","floor":6,"turns":11},{"damage":13,"enemies":"Red Slaver","floor":7,"turns":5},{"damage":8,"enemies":"Large Slime","floor":10,"turns":6},{"damage":26,"enemies":"Gremlin Nob","floor":11,"turns":4},{"damage":12,"enemies":"Exordium Thugs","floor":13,"turns":4},{"damage":1,"enemies":"Hexaghost","floor":16,"turns":13},{"damage":8,"enemies":"Shell Parasite","floor":18,"turns":7},{"damage":23,"enemies":"Chosen","floor":19,"turns":7},{"damage":24,"enemies":"Snecko","floor":22,"turns":8},{"damage":33,"enemies":"Gremlin Leader","floor":23,"turns":3}],"seed_played":"-1814262678475864880","potions_obtained":[{"floor":5,"key":"SkillPotion"},{"floor":7,"key":"DuplicationPotion"},{"floor":11,"key":"Strength Potion"},{"floor":22,"key":"Fire Potion"}],"is_trial":false,"path_per_floor":["M","M","$","?","M","E","M","R","T","M","?","?","M","$","R","B",null,"M","M","T","?","M","E"],"character_chosen":"DEFECT","items_purchased":[],"campfire_rested":2,"item_purchase_floors":[],"current_hp_per_floor":[69,69,69,69,60,39,26,48,48,40,14,14,2,2,24,23,75,67,44,44,44,20,0,0],"gold":397,"neow_bonus":"BOSS_RELIC","is_daily":false,"chose_seed":false,"campfire_upgraded":0,"win_rate":0.0,"timestamp":1608906741,"path_taken":["M","M","$","?","M","E","?","R","T","M","?","?","M","$","R","BOSS","M","M","?","?","?","E"],"items_purchased_type":[],"build_version":"2020-12-22","purchased_purges":2,"victory":false,"max_hp_per_floor":[75,75,75,75,75,75,75,75,75,75,75,75,75,75,75,75,75,75,75,75,75,75,75,75],"card_choices":[{"not_picked":["Conserve Battery","Rebound","Blizzard"],"picked":"SKIP","floor":1},{"not_picked":["Rebound","Doom and Gloom","Sweeping Beam"],"picked":"SKIP","floor":2},{"not_picked":["Conserve Battery","Compile Driver"],"picked":"Coolheaded","floor":5},{"not_picked":["FTL","Leap"],"picked":"Loop","floor":6},{"not_picked":["Rebound","Gash","Melter"],"picked":"SKIP","floor":7},{"not_picked":["Scrape","Meteor Strike"],"picked":"Tempest","floor":10},{"not_picked":["Sunder","Blizzard"],"picked":"Hello World","floor":11},{"not_picked":["Rebound","Compile Driver","Steam"],"picked":"SKIP","floor":13},{"not_picked":["Hyperbeam","Machine Learning"],"picked":"Creative AI","floor":16},{"not_picked":["Leap+1","Gash"],"picked":"Recycle","floor":18},{"not_picked":["Aggregate+1","Coolheaded","Stack+1"],"picked":"SKIP","floor":19},{"not_picked":["Gash+1","Scrape+1","Redo"],"picked":"SKIP","floor":22}],"player_experience":32402,"relics_obtained":[{"floor":6,"key":"Orichalcum"},{"floor":9,"key":"War Paint"},{"floor":11,"key":"Bottled Tornado"},{"floor":20,"key":"Anchor"}],"event_choices":[{"damage_healed":0,"gold_gain":100,"player_choice":"Pray","damage_taken":0,"max_hp_gain":0,"max_hp_loss":0,"event_name":"Golden Shrine","floor":4,"gold_loss":0},{"damage_healed":0,"gold_gain":30,"player_choice":"Searched \u00272\u0027 times","damage_taken":0,"max_hp_gain":0,"max_hp_loss":0,"event_name":"Dead Adventurer","floor":11,"gold_loss":0},{"cards_removed":["Hello World"],"damage_healed":0,"gold_gain":0,"player_choice":"Give","damage_taken":0,"max_hp_gain":0,"max_hp_loss":0,"event_name":"betterNote:BetterNote","floor":12,"gold_loss":0,"cards_obtained":["Defend_B"]},{"damage_healed":0,"gold_gain":0,"player_choice":"Upgraded","damage_taken":0,"max_hp_gain":0,"max_hp_loss":0,"event_name":"Upgrade Shrine","floor":21,"gold_loss":0,"cards_upgraded":["Recycle"]}],"is_beta":false,"boss_relics":[{"not_picked":["Coffee Dripper","Nuclear Battery"],"picked":"Empty Cage"}],"items_purged_floors":[3,14],"is_endless":false,"potions_floor_spawned":[5,7,11,22],"killed_by":"Gremlin Leader","ascension_level":0}}