{"host":"f9ntswufr8mq3t4y","time":1608930850,"event":{"mods":["AchievementEnabler","BaseMod","Best Route Mod","Block Reminder","Colored Map","Colored Powertips","DeckTracker","Highlight Path","Minty Spire (QoL Compilation)","Permanent Neow","Quick Restart"],"gold_per_floor":[19,19,31,31,31,31,65,65,65,65,65,82,93,128,128,225,225,240,256,256,273,288,288,314,314,314,314,340,340,340,350,350,446,446,466,240,240,258,273,273,0,0,53,53,53],"floor_reached":44,"playtime":2171,"items_purged":["Rip and Tear"],"score":575,"play_id":"62288a8a-1a82-4993-b8b5-316ed20b9672","local_time":"20201226001410","is_ascension_mode":true,"campfire_choices":[{"data":"Apotheosis","floor":6,"key":"SMITH"},{"data":"Chaos","floor":8,"key":"SMITH"},{"data":"Core Surge","floor":10,"key":"SMITH"},{"data":"Reboot","floor":15,"key":"SMITH"},{"data":"Buffer","floor":23,"key":"SMITH"},{"data":"Reboot","floor":25,"key":"SMITH"},{"floor":27,"key":"REST"},{"floor":29,"key":"REST"},{"data":"Fission","floor":32,"key":"SMITH"},{"data":"Electrodynamics","floor":40,"key":"SMITH"},{"data":"Mayhem","floor":42,"key":"SMITH"}],"circlet_count":0,"master_deck":["Strike_B","Strike_B","Defend_B","Defend_B","Defend_B+1","Defend_B","Zap","Dualcast","Apotheosis+1","Chaos+1","Redo","Core Surge+1","Chill+1","Reboot+1","Reboot+1","Buffer+1","Fission+1","Electrodynamics+1","Capacitor","White Noise","Mayhem+1","Fusion","Hologram+1"],"relics":["Cracked Core","Strawberry","Ancient Tea Set","CaptainsWheel","Nuclear Battery","Enchiridion","War Paint","Pantograph","Gremlin Horn","Meat on the Bone","Black Star","Red Mask","Bag of Marbles"],"acts_visited":["TheCity","TheBeyond"],"potions_floor_usage":[7,33,39,39,44],"damage_taken":[{"damage":2,"enemies":"Small Slimes","floor":1,"turns":3},{"damage":0,"enemies":"Cultist","floor":3,"turns":3},{"damage":22,"enemies":"3 Sentries","floor":7,"turns":5},{"damage":2,"enemies":"Jaw Worm","floor":12,"turns":2},{"damage":1,"enemies":"2 Fungi Beasts","floor":13,"turns":2},{"damage":5,"enemies":"Lagavulin","floor":14,"turns":6},{"damage":20,"enemies":"Slime Boss","floor":16,"turns":11},{"damage":2,"enemies":"Chosen","floor":18,"turns":5},{"damage":0,"enemies":"Spheric Guardian","floor":19,"turns":1},{"damage":18,"enemies":"Shelled Parasite and Fungi","floor":21,"turns":6},{"damage":10,"enemies":"Snecko","floor":22,"turns":5},{"damage":0,"enemies":"Book of Stabbing","floor":24,"turns":4},{"damage":39,"enemies":"Gremlin Leader","floor":28,"turns":9},{"damage":0,"enemies":"3 Cultists","floor":31,"turns":5},{"damage":32,"enemies":"Collector","floor":33,"turns":12},{"damage":0,"enemies":"Orb Walker","floor":35,"turns":4},{"damage":11,"enemies":"3 Shapes","floor":38,"turns":5},{"damage":6,"enemies":"Jaw Worm Horde","floor":39,"turns":3},{"damage":97,"enemies":"Giant Head","floor":44,"turns":8}],"seed_played":"7707122450946410519","potions_obtained":[{"floor":2,"key":"DuplicationPotion"},{"floor":2,"key":"Swift Potion"},{"floor":2,"key":"ColorlessPotion"},{"floor":7,"key":"FearPotion"},{"floor":14,"key":"PotionOfCapacity"},{"floor":24,"key":"Energy Potion"},{"floor":33,"key":"PowerPotion"}],"is_trial":false,"path_per_floor":["M","?","M","$","?","R","E","R","T","R","?","M","M","E","R","B",null,"M","M","?","M","M","R","E","R","T","R","E","R","T","M","R","B",null,"M","$","?","M","M","R","?","R","T","E"],"character_chosen":"DEFECT","items_purchased":["Capacitor","White Noise"],"campfire_rested":2,"item_purchase_floors":[36,36],"current_hp_per_floor":[73,73,73,73,66,66,51,51,51,51,51,49,48,43,43,23,82,80,80,64,46,36,36,36,36,36,60,21,45,45,45,45,50,82,82,82,82,71,65,65,65,65,65,0,0],"gold":53,"neow_bonus":"RANDOM_COLORLESS_2","is_daily":false,"chose_seed":false,"campfire_upgraded":9,"win_rate":0.0,"timestamp":1608930850,"path_taken":["M","?","?","$","?","R","E","R","T","R","?","M","?","E","R","BOSS","M","M","?","M","M","R","E","R","T","R","E","R","?","M","R","BOSS","M","$","?","M","M","R","?","R","T","E"],"items_purchased_type":["Card","Card"],"build_version":"2020-12-22","purchased_purges":1,"victory":false,"max_hp_per_floor":[75,75,75,75,75,75,82,82,82,82,82,82,82,82,82,82,82,82,82,82,82,82,82,82,82,82,82,82,82,82,82,82,82,82,82,82,82,82,82,82,82,82,82,82,82],"card_choices":[{"not_picked":["Secret Weapon","Metamorphosis"],"picked":"Apotheosis","floor":0},{"not_picked":["Beam Cell","Sweeping Beam"],"picked":"Chaos","floor":1},{"not_picked":["Turbo","Hologram"],"picked":"Redo","floor":3},{"not_picked":["Cold Snap","Capacitor"],"picked":"Core Surge","floor":7},{"not_picked":["Barrage","Gash"],"picked":"Chill","floor":12},{"not_picked":["Gash","Go for the Eyes"],"picked":"Rip and Tear","floor":13},{"not_picked":["Redo","Stack"],"picked":"Reboot","floor":14},{"not_picked":["Buffer","All For One"],"picked":"Reboot","floor":16},{"not_picked":["Conserve Battery","Steam","Compile Driver"],"picked":"SKIP","floor":18},{"not_picked":["Barrage","Reprogram","Conserve Battery"],"picked":"SKIP","floor":19},{"not_picked":["FTL","Streamline","Skim"],"picked":"SKIP","floor":21},{"not_picked":["Barrage","Stack"],"picked":"Buffer","floor":22},{"not_picked":["Hologram","Compile Driver+1","Beam Cell+1"],"picked":"SKIP","floor":24},{"not_picked":["Scrape","Beam Cell"],"picked":"Fission","floor":28},{"not_picked":["Stack","Rip and Tear","Ball Lightning"],"picked":"SKIP","floor":31},{"not_picked":["Rainbow","Fission"],"picked":"Electrodynamics","floor":33},{"not_picked":["Steam","Beam Cell","Turbo"],"picked":"SKIP","floor":35},{"not_picked":["Chrysalis","Sadistic Nature"],"picked":"Mayhem","floor":37},{"not_picked":["Hologram+1","Gash"],"picked":"Fusion","floor":38},{"not_picked":["Hologram+1","Steam+1","Gash+1"],"picked":"SKIP","floor":39},{"not_picked":["Steam+1","Gash+1"],"picked":"Hologram+1","floor":39}],"player_experience":328776,"relics_obtained":[{"floor":7,"key":"Strawberry"},{"floor":9,"key":"Ancient Tea Set"},{"floor":14,"key":"CaptainsWheel"},{"floor":20,"key":"Enchiridion"},{"floor":24,"key":"War Paint"},{"floor":26,"key":"Pantograph"},{"floor":28,"key":"Gremlin Horn"},{"floor":30,"key":"Meat on the Bone"},{"floor":43,"key":"Bag of Marbles"}],"event_choices":[{"damage_healed":0,"gold_gain":0,"player_choice":"Got Potions","damage_taken":0,"max_hp_gain":0,"max_hp_loss":0,"event_name":"Lab","floor":2,"gold_loss":0},{"cards_removed":["Strike_B"],"damage_healed":0,"gold_gain":0,"player_choice":"Card Removal","damage_taken":7,"max_hp_gain":0,"max_hp_loss":0,"event_name":"Golden Wing","floor":5,"gold_loss":0},{"cards_removed":["Strike_B"],"damage_healed":0,"gold_gain":0,"player_choice":"Forget","damage_taken":0,"max_hp_gain":0,"max_hp_loss":0,"event_name":"Living Wall","floor":11,"gold_loss":0},{"damage_healed":0,"gold_gain":0,"player_choice":"Obtained Book","damage_taken":16,"max_hp_gain":0,"max_hp_loss":0,"event_name":"Cursed Tome","floor":20,"gold_loss":0},{"damage_healed":0,"gold_gain":0,"player_choice":"Memory 1","damage_taken":0,"max_hp_gain":0,"max_hp_loss":0,"event_name":"SensoryStone","floor":37,"gold_loss":0},{"damage_healed":0,"gold_gain":0,"player_choice":"Paid","damage_taken":0,"relics_obtained":["Red Mask"],"max_hp_gain":0,"max_hp_loss":0,"event_name":"Tomb of Lord Red Mask","floor":41,"gold_loss":273}],"is_beta":false,"boss_relics":[{"not_picked":["Sozu","Calling Bell"],"picked":"Nuclear Battery"},{"not_picked":["SacredBark","Runic Pyramid"],"picked":"Black Star"}],"items_purged_floors":[36],"is_endless":false,"potions_floor_spawned":[7,14,18,24,31,33,38],"killed_by":"Giant Head","ascension_level":4}}