{"host":"1c52r9kaxdyo25eq","time":1608892005,"event":{"mods":["AchievementEnabler","BaseMod","Minty Spire (QoL Compilation)","Rare Cards Sparkle","SuperFastMode","everything is the same but u backflip on backflip"],"gold_per_floor":[116,134,59,70,70,70,84,84,84,9,42,42,58,68,68,146,146,157,157,157,177,177,177,191,191,191,241,241,84,84,29,29,103,103,113,131,143,156,156,183,183,214,214,214,26,26,26,41,41,41,41],"floor_reached":50,"playtime":1024,"items_purged":["Strike_G","Strike_G"],"score":1100,"play_id":"b6d2f517-dca4-47f6-acf4-effa7d5961a2","local_time":"20201225192645","is_ascension_mode":true,"campfire_choices":[{"data":"Blade Dance","floor":6,"key":"SMITH"},{"data":"Crippling Poison","floor":8,"key":"SMITH"},{"data":"1","floor":15,"key":"LIFT"},{"floor":23,"key":"REST"},{"data":"2","floor":25,"key":"LIFT"},{"data":"3","floor":28,"key":"LIFT"},{"floor":30,"key":"REST"},{"floor":32,"key":"REST"},{"floor":41,"key":"REST"},{"floor":46,"key":"REST"},{"floor":49,"key":"RECALL"}],"circlet_count":0,"master_deck":["AscendersBane","Strike_G","Strike_G+1","Defend_G","Defend_G","Survivor","Neutralize","Infinite Blades","Blade Dance+1","Crippling Poison+1","Acrobatics+1","Phantasmal Killer","A Thousand Cuts+1","Cloak And Dagger","Terror","Footwork","After Image","Escape Plan","Backflip+1","PiercingWail","Accuracy"],"relics":["Ring of the Snake","Vajra","Girya","Cursed Key","WristBlade","Blood Vial","Toxic Egg 2"],"acts_visited":["Exordium","TheCity","TheBeyond"],"potions_floor_usage":[11,11,16,21,22,33,36,37,37,40,42],"damage_taken":[{"damage":0,"enemies":"2 Louse","floor":1,"turns":3},{"damage":1,"enemies":"Cultist","floor":2,"turns":4},{"damage":2,"enemies":"Small Slimes","floor":4,"turns":3},{"damage":4,"enemies":"Blue Slaver","floor":7,"turns":4},{"damage":12,"enemies":"Gremlin Nob","floor":11,"turns":4},{"damage":0,"enemies":"Large Slime","floor":13,"turns":2},{"damage":4,"enemies":"Looter","floor":14,"turns":3},{"damage":0,"enemies":"Slime Boss","floor":16,"turns":7},{"damage":26,"enemies":"Shell Parasite","floor":18,"turns":5},{"damage":23,"enemies":"2 Thieves","floor":21,"turns":3},{"damage":0,"enemies":"Snecko","floor":22,"turns":2},{"damage":14,"enemies":"Cultist and Chosen","floor":24,"turns":5},{"damage":14,"enemies":"Champ","floor":33,"turns":6},{"damage":13,"enemies":"Orb Walker","floor":35,"turns":3},{"damage":10,"enemies":"3 Darklings","floor":36,"turns":4},{"damage":25,"enemies":"Sphere and 2 Shapes","floor":37,"turns":5},{"damage":4,"enemies":"Writhing Mass","floor":38,"turns":4},{"damage":17,"enemies":"Giant Head","floor":40,"turns":5},{"damage":27,"enemies":"Nemesis","floor":42,"turns":7},{"damage":20,"enemies":"Spire Growth","floor":48,"turns":3},{"damage":32,"enemies":"Time Eater","floor":50,"turns":2}],"seed_played":"3846389697097254252","potions_obtained":[{"floor":1,"key":"AttackPotion"},{"floor":7,"key":"Ancient Potion"},{"floor":11,"key":"Block Potion"},{"floor":14,"key":"SmokeBomb"},{"floor":18,"key":"Poison Potion"},{"floor":21,"key":"Strength Potion"},{"floor":33,"key":"Regen Potion"},{"floor":36,"key":"SneckoOil"},{"floor":38,"key":"Fire Potion"},{"floor":40,"key":"Block Potion"},{"floor":48,"key":"Swift Potion"}],"is_trial":false,"path_per_floor":["M","M","$","M","?","R","M","R","T","?","E","?","M","M","R","B",null,"M","?","?","M","M","R","M","R","T","?","R","$","R","$","R","B",null,"M","M","M","M","?","E","R","E","T","?","$","R","?","M","R","B"],"character_chosen":"THE_SILENT","items_purchased":["Terror","Footwork","Block Potion","Accuracy"],"campfire_rested":5,"item_purchase_floors":[29,29,31,45],"current_hp_per_floor":[59,58,58,56,56,56,52,52,52,52,40,20,20,16,16,16,54,28,28,28,5,5,24,10,10,10,10,10,10,29,29,48,34,58,45,35,24,20,54,37,53,27,27,27,27,43,43,25,25,0,0],"gold":41,"neow_bonus":"RANDOM_COMMON_RELIC","is_daily":false,"chose_seed":false,"campfire_upgraded":2,"win_rate":0.0,"timestamp":1608892005,"path_taken":["M","M","$","M","?","R","?","R","T","?","E","?","M","M","R","BOSS","M","?","?","M","?","R","M","R","T","?","R","$","R","?","R","BOSS","M","M","M","M","?","E","R","E","T","?","$","R","?","M","R","BOSS"],"items_purchased_type":["Card","Card","Potion","Card"],"build_version":"2020-12-22","purchased_purges":2,"victory":false,"max_hp_per_floor":[66,66,66,66,66,66,66,66,66,66,66,66,66,66,66,66,66,66,66,66,66,66,66,66,66,66,66,66,66,66,66,66,66,66,66,66,66,66,54,54,54,54,54,54,54,54,51,51,51,51,51],"card_choices":[{"not_picked":["Backflip","Poisoned Stab"],"picked":"Infinite Blades","floor":1},{"not_picked":["Dodge and Roll","Well Laid Plans"],"picked":"Blade Dance","floor":2},{"not_picked":["Flying Knee","Eviscerate"],"picked":"Crippling Poison","floor":4},{"not_picked":["Deadly Poison","Blade Dance"],"picked":"Acrobatics","floor":7},{"not_picked":["Endless Agony","Deadly Poison"],"picked":"Phantasmal Killer","floor":11},{"not_picked":["Blur","Backflip","Underhanded Strike"],"picked":"SKIP","floor":13},{"not_picked":["All Out Attack","Infinite Blades","Dagger Spray"],"picked":"SKIP","floor":14},{"not_picked":["Corpse Explosion","Burst"],"picked":"A Thousand Cuts","floor":16},{"not_picked":["Cloak And Dagger","Sucker Punch","Deadly Poison"],"picked":"SKIP","floor":18},{"not_picked":["Sucker Punch","Deadly Poison"],"picked":"Cloak And Dagger","floor":18},{"not_picked":["PiercingWail","Slice","Dagger Throw"],"picked":"SKIP","floor":21},{"not_picked":["PiercingWail","Slice","Dagger Throw"],"picked":"SKIP","floor":21},{"not_picked":["Slice","Concentrate+1","Bane+1"],"picked":"SKIP","floor":24},{"not_picked":["Bullet Time","Venomology"],"picked":"After Image","floor":33},{"not_picked":["Masterful Stab+1","Infinite Blades"],"picked":"Escape Plan","floor":35},{"not_picked":["Underhanded Strike","Blade Dance"],"picked":"Backflip+1","floor":36},{"not_picked":["Outmaneuver","Caltrops","Footwork"],"picked":"SKIP","floor":37},{"not_picked":["Quick Slash","Deadly Poison+1"],"picked":"PiercingWail","floor":38},{"not_picked":["Underhanded Strike","Blade Dance","Deflect"],"picked":"SKIP","floor":40},{"not_picked":["Underhanded Strike","Blade Dance","Deflect"],"picked":"SKIP","floor":40},{"not_picked":["A Thousand Cuts","Poisoned Stab+1","Glass Knife"],"picked":"SKIP","floor":42},{"not_picked":["Underhanded Strike+1","Dagger Throw+1","Footwork"],"picked":"SKIP","floor":48}],"player_experience":516441,"relics_obtained":[{"floor":11,"key":"Girya"},{"floor":40,"key":"Blood Vial"},{"floor":42,"key":"Toxic Egg 2"}],"event_choices":[{"cards_removed":["Defend_G"],"damage_healed":0,"gold_gain":0,"player_choice":"Purged","damage_taken":0,"max_hp_gain":0,"max_hp_loss":0,"event_name":"Purifier","floor":5,"gold_loss":0},{"cards_removed":["Defend_G"],"damage_healed":0,"gold_gain":0,"player_choice":"Card Removal","damage_taken":0,"max_hp_gain":0,"max_hp_loss":0,"event_name":"The Cleric","floor":10,"gold_loss":75},{"damage_healed":0,"gold_gain":0,"player_choice":"Entered Light","damage_taken":20,"max_hp_gain":0,"max_hp_loss":0,"event_name":"Shining Light","floor":12,"gold_loss":0,"cards_upgraded":["Strike_G","Acrobatics"]},{"cards_removed":["Defend_G"],"damage_healed":0,"gold_gain":0,"player_choice":"Elegance","damage_taken":0,"max_hp_gain":0,"max_hp_loss":0,"event_name":"Back to Basics","floor":19,"gold_loss":0},{"damage_healed":0,"gold_gain":0,"player_choice":"Upgraded","damage_taken":0,"max_hp_gain":0,"max_hp_loss":0,"event_name":"Upgrade Shrine","floor":20,"gold_loss":0,"cards_upgraded":["A Thousand Cuts"]},{"damage_healed":0,"gold_gain":50,"player_choice":"Pray","damage_taken":0,"max_hp_gain":0,"max_hp_loss":0,"event_name":"Golden Shrine","floor":27,"gold_loss":0},{"damage_healed":54,"gold_gain":0,"player_choice":"Heal","damage_taken":0,"max_hp_gain":0,"max_hp_loss":12,"event_name":"The Moai Head","floor":39,"gold_loss":0},{"cards_removed":["Strike_G"],"damage_healed":0,"gold_gain":0,"player_choice":"Removed Attack","damage_taken":0,"max_hp_gain":0,"max_hp_loss":0,"event_name":"Falling","floor":44,"gold_loss":0},{"damage_healed":0,"gold_gain":0,"player_choice":"Max HP","damage_taken":0,"max_hp_gain":0,"max_hp_loss":3,"event_name":"Winding Halls","floor":47,"gold_loss":0}],"is_beta":false,"boss_relics":[{"not_picked":["Calling Bell","Velvet Choker"],"picked":"Cursed Key"},{"not_picked":["Snecko Eye","SacredBark"],"picked":"WristBlade"}],"items_purged_floors":[3,45],"is_endless":false,"potions_floor_spawned":[1,7,11,14,18,21,33,36,38,40,48],"killed_by":"Time Eater","ascension_level":20}}