{"host":"BK","time":1608877121,"event":{"mods":["BaseMod","Highlight Path","Minty Spire (QoL Compilation)","StSLib"],"gold_per_floor":[116,133,145,145,165,165,500,500,500,500,68,68,68,68,68,139,139,139,64,64,14,14,14,14,14,14,14,14,14,14,14,14,14,14],"floor_reached":33,"playtime":2874,"items_purged":["Strike_R"],"score":606,"play_id":"11a8ec66-4b69-4400-8e2b-c8572a5ca59e","local_time":"20201224231841","is_ascension_mode":true,"campfire_choices":[{"data":"Whirlwind","floor":6,"key":"SMITH"},{"data":"Hemokinesis","floor":8,"key":"SMITH"},{"floor":12,"key":"REST"},{"floor":15,"key":"REST"},{"floor":24,"key":"REST"},{"floor":29,"key":"REST"},{"data":"Demon Form","floor":32,"key":"SMITH"}],"circlet_count":0,"master_deck":["AscendersBane","Strike_R+1","Strike_R","Strike_R+1","Defend_R","Defend_R","Defend_R+1","Defend_R","Bash","Pommel Strike","Hemokinesis+1","Iron Wave","Whirlwind+1","Shrug It Off","Blood for Blood","Shrug It Off+1","Demon Form+1","Armaments+1","Shockwave","Burning Pact+1"],"relics":["Black Star","Akabeko","Old Coin","Paper Frog","Lantern","Ectoplasm","Bag of Preparation","Sundial","Centennial Puzzle","Strawberry","War Paint","Meat on the Bone","Oddly Smooth Stone"],"acts_visited":["Exordium","TheCity"],"potions_floor_usage":[7,16,23,23,23,23,33],"damage_taken":[{"damage":7,"enemies":"Cultist","floor":1,"turns":4},{"damage":5,"enemies":"2 Louse","floor":2,"turns":4},{"damage":2,"enemies":"Jaw Worm","floor":3,"turns":3},{"damage":4,"enemies":"2 Fungi Beasts","floor":5,"turns":3},{"damage":8,"enemies":"3 Sentries","floor":7,"turns":4},{"damage":41,"enemies":"Slime Boss","floor":16,"turns":8},{"damage":2,"enemies":"Chosen","floor":18,"turns":2},{"damage":18,"enemies":"Shell Parasite","floor":20,"turns":5},{"damage":4,"enemies":"Centurion and Healer","floor":22,"turns":6},{"damage":27,"enemies":"Book of Stabbing","floor":23,"turns":5},{"damage":13,"enemies":"Gremlin Leader","floor":25,"turns":4},{"damage":2,"enemies":"Snake Plant","floor":27,"turns":3},{"damage":9,"enemies":"Slavers","floor":28,"turns":3},{"damage":11,"enemies":"Cultist and Chosen","floor":30,"turns":5},{"damage":67,"enemies":"Automaton","floor":33,"turns":8}],"seed_played":"-3101815083953711986","potions_obtained":[{"floor":3,"key":"HeartOfIron"},{"floor":7,"key":"SpeedPotion"},{"floor":18,"key":"EntropicBrew"},{"floor":25,"key":"GamblersBrew"}],"is_trial":false,"path_per_floor":["M","M","M","?","M","R","E","R","T","?","$","R","?","?","R","B",null,"M","?","M","?","M","E","R","E","T","M","E","R","M","?","R","B"],"character_chosen":"IRONCLAD","items_purchased":["Lantern","Blood for Blood","Shrug It Off","Explosive Potion"],"campfire_rested":4,"item_purchase_floors":[11,11,11,11],"current_hp_per_floor":[61,56,54,54,50,50,42,42,42,19,19,41,46,35,59,18,65,63,63,45,45,41,14,38,32,32,30,21,47,48,48,48,0,0],"gold":14,"neow_bonus":"BOSS_RELIC","is_daily":false,"chose_seed":false,"campfire_upgraded":3,"win_rate":0.0,"timestamp":1608877121,"path_taken":["M","M","M","?","?","R","E","R","T","?","$","R","?","?","R","BOSS","M","?","M","?","M","E","R","E","T","?","E","R","M","?","R","BOSS"],"items_purchased_type":["Relic","Card","Card","Potion"],"build_version":"2020-12-18","purchased_purges":1,"victory":false,"max_hp_per_floor":[75,75,75,75,75,75,75,75,75,75,75,75,80,80,80,80,80,80,80,80,80,80,80,80,87,87,87,87,87,87,87,87,87,87],"card_choices":[{"not_picked":["Clothesline","Havoc"],"picked":"Pommel Strike","floor":1},{"not_picked":["Body Slam","Havoc"],"picked":"Hemokinesis","floor":2},{"not_picked":["Warcry","Exhume"],"picked":"Iron Wave","floor":3},{"not_picked":["Wild Strike","Searing Blow"],"picked":"Whirlwind","floor":5},{"not_picked":["Thunderclap","Seeing Red"],"picked":"Shrug It Off","floor":7},{"not_picked":["Corruption","Limit Break"],"picked":"Demon Form","floor":16},{"not_picked":["Cleave","Carnage+1","Headbutt"],"picked":"SKIP","floor":18},{"not_picked":["Twin Strike","Sword Boomerang","Infernal Blade"],"picked":"SKIP","floor":20},{"not_picked":["Warcry","Body Slam"],"picked":"Armaments+1","floor":22},{"not_picked":["Uppercut","Iron Wave"],"picked":"Shockwave","floor":23},{"not_picked":["Sever Soul","Warcry","Dual Wield"],"picked":"SKIP","floor":25},{"not_picked":["Clothesline","Cleave","Reckless Charge+1"],"picked":"SKIP","floor":27},{"not_picked":["Rage","Armaments"],"picked":"Burning Pact+1","floor":28},{"not_picked":["Shockwave","Wild Strike","Thunderclap"],"picked":"SKIP","floor":30}],"player_experience":2420887,"relics_obtained":[{"floor":7,"key":"Akabeko"},{"floor":7,"key":"Old Coin"},{"floor":9,"key":"Paper Frog"},{"floor":23,"key":"Bag of Preparation"},{"floor":23,"key":"Sundial"},{"floor":25,"key":"Centennial Puzzle"},{"floor":25,"key":"Strawberry"},{"floor":26,"key":"War Paint"},{"floor":28,"key":"Meat on the Bone"},{"floor":28,"key":"Oddly Smooth Stone"}],"event_choices":[{"damage_healed":0,"gold_gain":0,"player_choice":"0 cards matched","damage_taken":0,"max_hp_gain":0,"max_hp_loss":0,"event_name":"Match and Keep!","floor":4,"gold_loss":0,"cards_obtained":[]},{"damage_healed":0,"gold_gain":0,"player_choice":"Entered Light","damage_taken":23,"max_hp_gain":0,"max_hp_loss":0,"event_name":"Shining Light","floor":10,"gold_loss":0,"cards_upgraded":["Strike_R","Strike_R"]},{"damage_healed":0,"gold_gain":0,"player_choice":"Donut","damage_taken":0,"max_hp_gain":5,"max_hp_loss":0,"event_name":"Big Fish","floor":13,"gold_loss":0},{"damage_healed":0,"gold_gain":0,"player_choice":"Fled","damage_taken":11,"max_hp_gain":0,"max_hp_loss":0,"event_name":"Scrap Ooze","floor":14,"gold_loss":0},{"cards_removed":["Strike_R"],"damage_healed":0,"gold_gain":0,"player_choice":"Gave Gold","damage_taken":0,"max_hp_gain":0,"max_hp_loss":0,"event_name":"Beggar","floor":19,"gold_loss":75},{"damage_healed":0,"gold_gain":0,"player_choice":"Bet on Owner","damage_taken":0,"max_hp_gain":0,"max_hp_loss":0,"event_name":"The Joust","floor":21,"gold_loss":50},{"damage_healed":0,"gold_gain":0,"player_choice":"Ignored","damage_taken":0,"max_hp_gain":0,"max_hp_loss":0,"event_name":"Ghosts","floor":31,"gold_loss":0}],"is_beta":true,"boss_relics":[{"not_picked":["Tiny House","Sozu"],"picked":"Ectoplasm"}],"items_purged_floors":[11],"is_endless":false,"potions_floor_spawned":[3,7,18,20,25],"killed_by":"Automaton","ascension_level":20}}