{"host":"wna8kqr6yweggo4i","time":1608922027,"event":{"mods":["BaseMod","Colored Powertips","Hermit","Hubris","Marisa????????","Minty Spire (QoL Compilation)","StSLib","The Bug Knight"],"gold_per_floor":[214,232,36,36,36,36,65,76,76,76,107,38,62,79,79,174,174,174,174],"floor_reached":18,"playtime":755,"items_purged":[],"score":168,"play_id":"8349f9c9-8104-4783-9b22-20139c8e3fc5","local_time":"20201225124707","is_ascension_mode":false,"campfire_choices":[{"floor":6,"key":"REST"},{"floor":10,"key":"REST"},{"floor":15,"key":"REST"}],"circlet_count":0,"master_deck":["HollowMod:NailStrikeStart","HollowMod:NailStrikeStart","HollowMod:NailStrikeStart","HollowMod:QuickDashStart","HollowMod:QuickDashStart","HollowMod:QuickDashStart","HollowMod:QuickDashStart","HollowMod:FocusHealStart","HollowMod:GrimmsGift+1","HollowMod:SoulShaman","HollowMod:GoodIntentions","HollowMod:DoubleDash","HollowMod:SharpenedNail","hubris:DuctTapeCard","HollowMod:SoulStrike","HollowMod:GreatSlash","HollowMod:HeavyBlow","HollowMod:ZotesMagnificence"],"relics":["HollowMod:VesselMask","Nunchaku","Smiling Mask","hubris:DuctTape","Mango","Boot","hubris:GrandSneckoEye"],"acts_visited":["Exordium","TheCity"],"potions_floor_usage":[16],"damage_taken":[{"damage":2,"enemies":"Small Slimes","floor":1,"turns":3},{"damage":6,"enemies":"Jaw Worm","floor":2,"turns":3},{"damage":43,"enemies":"Gremlin Nob","floor":7,"turns":5},{"damage":1,"enemies":"Cultist","floor":8,"turns":4},{"damage":35,"enemies":"Lagavulin","floor":11,"turns":7},{"damage":0,"enemies":"Large Slime","floor":14,"turns":4},{"damage":52,"enemies":"HollowMod:FalseKnight","floor":16,"turns":11},{"damage":11,"enemies":"Shell Parasite","floor":18,"turns":4}],"seed_played":"467518795919492760","potions_obtained":[{"floor":1,"key":"EssenceOfSteel"},{"floor":11,"key":"Weak Potion"},{"floor":14,"key":"SteroidPotion"},{"floor":16,"key":"SkillPotion"}],"is_trial":false,"path_per_floor":["M","M","$","?","?","R","E","M","T","R","E","$","T","M","R","B",null,"M"],"character_chosen":"THE_BUGKNIGHT","items_purchased":["Nunchaku","HollowMod:GoodIntentions","HollowMod:GreatSlash"],"campfire_rested":3,"item_purchase_floors":[3,3,12],"current_hp_per_floor":[75,69,69,54,54,75,32,31,31,53,38,38,38,44,70,30,89,78,78],"gold":174,"neow_bonus":"HUNDRED_GOLD","is_daily":false,"chose_seed":false,"campfire_upgraded":0,"win_rate":0.0,"timestamp":1608922027,"path_taken":["M","M","$","?","?","R","E","M","T","R","E","$","?","M","R","BOSS","M"],"items_purchased_type":["Relic","Card","Card"],"build_version":"2020-12-22","purchased_purges":0,"victory":false,"max_hp_per_floor":[75,75,75,75,75,75,75,75,75,75,89,89,89,89,89,89,89,89,89],"card_choices":[{"not_picked":["HollowMod:Grubsong","HollowMod:CornifersMapStart"],"picked":"HollowMod:GrimmsGift","floor":1},{"not_picked":["HollowMod:VengefulVoid","HollowMod:LifebloodCocoon"],"picked":"HollowMod:SoulShaman","floor":2},{"not_picked":["HollowMod:WraithStrike","HollowMod:LifebloodCocoon"],"picked":"HollowMod:DoubleDash","floor":7},{"not_picked":["HollowMod:GrimmsGift","HollowMod:NewGlowingWomb"],"picked":"HollowMod:SharpenedNail","floor":8},{"not_picked":["HollowMod:InfectedAttack","HollowMod:AwokenDreamNail"],"picked":"HollowMod:SoulStrike","floor":11},{"not_picked":["HollowMod:TaintedHusks","HollowMod:BaldurShell"],"picked":"HollowMod:HeavyBlow","floor":14},{"not_picked":["HollowMod:SoulMaster","HollowMod:PureVessel"],"picked":"HollowMod:ZotesMagnificence","floor":16}],"player_experience":393068,"relics_obtained":[{"floor":7,"key":"Smiling Mask"},{"floor":9,"key":"hubris:DuctTape"},{"floor":11,"key":"Mango"},{"floor":13,"key":"Boot"}],"event_choices":[{"damage_healed":0,"gold_gain":0,"player_choice":"Entered Light","damage_taken":15,"max_hp_gain":0,"max_hp_loss":0,"event_name":"Shining Light","floor":4,"gold_loss":0,"cards_upgraded":["HollowMod:GrimmsGift","HollowMod:NailStrikeStart"]}],"is_beta":false,"boss_relics":[{"not_picked":["hubris:ScarierMask","Empty Cage"],"picked":"hubris:GrandSneckoEye"}],"items_purged_floors":[],"is_endless":false,"potions_floor_spawned":[1,11,14,16],"killed_by":"Shell Parasite","ascension_level":0}}