{"host":"bvr4vhlu71s3njyz","time":1608870295,"event":{"mods":["2.2 Compatiblity","AchievementEnabler","Act Like it!","Aspiration","Astrologer","Bard","BaseMod","Beaked The Cultist","Better Altar","Better Match","Better Note","Better Sensory Stone","Better Skull","Better Third Choice","CCEM","Conjunction","Downfall","Fiend Mod","Friendly Minions","Gremlin Mod","Hallownest","Hermit","Hubris","Infinite Spire","Jorbs\u0027s Wanderer Trilogy","Mad Scientist","Mimic Mod","Minty Spire (QoL Compilation)","Potionbrewer","Quarter Circle Forward PUNCH!","Replay The Spire","Robot Space Explorer","Shade Mod","Shedinja","Slumbering Mod","StSLib","The Blackbeard","The Bladedancer","The Bug Knight","The Clintock","The Construct","The Cursed","The Dragon Tamer","The Exalted","The Forsaken","The Hayseed","The Hierophant","The Judge","The Mystic","The Necromancer","The Poker Player","The Runesmith","The Sage","The Showman","TheArtist","TheFirefly","TheLocksmith","Trackpad","Wandering Minibosses","thorton","vexMod"],"gold_per_floor":[115,215,24,24,0,0,0,33,56,81,93,112,112,131,131,229,229,247,257,217,417,429,454,454,467,467,467,467,38,57,207,207,309,309,342,342,376,301,341,341,383,47,99,120,120,120,144,177,177,286,286,302,302,377,377,377,377,388,388,381,381,381,381,405,431,431,516,516,542,549,549,549,299,299,309,309,385,385,385,404,110,85,85,125,125,128,128,128,131,131,131,119,118,195,195,195,195,196,194,194,248,248,266,216,236,311,486,486,183,181,181,169,179,197,197,206,206,236,236,238,238,265,290,209,209,201,201,201,201,220,226,229,27,27,0,0],"floor_reached":135,"playtime":30903,"items_purged":["construct:Implosion","Writhe","Doubt"],"score":3269,"play_id":"e1df3315-1165-46c5-be9a-197a4299a238","local_time":"20201224232455","is_ascension_mode":false,"campfire_choices":[{"data":"construct:CreateCores+1","floor":6.0,"key":"SMITH"},{"data":"construct:Autoturret","floor":13.0,"key":"SMITH"},{"data":"construct:Autoturret+1","floor":15.0,"key":"SMITH"},{"floor":24.0,"key":"REST"},{"floor":27.0,"key":"REST"},{"data":"construct:DefenseMode+1","floor":32.0,"key":"SMITH"},{"floor":40.0,"key":"REST"},{"floor":46.0,"key":"REST"},{"data":"construct:SpinDrive","floor":49.0,"key":"SMITH"},{"data":"construct:Enhance","floor":49.0,"key":"SMITH"},{"floor":57.0,"key":"REST"},{"floor":59,"key":"REST"},{"data":"construct:Enhance+1","floor":61,"key":"SMITH"},{"data":"construct:Failsafe","floor":61,"key":"SMITH"},{"data":"construct:Failsafe+1","floor":66,"key":"SMITH"},{"data":"construct:ReactiveShield","floor":66,"key":"SMITH"},{"data":"GremboGang","floor":74,"key":"SMITH"},{"data":"construct:ShieldGenerator","floor":74,"key":"SMITH"},{"data":"construct:ShieldGenerator+1","floor":79,"key":"SMITH"},{"data":"construct:OilSpill","floor":79,"key":"SMITH"},{"data":"construct:OilSpill+1","floor":83,"key":"SMITH"},{"data":"construct:Autoturret","floor":83,"key":"SMITH"},{"data":"construct:Autoturret+1","floor":91,"key":"SMITH"},{"data":"construct:MetalShell","floor":91,"key":"SMITH"},{"data":"construct:MetalShell+1","floor":100,"key":"SMITH"},{"data":"construct:LongRangeLance","floor":100,"key":"SMITH"},{"data":"construct:SpinDrive+1","floor":115,"key":"SMITH"},{"data":"construct:Zapper","floor":115,"key":"SMITH"},{"data":"construct:Zapper+1","floor":117,"key":"SMITH"},{"data":"construct:FlashFreeze","floor":117,"key":"SMITH"},{"data":"construct:FlashFreeze+1","floor":125,"key":"SMITH"},{"data":"construct:CreateCores","floor":125,"key":"SMITH"},{"data":"construct:Construct_Overclock","floor":127,"key":"SMITH"},{"data":"construct:Bunker","floor":127,"key":"SMITH"},{"data":"construct:Bunker+1","floor":129,"key":"SMITH"},{"data":"construct:CreateCores+1","floor":129,"key":"SMITH"},{"data":"infinitespire:Starlight","floor":134,"key":"SMITH"},{"data":"construct:SuppressiveFire","floor":134,"key":"SMITH"}],"circlet_count":0,"master_deck":["construct:Strike_Gold","construct:Strike_Gold","construct:Strike_Gold","construct:Strike_Gold","construct:Strike_Gold","construct:Defend_Gold","construct:Defend_Gold","construct:Defend_Gold","construct:Defend_Gold","construct:Defend_Gold","construct:AttackMode","construct:DefenseMode+2","construct:Autoturret+2","construct:CreateCores+2","Enlightenment","construct:Hazardproof","construct:OilSpill+2","construct:ElectricArmor+1","construct:ScrapCannon","construct:SpinDrive+2","construct:Versatility","infinitespire:Collect","construct:Construct_Overclock+1","construct:VentSteam","Parasite","infinitespire:Starlight+1","construct:ShieldGenerator+2","thefirefly:PhotonBlast","construct:Supernova+1","construct:Enhance+2","construct:Zapper+2","construct:Supernova","construct:SuppressiveFire+1","Sadistic Nature+1","construct:Failsafe+2","construct:ReactiveShield+2","construct:Autoturret+2","construct:BatteryAcid","ReplayTheSpireMod:Book of Names","construct:Synchronize","GremboGang+1","construct:Boost","construct:Impenetrable","construct:LongRangeLance+2","AbeCurse","construct:MetalShell+2","construct:CreateCores+2","construct:CriticalHit","construct:Bunker+2","Burn","construct:Anticipate","construct:NuclearCore","construct:FlashFreeze+2","construct:ChargeShot+1","construct:OneWayMirror","construct:ShiftGuard","construct:GuardCore"],"relics":["construct:ClockworkPhoenix","trackpad:AdjectivePendant","Smiling Mask","trackpad:WritersBlock","vexMod:FocusSash","CCEMRelics:SpiritsEdge","construct:ClawGrip","Pocketwatch","Bird Faced Urn","FossilizedHelix","Juzu Bracelet","ReplayTheSpireMod:CursedCoin","sagemod:Falmels_Amulet","beaked:SacredDeck","infinitespire:EvilPickle","Replay:Arrowhead","CCEMRelics:PorcelainBowl","ChewingGum","construct:MasterCore","Mirror","Bottled Tornado","Ring of Peace","thethorton:CrushedCigarette","White Beast Statue","Bromod:ArcanePistoleer","hubris:FunFungus","infinitespire:EvilPickle","Abe\u0027s Treasure","qcfpunch:White_Boots","aspiration:SeaSaltIceCream","aspiration:BabyByrd","trackpad:FieryHotPepper","vexMod:BigBerry","potionbrewer:RamsHorn","Odd Mushroom","infinitespire:Beetle Shell","infinitespire:Golems Mask","potionbrewer:SlideRule","trackpad:GuardianSpirit","trackpad:Trackpad","Gremlin Food","Pet Ghost","ReplayTheSpireMod:TigerMarble","Bromod:ArcaneNullifier","Molten Egg 2","Replay:Baseball"],"acts_visited":["Exordium","TheCity","TheBeyond","Exordium","TheCity","TheBeyond","Exordium","TheCity"],"potions_floor_usage":[67,84,101,127],"damage_taken":[{"damage":6.0,"enemies":"Jaw Worm","floor":1.0,"turns":6.0},{"damage":13.0,"enemies":"3 Sentries","floor":8.0,"turns":7.0},{"damage":0.0,"enemies":"HollowMod:MossKnight","floor":10.0,"turns":11.0},{"damage":5.0,"enemies":"Cultist","floor":11.0,"turns":5.0},{"damage":1.0,"enemies":"theSlumbering:NewCultist","floor":12.0,"turns":6.0},{"damage":10.0,"enemies":"Looter","floor":14.0,"turns":5.0},{"damage":43.0,"enemies":"Fading Forest","floor":16.0,"turns":11.0},{"damage":0.0,"enemies":"Shell Parasite","floor":18.0,"turns":5.0},{"damage":23.0,"enemies":"Chosen","floor":19.0,"turns":5.0},{"damage":27.0,"enemies":"Snake Plant","floor":22.0,"turns":5.0},{"damage":48.0,"enemies":"Nightmare","floor":23.0,"turns":7.0},{"damage":13.0,"enemies":"Centurion and Healer","floor":25.0,"turns":6.0},{"damage":0.0,"enemies":"Snecko","floor":30.0,"turns":5.0},{"damage":11.0,"enemies":"Pondfish","floor":33.0,"turns":8.0},{"damage":27.0,"enemies":"Orb Walker","floor":35.0,"turns":5.0},{"damage":15.0,"enemies":"3 Shapes","floor":37.0,"turns":8.0},{"damage":75.0,"enemies":"Transient","floor":39.0,"turns":5.0},{"damage":43.0,"enemies":"Jaw Worm Horde","floor":41.0,"turns":7.0},{"damage":57.0,"enemies":"Sphere and 2 Shapes","floor":44.0,"turns":7.0},{"damage":0.0,"enemies":"Maw","floor":47.0,"turns":6.0},{"damage":0.0,"enemies":"Spire Growth","floor":48.0,"turns":9.0},{"damage":76.0,"enemies":"Awakened One","floor":50.0,"turns":11.0},{"damage":14.0,"enemies":"2 Louse","floor":52.0,"turns":4.0},{"damage":57,"enemies":"3 Sentries","floor":58,"turns":8},{"damage":0,"enemies":"Cultist","floor":60,"turns":9},{"damage":0,"enemies":"Cultist","floor":64,"turns":3},{"damage":11,"enemies":"Small Slimes","floor":65,"turns":4},{"damage":0,"enemies":"The Guardian","floor":67,"turns":8},{"damage":20,"enemies":"Spheric Guardian","floor":69,"turns":4},{"damage":10,"enemies":"Centurion and Healer","floor":70,"turns":6},{"damage":0,"enemies":"Snecko","floor":75,"turns":5},{"damage":14,"enemies":"Gremlin Leader","floor":80,"turns":7},{"damage":59,"enemies":"Pondfish","floor":84,"turns":7},{"damage":7,"enemies":"Orb Walker","floor":86,"turns":4},{"damage":5,"enemies":"3 Shapes","floor":89,"turns":4},{"damage":28,"enemies":"HollowMod:StalkingDevout","floor":92,"turns":8},{"damage":70,"enemies":"Sphere and 2 Shapes","floor":93,"turns":5},{"damage":14,"enemies":"Jaw Worm Horde","floor":98,"turns":5},{"damage":34,"enemies":"Writhing Mass","floor":99,"turns":6},{"damage":87,"enemies":"Time Eater","floor":101,"turns":9},{"damage":0,"enemies":"Cultist","floor":103,"turns":3},{"damage":0,"enemies":"Small Slimes","floor":105,"turns":3},{"damage":52,"enemies":"The Mushroom Lair","floor":110,"turns":6},{"damage":0,"enemies":"2 Louse","floor":112,"turns":8},{"damage":11,"enemies":"HollowMod:MossKnight","floor":113,"turns":5},{"damage":0,"enemies":"2 Louse","floor":114,"turns":1},{"damage":0,"enemies":"Lagavulin","floor":116,"turns":5},{"damage":0,"enemies":"Fading Forest","floor":118,"turns":8},{"damage":0,"enemies":"Shell Parasite","floor":120,"turns":4},{"damage":0,"enemies":"Spheric Guardian","floor":123,"turns":3},{"damage":0,"enemies":"Gremlin Leader","floor":126,"turns":7},{"damage":44,"enemies":"Slavers","floor":130,"turns":4},{"damage":0,"enemies":"Cultist and Chosen","floor":131,"turns":4},{"damage":42,"enemies":"Book of Stabbing","floor":132,"turns":6},{"damage":67,"enemies":"infinitespire:LordOfFortification","floor":135,"turns":10}],"seed_played":"-5984757853982274378","potions_obtained":[{"floor":11.0,"key":"SteroidPotion"},{"floor":12.0,"key":"potionbrewer:ToxicPotion"},{"floor":18.0,"key":"potionbrewer:AcidPotion"},{"floor":22.0,"key":"potionbrewer:CleansingPotion"},{"floor":30.0,"key":"potionbrewer:QuicksilverPotion"},{"floor":39.0,"key":"potionbrewer:BoundlessPotion"},{"floor":41.0,"key":"ColorlessPotion"},{"floor":47.0,"key":"Ancient Potion"},{"floor":50.0,"key":"Dexterity Potion"},{"floor":52.0,"key":"Elixir"},{"floor":64,"key":"Block Potion"},{"floor":65,"key":"potionbrewer:StunPotion"},{"floor":67,"key":"SpeedPotion"},{"floor":84,"key":"CultistPotion"},{"floor":101,"key":"AttackPotion"},{"floor":103,"key":"EssenceOfSteel"},{"floor":126,"key":"Fruit Juice"},{"floor":130,"key":"SteroidPotion"},{"floor":132,"key":"Flashbang"}],"is_trial":false,"path_per_floor":["M","?","$","T","?","R","?","E","T","E","M","M","R","M","R","B",null,"M","M","?","?","M","NM","R","M","T","R","?","$","M","AVR","R","B",null,"M","?","M","?","M","R","M","$","T","M","?","R","M","MIM","R","B",null,"M","?","?","?","?","R","E","R","MIM","R","T","?","M","M","R","B",null,"M","M","?","?","?","R","M","?","T","?","R","E","$","?","R","B",null,"M","?","?","M","?","R","E","M","T","?","$","?","M","M","R","B",null,"M","?","M","?","?","?","$","?","T","MIM","E","M","R","E","R","B",null,"M","?","T","M","$","R","E","R","T","R","E","M","E","$","R","B"],"character_chosen":"THE_CONSTRUCT_MOD","items_purchased":["construct:CreateCores+1","trackpad:AdjectivePendant","FossilizedHelix","Juzu Bracelet","Replay:Arrowhead","hubris:FunFungus","trackpad:FieryHotPepper","potionbrewer:RamsHorn","construct:ShiftGuard","Replay:Baseball"],"campfire_rested":6,"item_purchase_floors":[3,3,29,29,42,81,96,109,124,133],"current_hp_per_floor":[87,87,87,87,93,93,93,83,83,86,84,86,86,79,79,39,99,99,76,76,76,52,7,36,26,26,55,55,55,62,62,62,70,99,84,84,90,90,36,65,45,45,45,25,25,54,84,99,99,46,99,89,89,89,89,54,83,58,87,99,99,99,99,99,99,99,99,99,83,99,99,99,99,99,99,99,99,99,99,99,99,99,99,75,99,98,98,98,94,94,94,99,48,48,58,38,63,86,85,85,63,129,129,129,129,129,129,129,129,98,98,129,129,129,129,129,129,129,129,129,129,129,129,129,129,129,134,134,134,110,129,96,96,96,90,90],"gold":0,"neow_bonus":"TEN_PERCENT_HP_BONUS","is_daily":false,"chose_seed":false,"campfire_upgraded":32,"win_rate":0.0,"timestamp":1608870295,"path_taken":["M","?","?","?","?","R","?","E","T","E","M","M","R","?","R","BOSS","M","M","?","?","M","NM","R","?","T","R","?","$","M","AVR","R","BOSS","M","?","M","?","M","R","M","$","T","M","?","R","M","?","R","BOSS","M","?","?","?","?","R","E","R","MIM","R","?","?","M","M","R","BOSS","M","M","?","?","?","R","M","?","T","?","R","E","?","?","R","BOSS","M","?","?","M","?","R","E","M","T","?","?","?","M","M","R","BOSS","M","?","M","?","?","?","?","?","T","?","E","M","R","E","R","BOSS","M","?","?","M","?","R","E","R","T","R","E","M","E","$","R","BOSS"],"items_purchased_type":["Card","Relic","Relic","Relic","Relic","Relic","Relic","Relic","Card","Relic"],"build_version":"2020-12-22","purchased_purges":3,"victory":false,"max_hp_per_floor":[93,93,93,93,99,99,99,99,99,99,99,99,99,99,99,99,99,99,99,99,99,99,99,99,99,99,99,99,99,99,99,99,99,99,99,99,99,99,99,99,99,99,99,99,99,99,99,99,99,99,99,99,99,99,99,99,99,99,99,99,99,99,99,99,99,99,99,99,99,99,99,99,99,99,99,99,99,99,99,99,99,99,99,99,99,99,99,99,99,99,99,99,99,99,99,99,99,99,99,99,99,129,129,129,129,129,129,129,129,129,129,129,129,129,129,129,129,129,129,129,129,129,129,129,129,129,134,134,134,134,134,134,134,134,134,134],"card_choices":[{"not_picked":["construct:Analyze","construct:Tumble"],"picked":"construct:Autoturret","floor":1.0},{"not_picked":["construct:ModeShift","construct:Versatility"],"picked":"construct:Hazardproof","floor":8.0},{"not_picked":["construct:Autoturret","construct:Antimatter"],"picked":"construct:OilSpill","floor":10.0},{"not_picked":["construct:Dampening","construct:Overcharge"],"picked":"construct:ElectricArmor","floor":11.0},{"not_picked":["construct:OilSpill","construct:SaveState","construct:Rollout"],"picked":"SKIP","floor":12.0},{"not_picked":["construct:Tumble","construct:FlammableFog"],"picked":"construct:ScrapCannon","floor":14.0},{"not_picked":["construct:GoldenBullet","construct:ClockworkEgg"],"picked":"construct:SpinDrive","floor":16.0},{"not_picked":["construct:FlakBarrage+1","construct:SaveState","construct:FierceBash"],"picked":"SKIP","floor":18.0},{"not_picked":["construct:PhosphorStorm+1","construct:ScrapCannon","construct:FierceBash"],"picked":"SKIP","floor":19.0},{"not_picked":["construct:FlammableFog","construct:HardReboot"],"picked":"construct:Versatility","floor":22.0},{"not_picked":["infinitespire:DeathsTouch","infinitespire:NeuralNetwork"],"picked":"infinitespire:Collect","floor":23.0},{"not_picked":["construct:ElectricArmor","construct:FlammableFog"],"picked":"construct:Construct_Overclock","floor":23.0},{"not_picked":["construct:ScopeCore+1","construct:Electrocute"],"picked":"construct:VentSteam","floor":25.0},{"not_picked":["construct:LaserCore","construct:Impenetrable"],"picked":"construct:Implosion","floor":30.0},{"not_picked":["construct:Afterburners","construct:GatlingGun"],"picked":"construct:ShieldGenerator","floor":33.0},{"not_picked":["construct:VentSteam","construct:ScrapCannon","construct:HeavyBolt+1"],"picked":"SKIP","floor":35.0},{"not_picked":["construct:ScrapCannon","construct:HardReboot","construct:ForceCore+1"],"picked":"SKIP","floor":37.0},{"not_picked":["construct:SiegeForm+1","construct:LongRangeLance+1"],"picked":"construct:Supernova+1","floor":38.0},{"not_picked":["construct:SyphonStrike","construct:SaveState"],"picked":"construct:Enhance","floor":39.0},{"not_picked":["construct:ScopeCore","construct:FierceBash"],"picked":"construct:Zapper","floor":41.0},{"not_picked":["construct:BlazingSpeed+1","construct:ShiftStrike","construct:Tumble"],"picked":"SKIP","floor":44.0},{"not_picked":["construct:Accumulate+1","construct:PhosphorStorm+1","construct:MoltenSmash"],"picked":"SKIP","floor":47.0},{"not_picked":["construct:MassProduction","construct:SiegeForm"],"picked":"construct:Supernova","floor":50.0},{"not_picked":["construct:Anticipate","construct:FlammableFog"],"picked":"construct:SuppressiveFire","floor":52.0},{"not_picked":["Bandage Up","ReplayTheSpireMod:Uncanny Aura"],"picked":"Sadistic Nature","floor":55.0},{"not_picked":["construct:Autoturret","construct:Stasis"],"picked":"construct:Failsafe","floor":58},{"not_picked":["construct:Autoturret","construct:HardReboot"],"picked":"construct:ReactiveShield","floor":60},{"not_picked":["construct:Stasis","construct:HyperBeam"],"picked":"construct:Autoturret","floor":64},{"not_picked":["construct:SweepLaser","construct:Electrocute"],"picked":"construct:BatteryAcid","floor":65},{"not_picked":["infinitespire:Menacing","infinitespire:DeathsTouch"],"picked":"ReplayTheSpireMod:Book of Names","floor":68},{"not_picked":["construct:Backfire","construct:FocusedBeam+1"],"picked":"construct:Synchronize","floor":69},{"not_picked":["construct:SaveState+1","construct:VentSteam+1","construct:SyphonStrike+1"],"picked":"SKIP","floor":70},{"not_picked":["construct:OilSpill+1","construct:ClusterMines+1"],"picked":"construct:Boost","floor":75},{"not_picked":["construct:ShiftStrike+1","construct:Tumble"],"picked":"construct:Impenetrable","floor":80},{"not_picked":["construct:GoldenBullet","construct:BatteryCore"],"picked":"construct:LongRangeLance","floor":84},{"not_picked":["construct:Tumble+1","construct:QuickAttack"],"picked":"construct:MetalShell","floor":86},{"not_picked":["construct:FlammableFog","construct:PhosphorStorm+1","construct:Stasis"],"picked":"SKIP","floor":89},{"not_picked":["construct:Anticipate+1","construct:Backfire"],"picked":"construct:CreateCores","floor":92},{"not_picked":["construct:PhosphorStorm","construct:ClusterMines+1","construct:VentSteam"],"picked":"SKIP","floor":93},{"not_picked":["construct:Electrocute","construct:Impenetrable","construct:Tumble"],"picked":"SKIP","floor":98},{"not_picked":["construct:Boost+1","construct:Dampening+1","construct:SyphonStrike+1"],"picked":"SKIP","floor":99},{"not_picked":["construct:Analyze","construct:ClusterMines"],"picked":"construct:CriticalHit","floor":103},{"not_picked":["construct:Impenetrable","construct:SyphonStrike","construct:ShiftStrike"],"picked":"SKIP","floor":105},{"not_picked":["construct:CreateCores","construct:FocusedBeam"],"picked":"construct:Anticipate","floor":112},{"not_picked":["construct:Failsafe","construct:Electrocute","construct:Analyze"],"picked":"SKIP","floor":113},{"not_picked":["construct:FlameCore","construct:Backfire"],"picked":"construct:NuclearCore","floor":114},{"not_picked":["construct:OmegaCannon","construct:SiegeForm"],"picked":"construct:FlashFreeze","floor":116},{"not_picked":["construct:Versatility","construct:Zapper"],"picked":"construct:ChargeShot+1","floor":120},{"not_picked":["construct:ScopeCore","construct:Tumble+1"],"picked":"construct:OneWayMirror","floor":123},{"not_picked":["construct:ScopeCore+1","construct:BatteryCore"],"picked":"construct:GuardCore","floor":126},{"not_picked":["construct:SaveState","construct:OneWayMirror","construct:Boost"],"picked":"SKIP","floor":130},{"not_picked":["construct:Autoturret","construct:MoltenSmash","construct:OilSpill"],"picked":"SKIP","floor":131},{"not_picked":["construct:FocusedBeam+1","construct:ClusterMines+1","construct:Zapper+1"],"picked":"SKIP","floor":132}],"player_experience":1214039,"relics_obtained":[{"floor":4.0,"key":"Smiling Mask"},{"floor":8.0,"key":"trackpad:WritersBlock"},{"floor":9.0,"key":"vexMod:FocusSash"},{"floor":10.0,"key":"CCEMRelics:SpiritsEdge"},{"floor":23.0,"key":"Pocketwatch"},{"floor":26.0,"key":"Bird Faced Urn"},{"floor":43.0,"key":"CCEMRelics:PorcelainBowl"},{"floor":58,"key":"construct:MasterCore"},{"floor":60,"key":"Mirror"},{"floor":62,"key":"Bottled Tornado"},{"floor":63,"key":"Ring of Peace"},{"floor":77,"key":"White Beast Statue"},{"floor":80,"key":"Bromod:ArcanePistoleer"},{"floor":92,"key":"qcfpunch:White_Boots"},{"floor":94,"key":"aspiration:SeaSaltIceCream"},{"floor":110,"key":"Odd Mushroom"},{"floor":111,"key":"infinitespire:Beetle Shell"},{"floor":112,"key":"infinitespire:Golems Mask"},{"floor":113,"key":"potionbrewer:SlideRule"},{"floor":116,"key":"trackpad:GuardianSpirit"},{"floor":122,"key":"Gremlin Food"},{"floor":126,"key":"Pet Ghost"},{"floor":128,"key":"ReplayTheSpireMod:TigerMarble"},{"floor":130,"key":"Bromod:ArcaneNullifier"},{"floor":132,"key":"Molten Egg 2"}],"event_choices":[{"damage_healed":0.0,"max_hp_gain":0.0,"max_hp_loss":0.0,"gold_gain":100.0,"event_name":"Golden Shrine","player_choice":"Pray","floor":2.0,"gold_loss":0.0,"damage_taken":0.0},{"damage_healed":0.0,"max_hp_gain":0.0,"max_hp_loss":0.0,"gold_gain":0.0,"event_name":"betterThird:BetterSerpent","player_choice":"RENOUNCE","floor":5.0,"gold_loss":24.0,"damage_taken":24.0,"cards_obtained":["Enlightenment"]},{"damage_healed":0.0,"max_hp_gain":0.0,"max_hp_loss":0.0,"gold_gain":0.0,"event_name":"Transmorgrifier","player_choice":"Ignored","floor":7.0,"gold_loss":0.0,"damage_taken":0.0},{"damage_healed":0.0,"max_hp_gain":0.0,"max_hp_loss":0.0,"gold_gain":0.0,"event_name":"Designer","player_choice":"Upgrade","floor":20.0,"gold_loss":40.0,"damage_taken":0.0,"cards_upgraded":["construct:DefenseMode"]},{"damage_healed":0.0,"max_hp_gain":0.0,"max_hp_loss":0.0,"gold_gain":200.0,"event_name":"Wheel of Change","player_choice":"Gold","floor":21.0,"gold_loss":0.0,"damage_taken":0.0},{"damage_healed":0.0,"max_hp_gain":0.0,"max_hp_loss":0.0,"gold_gain":0.0,"event_name":"betterNote:BetterNote","player_choice":"Ignored","floor":28.0,"gold_loss":0.0,"damage_taken":0.0,"cards_obtained":["Iron Wave"]},{"damage_healed":0.0,"max_hp_gain":0.0,"max_hp_loss":0.0,"gold_gain":0.0,"event_name":"Tomb of Lord Red Mask","player_choice":"Ignored","floor":36.0,"gold_loss":0.0,"damage_taken":0.0},{"damage_healed":0.0,"max_hp_gain":0.0,"max_hp_loss":0.0,"gold_gain":0.0,"event_name":"betterMatch:BetterMatch","player_choice":"2","floor":38.0,"gold_loss":0.0,"damage_taken":0.0,"cards_obtained":["betterMatch:RareCard"]},{"damage_healed":0.0,"max_hp_gain":0.0,"max_hp_loss":0.0,"gold_gain":0.0,"event_name":"Transmorgrifier","player_choice":"Ignored","floor":45.0,"gold_loss":0.0,"damage_taken":0.0},{"damage_healed":0.0,"max_hp_gain":0.0,"max_hp_loss":0.0,"gold_gain":4.0,"event_name":"betterStone:BetterStone","player_choice":"1","floor":55.0,"gold_loss":0.0,"damage_taken":0.0},{"damage_healed":0.0,"max_hp_gain":0.0,"max_hp_loss":0.0,"gold_gain":0.0,"event_name":"betterSkull:BetterSkull","player_choice":"UP UP ","floor":56.0,"gold_loss":0.0,"damage_taken":39.0,"cards_upgraded":["Sadistic Nature","construct:ElectricArmor"],"relics_obtained":[]},{"cards_removed":["Burn"],"damage_healed":0,"gold_gain":0,"player_choice":"Purged","damage_taken":0,"max_hp_gain":0,"max_hp_loss":0,"event_name":"Purifier","floor":72,"gold_loss":0},{"damage_healed":0,"gold_gain":0,"player_choice":"Ignored","damage_taken":0,"max_hp_gain":0,"max_hp_loss":0,"event_name":"Vampires","floor":76,"gold_loss":0},{"damage_healed":0,"gold_gain":0,"player_choice":"Ignored","damage_taken":0,"max_hp_gain":0,"max_hp_loss":0,"event_name":"Tomb of Lord Red Mask","floor":90,"gold_loss":0},{"damage_healed":25,"gold_gain":0,"player_choice":"Writhe","damage_taken":0,"max_hp_gain":0,"max_hp_loss":0,"event_name":"Winding Halls","floor":97,"gold_loss":0,"cards_obtained":["Writhe"]},{"damage_healed":0,"gold_gain":175,"player_choice":"AGREE","damage_taken":311,"max_hp_gain":0,"max_hp_loss":0,"event_name":"betterThird:BetterSerpent","floor":107,"gold_loss":0},{"damage_healed":0,"gold_gain":0,"player_choice":"Grow","damage_taken":0,"max_hp_gain":0,"max_hp_loss":0,"event_name":"Living Wall","floor":108,"gold_loss":0,"cards_upgraded":["construct:LongRangeLance"]},{"damage_healed":0,"gold_gain":0,"player_choice":"Fought Mushrooms","damage_taken":0,"max_hp_gain":0,"max_hp_loss":0,"event_name":"Mushrooms","floor":110,"gold_loss":0},{"damage_healed":0,"gold_gain":0,"player_choice":"Ignored","damage_taken":0,"max_hp_gain":0,"max_hp_loss":0,"event_name":"Vampires","floor":121,"gold_loss":0}],"is_beta":false,"boss_relics":[{"not_picked":["vexMod:NewClearReactor","Painkiller Herb"],"picked":"construct:ClawGrip"},{"not_picked":["hubris:RunicObelisk","Empty Cage"],"picked":"beaked:SacredDeck"},{"not_picked":["hubris:VirtuousBlindfold","vexMod:CursedCompass"],"picked":"ChewingGum"},{"not_picked":["hubris:BlackHole","Astrolabe"],"picked":"thethorton:CrushedCigarette"},{"not_picked":["qcfpunch:Crimson_Sash","Runic Pyramid"],"picked":"Abe\u0027s Treasure"},{"not_picked":["trackpad:Trackpad","vexMod:DeviousBotling"],"picked":"vexMod:BigBerry"},{"not_picked":["Ring of Chaos","qcfpunch:Dark_Gi"],"picked":"trackpad:Trackpad"}],"items_purged_floors":[42,109,133],"is_endless":true,"potions_floor_spawned":[11,12,18,22,30,39,41,47,50,52,64,65,67,69,80,84,86,89,92,93,98,99,101,103,105,110,112,113,114,116,118,120,123,126,130,131,132],"killed_by":"infinitespire:LordOfFortification","ascension_level":0}}