{"host":"3a1ypf1irl30q4k8","time":1608898819,"event":{"mods":["AchievementEnabler","BaseMod","Bestiary","Colored Map","Minty Spire (QoL Compilation)","Relic Stats"],"gold_per_floor":[119,79,98,63,26,26,46,46,46,71,84,9,38,38,38,134,134,144,57,57,57,69,99,99,127,127,144,59,59,7,22,22,118,118,131,181,230,248,248,280,74,108,134,34,51,51,68,79,79,79,79,79,30,62,62,62],"floor_reached":55,"playtime":5867,"items_purged":["Strike_P","Defend_P+1"],"score":1083,"play_id":"c7df628b-5d95-47c1-a688-b15979968e54","local_time":"20201225122019","is_ascension_mode":true,"campfire_choices":[{"data":"Eruption","floor":6,"key":"SMITH"},{"data":"CutThroughFate","floor":8,"key":"SMITH"},{"data":"FlurryOfBlows","floor":15,"key":"SMITH"},{"floor":24,"key":"REST"},{"floor":32,"key":"REST"},{"floor":49,"key":"RECALL"},{"data":"MentalFortress","floor":52,"key":"SMITH"}],"circlet_count":0,"master_deck":["Defend_P+1","Eruption+1","Vigilance+1","Halt+1","FearNoEvil+1","Halt+1","FlurryOfBlows+1","Meditate","Conclude","Vengeance","CutThroughFate+1","SashWhip","DeusExMachina+1","FlyingSleeves+1","LessonLearned+1","FlurryOfBlows+1","Flash of Steel+1","ReachHeaven+1","MasterReality+1","RitualDagger+1","MentalFortress+1","Tantrum+1","ThirdEye","Halt+1","InnerPeace","DevaForm","EmptyFist+1","Wallop+1","Halt+1","WaveOfTheHand+1"],"relics":["Astrolabe","StoneCalendar","Dream Catcher","Molten Egg 2","Runic Pyramid","InkBottle","War Paint","Mercury Hourglass","Orichalcum","Cursed Key","Calipers","Thread and Needle","Frozen Egg 2","Blood Vial","Omamori","CloakClasp"],"acts_visited":["Exordium","TheCity","TheBeyond","TheEnding"],"potions_floor_usage":[10,16,16,23,23,23,25,27,35,37,42,50,50,50,54,55],"damage_taken":[{"damage":0,"enemies":"Cultist","floor":1,"turns":3},{"damage":0,"enemies":"Small Slimes","floor":3,"turns":3},{"damage":0,"enemies":"2 Louse","floor":7,"turns":3},{"damage":25,"enemies":"3 Sentries","floor":10,"turns":5},{"damage":1,"enemies":"Blue Slaver","floor":11,"turns":2},{"damage":0,"enemies":"Lagavulin","floor":13,"turns":4},{"damage":25,"enemies":"Hexaghost","floor":16,"turns":6},{"damage":13,"enemies":"3 Byrds","floor":18,"turns":4},{"damage":0,"enemies":"Spheric Guardian","floor":22,"turns":2},{"damage":25,"enemies":"Slavers","floor":23,"turns":3},{"damage":21,"enemies":"Gremlin Leader","floor":25,"turns":3},{"damage":7,"enemies":"Centurion and Healer","floor":27,"turns":3},{"damage":3,"enemies":"Sentry and Sphere","floor":31,"turns":3},{"damage":0,"enemies":"Champ","floor":33,"turns":7},{"damage":0,"enemies":"3 Darklings","floor":35,"turns":4},{"damage":0,"enemies":"Mind Bloom Boss Battle","floor":36,"turns":2},{"damage":0,"enemies":"2 Orb Walkers","floor":37,"turns":2},{"damage":18,"enemies":"3 Shapes","floor":38,"turns":2},{"damage":0,"enemies":"Giant Head","floor":40,"turns":5},{"damage":1,"enemies":"Nemesis","floor":42,"turns":3},{"damage":0,"enemies":"3 Darklings","floor":45,"turns":2},{"damage":3,"enemies":"Maw","floor":47,"turns":5},{"damage":8,"enemies":"Writhing Mass","floor":48,"turns":3},{"damage":14,"enemies":"Donu and Deca","floor":50,"turns":5},{"damage":20,"enemies":"Shield and Spear","floor":54,"turns":4},{"damage":51,"enemies":"The Heart","floor":55,"turns":3}],"seed_played":"-3323838133377922921","potions_obtained":[{"floor":1,"key":"DistilledChaos"},{"floor":2,"key":"BottledMiracle"},{"floor":2,"key":"PowerPotion"},{"floor":10,"key":"LiquidBronze"},{"floor":13,"key":"Block Potion"},{"floor":16,"key":"Regen Potion"},{"floor":18,"key":"Strength Potion"},{"floor":22,"key":"BlessingOfTheForge"},{"floor":23,"key":"Ambrosia"},{"floor":25,"key":"GamblersBrew"},{"floor":35,"key":"LiquidMemories"},{"floor":36,"key":"SpeedPotion"},{"floor":40,"key":"SteroidPotion"},{"floor":42,"key":"Fire Potion"},{"floor":54,"key":"BlessingOfTheForge"}],"is_trial":false,"path_per_floor":["M","?","M","$","$","R","M","R","T","E","M","$","E","?","R","B",null,"M","$","?","?","M","E","R","E","T","M","?","?","$","M","R","B",null,"M","?","?","M","?","E","$","E","T","$","M","$","M","M","R","B",null,"R","$","E","B"],"character_chosen":"WATCHER","items_purchased":["Conclude","Vengeance","Flash of Steel+1","Block Potion","Blood Vial","Energy Potion","Block Potion"],"campfire_rested":2,"item_purchase_floors":[4,5,19,30,41,41,53],"current_hp_per_floor":[72,72,72,72,72,72,72,72,72,47,46,46,46,51,51,26,64,51,51,51,45,45,29,52,31,31,24,24,24,24,21,44,44,69,69,69,69,51,51,51,51,52,52,52,54,54,53,47,47,35,67,67,67,49,0,0],"gold":62,"neow_bonus":"BOSS_RELIC","is_daily":false,"chose_seed":false,"campfire_upgraded":4,"win_rate":0.0,"timestamp":1608898819,"path_taken":["M","?","M","?","$","R","M","R","T","E","?","$","E","?","R","BOSS","M","$","?","?","M","E","R","E","T","M","?","?","$","M","R","BOSS","M","?","?","M","?","E","$","E","T","$","M","?","M","M","R","BOSS","R","$","E","BOSS"],"items_purchased_type":["Card","Card","Card","Potion","Relic","Potion","Potion"],"build_version":"2020-12-22","purchased_purges":2,"victory":false,"max_hp_per_floor":[72,72,72,72,72,72,72,72,72,72,72,72,72,77,77,77,77,77,77,77,77,77,77,77,77,77,77,77,77,77,77,77,77,77,77,77,77,77,77,77,77,77,77,77,77,77,77,77,77,77,77,77,77,77,77,77],"relic_stats":{"Blood Vial":14,"Dream Catcher":2,"counters":[26,91],"Astrolabe":["Halt","FearNoEvil","Halt"],"StoneCalendar":[0],"CloakClasp":[10],"War Paint":["Defend_P","Vigilance"],"Orichalcum":[18],"Cursed Key":1,"obtain_stats":[{"Calipers":36,"Astrolabe":0,"StoneCalendar":9,"Thread and Needle":37,"Omamori":42,"CloakClasp":54,"War Paint":25,"Orichalcum":28,"Frozen Egg 2":40,"Cursed Key":34,"Mercury Hourglass":26,"Blood Vial":41,"Dream Catcher":10,"Molten Egg 2":13,"PureWater":0,"InkBottle":23,"Runic Pyramid":17},{"Calipers":16,"Astrolabe":0,"StoneCalendar":3,"Thread and Needle":17,"Omamori":20,"CloakClasp":25,"War Paint":11,"Orichalcum":12,"Frozen Egg 2":19,"Cursed Key":14,"Mercury Hourglass":11,"Blood Vial":19,"Dream Catcher":4,"Molten Egg 2":6,"PureWater":0,"InkBottle":10,"Runic Pyramid":7},{"Calipers":57,"Astrolabe":0,"StoneCalendar":9,"Thread and Needle":59,"Omamori":69,"CloakClasp":88,"War Paint":38,"Orichalcum":41,"Frozen Egg 2":66,"Cursed Key":51,"Mercury Hourglass":38,"Blood Vial":66,"Dream Catcher":14,"Molten Egg 2":20,"PureWater":0,"InkBottle":35,"Runic Pyramid":26}],"InkBottle":[34],"Mercury Hourglass":[178]},"card_choices":[{"not_picked":["WreathOfFlame","Crescendo"],"picked":"FlurryOfBlows","floor":1},{"not_picked":["Halt","Protect"],"picked":"Meditate","floor":3},{"not_picked":["EmptyBody","Crescendo"],"picked":"CutThroughFate","floor":7},{"not_picked":["Conclude","Wireheading"],"picked":"SashWhip","floor":10},{"not_picked":["Indignation","FollowUp"],"picked":"DeusExMachina","floor":11},{"not_picked":["Evaluate","WindmillStrike+1"],"picked":"FlyingSleeves+1","floor":13},{"not_picked":["Wish","Establishment"],"picked":"LessonLearned+1","floor":16},{"not_picked":["FollowUp+1","FearNoEvil+1"],"picked":"FlurryOfBlows+1","floor":18},{"not_picked":["EmptyMind","FollowUp+1"],"picked":"MentalFortress","floor":22},{"not_picked":["PathToVictory+1","Perseverance+1"],"picked":"Tantrum+1","floor":23},{"not_picked":["Halt","Swivel+1"],"picked":"ThirdEye","floor":24},{"not_picked":["Nirvana","Evaluate"],"picked":"Omniscience","floor":25},{"not_picked":["WheelKick+1","ClearTheMind"],"picked":"Halt+1","floor":27},{"not_picked":["WreathOfFlame+1","SashWhip+1","CrushJoints+1"],"picked":"SKIP","floor":31},{"not_picked":["WreathOfFlame+1","SashWhip+1","CrushJoints+1"],"picked":"SKIP","floor":31},{"not_picked":["Weave+1","Consecrate+1"],"picked":"InnerPeace","floor":32},{"not_picked":["Judgement","Vault"],"picked":"DevaForm","floor":33},{"not_picked":["FearNoEvil+1","Halt"],"picked":"EmptyFist+1","floor":35},{"not_picked":["Consecrate+1","Evaluate+1","ClearTheMind"],"picked":"SKIP","floor":38},{"not_picked":["FlyingSleeves+1","FollowUp+1","JustLucky+1"],"picked":"SKIP","floor":40},{"not_picked":["Halt","BattleHymn+1"],"picked":"Wallop+1","floor":42},{"not_picked":["CarveReality+1","Evaluate+1"],"picked":"Halt+1","floor":45},{"not_picked":["Brilliance+1","ForeignInfluence+1","BowlingBash+1"],"picked":"SKIP","floor":47},{"not_picked":["Evaluate","CutThroughFate+1","FlyingSleeves+1"],"picked":"SKIP","floor":48},{"not_picked":["BowlingBash+1","DevaForm+1"],"picked":"WaveOfTheHand+1","floor":54}],"player_experience":879861,"relics_obtained":[{"floor":9,"key":"StoneCalendar"},{"floor":10,"key":"Dream Catcher"},{"floor":13,"key":"Molten Egg 2"},{"floor":23,"key":"InkBottle"},{"floor":25,"key":"War Paint"},{"floor":26,"key":"Mercury Hourglass"},{"floor":36,"key":"Calipers"},{"floor":37,"key":"Thread and Needle"},{"floor":40,"key":"Frozen Egg 2"},{"floor":42,"key":"Omamori"},{"floor":54,"key":"CloakClasp"}],"event_choices":[{"damage_healed":0,"gold_gain":0,"player_choice":"Bought 3 Potions","damage_taken":0,"max_hp_gain":0,"max_hp_loss":0,"event_name":"The Woman in Blue","floor":2,"gold_loss":0},{"damage_healed":0,"gold_gain":0,"player_choice":"Donut","damage_taken":0,"max_hp_gain":5,"max_hp_loss":0,"event_name":"Big Fish","floor":14,"gold_loss":0},{"damage_healed":0,"gold_gain":0,"cards_transformed":["Defend_P","Strike_P"],"player_choice":"Became Test Subject","damage_taken":0,"max_hp_gain":0,"max_hp_loss":0,"event_name":"Drug Dealer","floor":20,"gold_loss":0,"cards_obtained":["ReachHeaven","MasterReality"]},{"damage_healed":0,"gold_gain":0,"player_choice":"Joined the Cult","damage_taken":6,"max_hp_gain":0,"max_hp_loss":0,"event_name":"Nest","floor":21,"gold_loss":0,"cards_obtained":["RitualDagger"]},{"damage_healed":0,"gold_gain":0,"player_choice":"Obtained Relic","damage_taken":0,"relics_obtained":["Orichalcum"],"max_hp_gain":0,"max_hp_loss":0,"event_name":"Addict","floor":28,"gold_loss":85},{"damage_healed":0,"gold_gain":0,"player_choice":"Ignored","damage_taken":0,"max_hp_gain":0,"max_hp_loss":0,"event_name":"Cursed Tome","floor":29,"gold_loss":0},{"damage_healed":0,"gold_gain":0,"player_choice":"Fight","damage_taken":0,"max_hp_gain":0,"max_hp_loss":0,"event_name":"MindBloom","floor":36,"gold_loss":0},{"damage_healed":0,"gold_gain":0,"player_choice":"Fight","damage_taken":0,"max_hp_gain":0,"max_hp_loss":0,"event_name":"Mysterious Sphere","floor":37,"gold_loss":0},{"cards_removed":["Omniscience"],"damage_healed":0,"gold_gain":0,"player_choice":"Removed Skill","damage_taken":0,"max_hp_gain":0,"max_hp_loss":0,"event_name":"Falling","floor":39,"gold_loss":0}],"is_beta":false,"boss_relics":[{"not_picked":["VioletLotus","Philosopher\u0027s Stone"],"picked":"Runic Pyramid"},{"not_picked":["Empty Cage","Tiny House"],"picked":"Cursed Key"}],"items_purged_floors":[12,44],"is_endless":false,"potions_floor_spawned":[1,10,13,16,18,22,23,25,35,36,40,42,54],"killed_by":"The Heart","ascension_level":5}}