{"host":"b0ld7eylq5gzg1l4","time":1608859513,"event":{"mods":["2.2 Compatiblity","BaseMod","Downfall","Hermit","Key Reminder","Minty Spire (QoL Compilation)","Permanent Neow","Replay The Spire","Shade Mod","StSLib","The Accelerator","The Clintock","The Construct","The Cursed","The Disciple","The Runesmith","The Witch"],"gold_per_floor":[115,132,142,160,180,207,217,237,284,284,319,319,332,332,332,434,434,448,448,462,2,2,2,20,20,20,45,45,56,90,90,90,194,194,214,214,114,129,4,4,18,48,48,59,76,103,118,118,118,118,118,118,18,50,50,50],"floor_reached":55,"playtime":17383,"items_purged":["sneckomod:Bewildered","BleedOut","SummonBatFamiliar"],"score":706,"play_id":"7b54939f-0498-4d74-bad9-bab98db3b81b","local_time":"20201224202513","is_ascension_mode":false,"campfire_choices":[{"floor":12,"key":"RECALL"},{"data":"Bewitch","floor":15,"key":"SMITH"},{"data":"SummonRavenFamiliar","floor":23,"key":"SMITH"},{"data":"Puncture","floor":28,"key":"SMITH"},{"data":"Foresight","floor":32,"key":"SMITH"},{"data":"Atonement","floor":40,"key":"SMITH"},{"data":"SkullFlask","floor":49,"key":"SMITH"},{"data":"Athame","floor":52,"key":"SMITH"}],"circlet_count":0,"master_deck":["Hexguard","ZombieSpit","CrystalResonance","RiteOfWinter","MementoMori","MagicFang","Atonement+1","Athame+1","MagicFang","MementoMori","Bewitch+1","IllusionOfStrength","Malady","BlackBolt","KarmaDrain","UnnaturalEnergy","BleedOut","Puncture+1","SoulBarrier+1","SummonRavenFamiliar+1","SkullFlask+1","Shrooms","CrystalResonance+1","Foresight+1","DarkProcession+1","Athame+1","WickedThoughts","ZombieSpit","Shrooms","MagicFang+1","GnarledBody","ChosenOfTheMoon+1","MementoMori+1","MagicFang+1"],"relics":["BlackCat","Pantograph","Guardian:PocketSentry","ReplayTheSpireMod:Ring of Addiction","Ring of Searing","Chameleon Ring","Toy Ornithopter","Bottled Lightning","Pandora\u0027s Box","Regal Pillow","Meat on the Bone","WalkingCane","champ:DuelingGlove","ReplayTheSpireMod:TigerMarble","Golden Egg","ChewingGum","InkBottle","Molten Egg 2","Replay:Bottled Snecko","Eternal Feather"],"acts_visited":["Exordium","TheCity","TheBeyond","TheEnding"],"potions_floor_usage":[6,6,11,27,50,50,55],"damage_taken":[{"damage":1,"enemies":"2 Louse","floor":1,"turns":3},{"damage":0,"enemies":"Small Slimes","floor":2,"turns":4},{"damage":0,"enemies":"Jaw Worm","floor":3,"turns":5},{"damage":0,"enemies":"Looter","floor":4,"turns":3},{"damage":0,"enemies":"Gremlin Gang","floor":5,"turns":7},{"damage":3,"enemies":"Gremlin Nob","floor":6,"turns":3},{"damage":0,"enemies":"Red Slaver","floor":7,"turns":3},{"damage":0,"enemies":"Exordium Wildlife","floor":8,"turns":4},{"damage":20,"enemies":"Lagavulin","floor":11,"turns":5},{"damage":0,"enemies":"Exordium Thugs","floor":13,"turns":4},{"damage":20,"enemies":"The Guardian","floor":16,"turns":9},{"damage":17,"enemies":"Shell Parasite","floor":18,"turns":4},{"damage":0,"enemies":"3 Byrds","floor":20,"turns":5},{"damage":10,"enemies":"Snecko","floor":24,"turns":4},{"damage":9,"enemies":"Replay:Snechameleon","floor":27,"turns":5},{"damage":0,"enemies":"3 Cultists","floor":29,"turns":4},{"damage":9,"enemies":"Gremlin Leader","floor":30,"turns":6},{"damage":10,"enemies":"Automaton","floor":33,"turns":3},{"damage":15,"enemies":"3 Shapes","floor":35,"turns":4},{"damage":5,"enemies":"3 Darklings","floor":38,"turns":6},{"damage":0,"enemies":"Transient","floor":41,"turns":5},{"damage":33,"enemies":"Nemesis","floor":42,"turns":5},{"damage":0,"enemies":"Spire Growth","floor":44,"turns":3},{"damage":6,"enemies":"Maw","floor":45,"turns":5},{"damage":8,"enemies":"R_Hoarder","floor":46,"turns":5},{"damage":0,"enemies":"Transient","floor":47,"turns":5},{"damage":72,"enemies":"Replay:Hell Engine","floor":50,"turns":10},{"damage":15,"enemies":"Shield and Spear","floor":54,"turns":5},{"damage":68,"enemies":"The Heart","floor":55,"turns":3}],"seed_played":"1048574558383938332","potions_obtained":[{"floor":3,"key":"FearPotion"},{"floor":4,"key":"Cursed Concoction"},{"floor":8,"key":"Swift Potion"},{"floor":10,"key":"Regen Potion"},{"floor":10,"key":"Venom Potion"},{"floor":20,"key":"FairyPotion"},{"floor":27,"key":"Swift Potion"},{"floor":33,"key":"DuplicationPotion"},{"floor":41,"key":"ColorlessPotion"},{"floor":54,"key":"Doom Potion"}],"is_trial":false,"path_per_floor":["M","M","M","M","M","E","M","M","T","?","E","R","M","?","R","B",null,"M","?","M","$","?","R","M","$","T","E","R","M","E","T","R","B",null,"M","?","$","M","$","R","M","E","T","M","M","E","M","?","R","B",null,"R","$","E","B"],"character_chosen":"WITCH","items_purchased":["Meat on the Bone","SummonRavenFamiliar","MagicFang+1","SpeedPotion"],"campfire_rested":0,"item_purchase_floors":[21,21,53,53],"current_hp_per_floor":[66,66,66,66,66,63,63,63,63,63,47,47,47,47,47,45,65,46,46,46,46,46,46,36,36,36,32,32,32,35,35,35,45,53,38,38,38,36,36,36,36,15,15,27,33,25,25,25,25,25,43,43,43,26,0,0],"gold":50,"neow_bonus":"RANDOM_EVENT","is_daily":false,"chose_seed":false,"campfire_upgraded":7,"win_rate":0.0,"timestamp":1608859513,"path_taken":["M","M","M","M","M","E","M","M","T","?","E","R","M","?","R","BOSS","M","?","?","$","?","R","M","?","T","E","R","M","E","?","R","BOSS","M","?","$","?","$","R","M","E","T","M","M","E","M","?","R","BOSS","R","$","E","BOSS"],"items_purchased_type":["Relic","Card","Card","Potion"],"build_version":"2020-12-22","purchased_purges":3,"victory":false,"max_hp_per_floor":[67,67,67,67,67,67,67,67,67,67,67,67,67,67,65,65,65,63,63,63,61,61,61,59,59,59,57,57,57,57,55,55,55,53,53,53,51,51,51,49,49,49,47,47,47,45,45,45,43,43,43,43,43,41,41,41],"card_choices":[{"not_picked":["KarmaDrain","Bewitch"],"picked":"BleedOut","floor":1},{"not_picked":["KarmaDrain","MagicFang"],"picked":"CrystalResonance","floor":2},{"not_picked":["GrimVengeance","Thundercloud"],"picked":"Malady","floor":3},{"not_picked":["Atonement","MercuryWand"],"picked":"RiteOfWinter","floor":4},{"not_picked":["SummonCatFamiliar","WickedThoughts"],"picked":"MementoMori","floor":5},{"not_picked":["Puncture","MercuryWand"],"picked":"MagicFang","floor":6},{"not_picked":["Thundercloud","GnarledBody"],"picked":"Atonement","floor":7},{"not_picked":["Harmlessness","SkullFlask"],"picked":"Athame","floor":8},{"not_picked":["Thundercloud","BlackBolt"],"picked":"MagicFang","floor":11},{"not_picked":["BlackBolt","Pillage"],"picked":"MementoMori","floor":13},{"not_picked":["Graveburst","FatalRay"],"picked":"IllusionOfStrength","floor":16},{"not_picked":["LivingBomb","Athame"],"picked":"Puncture","floor":18},{"not_picked":["Athame","LivingBomb"],"picked":"SoulBarrier+1","floor":20},{"not_picked":["PainBolt+1","BoneCarving"],"picked":"SkullFlask","floor":24},{"not_picked":["PlagueSpreader","BleedOut"],"picked":"Shrooms","floor":27},{"not_picked":["Decrepify","WickedThoughts"],"picked":"CrystalResonance+1","floor":29},{"not_picked":["EvilEye","KarmaDrain"],"picked":"Foresight","floor":30},{"not_picked":["DoomBlade","WalpurgisNight"],"picked":"DarkProcession","floor":33},{"not_picked":["SummonOwlFamiliar+1","Atonement+1"],"picked":"Athame+1","floor":35},{"not_picked":["MortusClaw","Atonement+1","PainBolt"],"picked":"SKIP","floor":38},{"not_picked":["MercuryWand","WretchedNails"],"picked":"Shrooms","floor":41},{"not_picked":["Demonfyre+1","Bewitch","SummonRavenFamiliar"],"picked":"SKIP","floor":42},{"not_picked":["SkullFlask+1","SaltCircle"],"picked":"MagicFang+1","floor":44},{"not_picked":["SummonOwlFamiliar+1","Demonfyre+1"],"picked":"GnarledBody","floor":45},{"not_picked":["KarmaDrain","UnluckySeven"],"picked":"ChosenOfTheMoon","floor":46},{"not_picked":["Thundercloud+1","RiteOfWinter+1"],"picked":"MementoMori+1","floor":47},{"not_picked":["IllOmen+1","Pillage","Thundercloud+1"],"picked":"SKIP","floor":54}],"player_experience":744668,"relics_obtained":[{"floor":6,"key":"Pantograph"},{"floor":9,"key":"Guardian:PocketSentry"},{"floor":10,"key":"ReplayTheSpireMod:Ring of Addiction"},{"floor":10,"key":"Ring of Searing"},{"floor":10,"key":"Chameleon Ring"},{"floor":10,"key":"Toy Ornithopter"},{"floor":11,"key":"Bottled Lightning"},{"floor":27,"key":"champ:DuelingGlove"},{"floor":30,"key":"ReplayTheSpireMod:TigerMarble"},{"floor":31,"key":"Golden Egg"},{"floor":42,"key":"InkBottle"},{"floor":43,"key":"Molten Egg 2"},{"floor":46,"key":"Replay:Bottled Snecko"},{"floor":54,"key":"Eternal Feather"}],"event_choices":[{"damage_healed":0,"gold_gain":0,"cards_transformed":["Strike_Witch"],"player_choice":"Change","damage_taken":0,"max_hp_gain":0,"max_hp_loss":0,"event_name":"Living Wall","floor":14,"gold_loss":0,"cards_obtained":["Bewitch"]},{"damage_healed":0,"gold_gain":0,"player_choice":"Gave Potion","damage_taken":0,"relics_obtained":["WalkingCane"],"max_hp_gain":0,"max_hp_loss":0,"event_name":"WeMeetAgain","floor":22,"gold_loss":0},{"damage_healed":0,"gold_gain":0,"player_choice":"2 cards matched","damage_taken":0,"max_hp_gain":0,"max_hp_loss":0,"event_name":"Match and Keep!","floor":36,"gold_loss":0,"cards_obtained":["WickedThoughts","ZombieSpit"]},{"cards_removed":["Malady"],"damage_healed":0,"gold_gain":0,"player_choice":"Removed Attack","damage_taken":0,"max_hp_gain":0,"max_hp_loss":0,"event_name":"Falling","floor":48,"gold_loss":0}],"is_beta":false,"boss_relics":[{"not_picked":["Runic Pyramid","Runic Dome"],"picked":"Pandora\u0027s Box"},{"not_picked":["SlaversCollar","construct:ClawGrip"],"picked":"ChewingGum"}],"items_purged_floors":[21,37,39],"is_endless":false,"potions_floor_spawned":[3,4,8,20,27,33,41,46,54],"killed_by":"The Heart","ascension_level":0}}