{"host":"qwv9nni2x0umspiu","time":1608881774,"event":{"mods":["BaseMod","Downfall","Minty Spire (QoL Compilation)","Replay The Spire","StSLib","The Hierophant","Wandering Minibosses"],"gold_per_floor":[119,138,155,164,164,156,30,30,30,46,56,89,106,105,105,163,213,223,123,123,63,63,63],"floor_reached":22,"playtime":1161,"items_purged":["hierophant:Strike_Hierophant","hierophant:Defend_Hierophant"],"score":384,"play_id":"c08e6fd6-456f-4235-b000-172e9003d02e","local_time":"20201224233614","is_ascension_mode":true,"campfire_choices":[{"data":"hierophant:Punish","floor":8,"key":"SMITH"},{"floor":15,"key":"REST"}],"circlet_count":0,"master_deck":["AscendersBane","hierophant:Strike_Hierophant","hierophant:Strike_Hierophant","hierophant:Strike_Hierophant","hierophant:Punish+1","hierophant:Defend_Hierophant","hierophant:Defend_Hierophant","hierophant:Defend_Hierophant","hierophant:ChurchCoffers+1","hierophant:SealAway","hierophant:Alms+1","hierophant:HammerAndAnvil","hierophant:Chorus","hierophant:Smite+1","hierophant:HammerAndAnvil","hierophant:Zeal","hierophant:Determination","hierophant:Shelter"],"relics":["hierophant:PropheticMaskRelic","CultistMask","Kunai","Tiny House"],"acts_visited":["Exordium","TheCity"],"potions_floor_usage":[6,12,13,16,18],"damage_taken":[{"damage":4,"enemies":"Jaw Worm","floor":1,"turns":4},{"damage":1,"enemies":"Cultist","floor":2,"turns":3},{"damage":0,"enemies":"2 Louse","floor":3,"turns":1},{"damage":4,"enemies":"Exordium Wildlife","floor":4,"turns":5},{"damage":12,"enemies":"Exordium Thugs","floor":6,"turns":4},{"damage":2,"enemies":"2 Fungi Beasts","floor":10,"turns":3},{"damage":5,"enemies":"Gremlin Gang","floor":11,"turns":3},{"damage":10,"enemies":"Replay:BlueRogue","floor":12,"turns":4},{"damage":18,"enemies":"Red Slaver","floor":13,"turns":4},{"damage":1,"enemies":"Looter","floor":14,"turns":2},{"damage":32,"enemies":"Fading Forest","floor":16,"turns":13},{"damage":21,"enemies":"Shell Parasite","floor":18,"turns":2},{"damage":39,"enemies":"2 Thieves","floor":21,"turns":3}],"seed_played":"-7067872744208204698","potions_obtained":[{"floor":1,"key":"Energy Potion"},{"floor":6,"key":"Elixir"},{"floor":10,"key":"sneckomod:MuddlingPotion"},{"floor":11,"key":"Adrenaline Potion"},{"floor":12,"key":"PowerPotion"},{"floor":17,"key":"DuplicationPotion"},{"floor":21,"key":"Adrenaline Potion"}],"is_trial":false,"path_per_floor":["M","M","M","M","?","M","$","R","T","M","M","E","M","M","R","B",null,"M","$","?","M","$"],"character_chosen":"HIEROPHANT","items_purchased":["hierophant:HammerAndAnvil"],"campfire_rested":1,"item_purchase_floors":[7],"current_hp_per_floor":[64,63,63,59,59,47,47,47,47,45,40,30,12,11,33,9,64,43,43,43,9,9,9],"gold":63,"neow_bonus":"UPGRADE_CARD","is_daily":false,"chose_seed":false,"campfire_upgraded":1,"win_rate":0.0,"timestamp":1608881774,"path_taken":["M","M","M","M","?","M","$","R","T","M","M","E","M","M","R","BOSS","M","$","?","M","$"],"items_purchased_type":["Card"],"build_version":"2020-12-22","purchased_purges":2,"victory":false,"max_hp_per_floor":[75,75,75,75,75,75,75,75,75,75,75,75,75,75,75,75,80,80,80,80,80,80,80],"card_choices":[{"not_picked":["hierophant:Blessing","hierophant:PristineSoul"],"picked":"hierophant:SealAway","floor":1},{"not_picked":["hierophant:RecallFunds","hierophant:Encroach","hierophant:EyeForCoin"],"picked":"SKIP","floor":2},{"not_picked":["hierophant:RepressedViolence","hierophant:OrnateBuckler","hierophant:PassingBell"],"picked":"SKIP","floor":3},{"not_picked":["hierophant:Chorus","hierophant:Encroach","hierophant:FaithHealing"],"picked":"SKIP","floor":4},{"not_picked":["hierophant:Sermon","hierophant:Bribe"],"picked":"hierophant:Alms","floor":6},{"not_picked":["hierophant:Empathy","hierophant:Flagellation"],"picked":"hierophant:Chorus","floor":10},{"not_picked":["hierophant:HolyVerse","hierophant:FaithHealing"],"picked":"hierophant:Smite","floor":11},{"not_picked":["hierophant:FieryStrike","hierophant:ThreeLashes"],"picked":"hierophant:HammerAndAnvil","floor":12},{"not_picked":["hierophant:Rebuild","hierophant:Remorse","hierophant:MintersHammer"],"picked":"SKIP","floor":13},{"not_picked":["hierophant:PassingBell","hierophant:Doubloon"],"picked":"hierophant:Zeal","floor":14},{"not_picked":["hierophant:MintersHammer","hierophant:WrathOfGod"],"picked":"hierophant:Determination","floor":16},{"not_picked":["hierophant:MorningPrayer","hierophant:Endure","hierophant:RepressedViolence"],"picked":"SKIP","floor":18},{"not_picked":["hierophant:AuricShield","hierophant:HammerAndAnvil"],"picked":"hierophant:Shelter","floor":21}],"player_experience":1304905,"relics_obtained":[{"floor":12,"key":"Kunai"}],"event_choices":[{"damage_healed":0,"gold_gain":0,"player_choice":"Trade","damage_taken":0,"relics_obtained":["CultistMask"],"max_hp_gain":0,"max_hp_loss":0,"event_name":"FaceTrader","floor":5,"gold_loss":0},{"damage_healed":0,"gold_gain":0,"player_choice":"Upgraded","damage_taken":0,"max_hp_gain":0,"max_hp_loss":0,"event_name":"Upgrade Shrine","floor":20,"gold_loss":0,"cards_upgraded":["hierophant:Alms"]}],"is_beta":false,"boss_relics":[{"not_picked":["Runic Pyramid","Cursed Key"],"picked":"Tiny House"}],"items_purged_floors":[7,19],"is_endless":false,"potions_floor_spawned":[1,6,10,11,12,21],"ascension_level":20}}