{"host":"nn0usk9aafse27ii","time":1608858038,"event":{"mods":["BaseMod","Colored Map","Highlight Path","Minty Spire (QoL Compilation)","Shop Mod","StSLib","The Disciple"],"gold_per_floor":[116,116,116,191,204,204,220,240,240,253,266,266,11,28,28,124,124,134,134,134,152,4,4,32,32,32,110,110,127,46,63,63,161,161,172,191,202,221,77,77,77],"floor_reached":40,"playtime":4520,"items_purged":[],"score":450,"play_id":"42263ae2-30ad-467c-b9f4-ffe129d25630","local_time":"20201224170038","is_ascension_mode":false,"campfire_choices":[{"data":"Keepsakes","floor":6.0,"key":"SMITH"},{"floor":12.0,"key":"REST"},{"data":"LockedWarPaint","floor":15.0,"key":"SMITH"},{"floor":23.0,"key":"REST"},{"floor":28.0,"key":"REST"},{"floor":32.0,"key":"REST"}],"circlet_count":0,"master_deck":["Moderato","Accelerando","Allargando","Defend_Br","Defend_Br","Defend_Br","Defend_Br","SecondHand","PatternShift","PrimeTime","ExoVibe","Keepsakes+1","Backlash","LockedWarPaint+1","SlimeSpray","Recurrance","OracleForm","BeatsPerMinute","RitualDagger","Echoward","Recurrance","LockedThread","DaylightSavings","MasterKey","VestedLegacy+1","LockedBlood+1","Echonomics"],"relics":["Chronometer","HornCleat","MysticCrockPot","Philosopher\u0027s Stone","Toolbox","StoneCalendar","Centennial Puzzle","SlipperyGoo","Empty Cage","Medical Kit"],"acts_visited":["Exordium","TheCity","TheBeyond"],"potions_floor_usage":[],"damage_taken":[{"damage":0.0,"enemies":"2 Louse","floor":1.0,"turns":2.0},{"damage":0.0,"enemies":"Jaw Worm","floor":5.0,"turns":5.0},{"damage":1.0,"enemies":"Cultist","floor":7.0,"turns":4.0},{"damage":9.0,"enemies":"Large Slime","floor":8.0,"turns":3.0},{"damage":0.0,"enemies":"Looter","floor":10.0,"turns":4.0},{"damage":0.0,"enemies":"Blue Slaver","floor":11.0,"turns":4.0},{"damage":1.0,"enemies":"Large Slime","floor":14.0,"turns":4.0},{"damage":0.0,"enemies":"Slime Boss","floor":16.0,"turns":15.0},{"damage":21.0,"enemies":"3 Byrds","floor":18.0,"turns":6.0},{"damage":15.0,"enemies":"Shell Parasite","floor":21.0,"turns":7.0},{"damage":31.0,"enemies":"Book of Stabbing","floor":24.0,"turns":7.0},{"damage":7.0,"enemies":"Centurion and Healer","floor":29.0,"turns":6.0},{"damage":3.0,"enemies":"Snake Plant","floor":31.0,"turns":5.0},{"damage":36.0,"enemies":"Collector","floor":33.0,"turns":7.0},{"damage":0.0,"enemies":"Orb Walker","floor":35.0,"turns":3.0},{"damage":2.0,"enemies":"3 Shapes","floor":36.0,"turns":4.0},{"damage":31.0,"enemies":"Jaw Worm Horde","floor":37.0,"turns":3.0},{"damage":33,"enemies":"Transient","floor":38,"turns":5},{"damage":23,"enemies":"Reptomancer","floor":40,"turns":5}],"seed_played":"7625278319561285788","potions_obtained":[{"floor":1.0,"key":"DistilledChaos"},{"floor":10.0,"key":"Swift Potion"},{"floor":16.0,"key":"SpeedPotion"},{"floor":18.0,"key":"BlessingOfTheForge"},{"floor":29.0,"key":"CultistPotion"},{"floor":33.0,"key":"DistilledChaos"},{"floor":35.0,"key":"Explosive Potion"}],"is_trial":false,"path_per_floor":["M","?","?","?","M","R","M","M","T","M","M","R","$","M","R","B",null,"M","?","?","M","$","R","E","?","T","T","R","M","$","M","R","B",null,"M","M","M","M","$","E"],"character_chosen":"CHRONO_CLASS","items_purchased":["MysticCrockPot","Toolbox","LockedThread","Medical Kit"],"campfire_rested":4,"item_purchase_floors":[13,22,30,39],"current_hp_per_floor":[65,65,58,47,47,47,46,37,37,37,37,56,56,55,55,55,65,44,38,38,23,23,42,11,11,11,11,30,23,23,20,39,3,65,65,63,32,8,8,0,0],"gold":77,"neow_bonus":"TRANSFORM_CARD","is_daily":false,"chose_seed":false,"campfire_upgraded":2,"win_rate":0.0,"timestamp":1608858038,"path_taken":["M","?","?","?","M","R","M","M","T","M","M","R","?","?","R","BOSS","M","?","?","M","$","R","E","?","T","?","R","M","$","M","R","BOSS","M","M","M","M","$","E"],"items_purchased_type":["Relic","Relic","Card","Relic"],"build_version":"2020-12-22","purchased_purges":0,"victory":false,"max_hp_per_floor":[65,65,65,65,65,65,65,65,65,65,65,65,65,65,65,65,65,65,65,65,65,65,65,65,65,65,65,65,65,65,65,65,65,65,65,65,65,65,65,65,65],"card_choices":[{"not_picked":["Cuckoo","Tempo"],"picked":"BiteCommand","floor":1.0},{"not_picked":["Facsimile","LockedBlood"],"picked":"Keepsakes","floor":5.0},{"not_picked":["ShortSighted","HandsUpC"],"picked":"Backlash","floor":7.0},{"not_picked":["LockedMedicine","BlueShift"],"picked":"LockedWarPaint","floor":8.0},{"not_picked":["LockedMedicine","HandsUpC"],"picked":"SlimeSpray","floor":10.0},{"not_picked":["Engulf","LockedMawBank"],"picked":"Recurrance","floor":11.0},{"not_picked":["LockedBlood","Engulf","Facsimile"],"picked":"SKIP","floor":14.0},{"not_picked":["BackFourSeconds","Pendulum"],"picked":"OracleForm","floor":16.0},{"not_picked":["LockedAnchor","AlternateTimeline+1"],"picked":"BeatsPerMinute","floor":18.0},{"not_picked":["HandsUpB","Tempo"],"picked":"Echoward","floor":21.0},{"not_picked":["Tempo","EscortCommand+1"],"picked":"Recurrance","floor":24.0},{"not_picked":["HandsUpB","EscortCommand","BiteCommand"],"picked":"SKIP","floor":29.0},{"not_picked":["Echoward","LockedMedicine+1"],"picked":"DaylightSavings","floor":31.0},{"not_picked":["Flay","LockedCalendar"],"picked":"MasterKey","floor":33.0},{"not_picked":["LockedMedicine+1","Tempo+1","BiteCommand"],"picked":"SKIP","floor":35.0},{"not_picked":["LockedThread","BeatsPerMinute"],"picked":"VestedLegacy+1","floor":36.0},{"not_picked":["Echoward+1","AlternateTimeline+1"],"picked":"LockedBlood+1","floor":37.0},{"not_picked":["FormalWear+1","LockedBlood"],"picked":"Echonomics","floor":38}],"player_experience":362614,"relics_obtained":[{"floor":9.0,"key":"HornCleat"},{"floor":24.0,"key":"StoneCalendar"},{"floor":26.0,"key":"Centennial Puzzle"},{"floor":27.0,"key":"SlipperyGoo"}],"event_choices":[{"damage_healed":0.0,"max_hp_gain":0.0,"max_hp_loss":0.0,"gold_gain":0.0,"cards_transformed":["Strike_Br"],"event_name":"Living Wall","player_choice":"Change","floor":2.0,"gold_loss":0.0,"damage_taken":0.0,"cards_obtained":["ExoVibe"]},{"cards_removed":["Strike_Br"],"damage_healed":0.0,"max_hp_gain":0.0,"max_hp_loss":0.0,"gold_gain":0.0,"event_name":"Golden Wing","player_choice":"Card Removal","floor":3.0,"gold_loss":0.0,"damage_taken":7.0},{"damage_healed":0.0,"max_hp_gain":0.0,"max_hp_loss":0.0,"gold_gain":75.0,"event_name":"World of Goop","player_choice":"Gather Gold","floor":4.0,"gold_loss":0.0,"damage_taken":11.0},{"damage_healed":0.0,"max_hp_gain":0.0,"max_hp_loss":0.0,"gold_gain":0.0,"event_name":"Nest","player_choice":"Joined the Cult","floor":19.0,"gold_loss":0.0,"damage_taken":6.0,"cards_obtained":["RitualDagger"]},{"damage_healed":0.0,"max_hp_gain":0.0,"max_hp_loss":0.0,"gold_gain":0.0,"event_name":"Vampires","player_choice":"Ignored","floor":20.0,"gold_loss":0.0,"damage_taken":0.0},{"damage_healed":0.0,"max_hp_gain":0.0,"max_hp_loss":0.0,"gold_gain":0.0,"event_name":"Cursed Tome","player_choice":"Ignored","floor":25.0,"gold_loss":0.0,"damage_taken":0.0}],"is_beta":false,"boss_relics":[{"not_picked":["Pandora\u0027s Box","Velvet Choker"],"picked":"Philosopher\u0027s Stone"},{"not_picked":["Fusion Hammer","Coffee Dripper"],"picked":"Empty Cage"}],"items_purged_floors":[],"is_endless":false,"potions_floor_spawned":[1,10,16,18,29,33,35],"killed_by":"Reptomancer","ascension_level":0}}