{"host":"z9811rt50ti81n54","time":1608910564,"event":{"mods":["BaseMod","Minty Spire (QoL Compilation)"],"gold_per_floor":[109,109,109,129,148,148,162,197,197,197,217,248,267,267,267,368,368,380,392,441,441,458,458,483,483,483,17,36,46,46,56,56,156,156,170,185,203,203,223,223,235,235,235,235,235,248,262,262,262,262,262,262,41,67,67],"floor_reached":56,"playtime":4099,"items_purged":["Parasite"],"score":1385,"play_id":"0ea48c9b-0468-40ff-83f7-eba7b86c0175","local_time":"20201226003604","is_ascension_mode":true,"campfire_choices":[{"data":"Adrenaline","floor":6.0,"key":"SMITH"},{"data":"Well Laid Plans","floor":10.0,"key":"SMITH"},{"data":"Blade Dance","floor":15.0,"key":"SMITH"},{"data":"Terror","floor":23.0,"key":"SMITH"},{"data":"Blade Dance","floor":25.0,"key":"SMITH"},{"data":"Neutralize","floor":30.0,"key":"SMITH"},{"floor":32.0,"key":"RECALL"},{"data":"Burst","floor":40.0,"key":"SMITH"},{"data":"Venomology","floor":42.0,"key":"SMITH"},{"data":"Infinite Blades","floor":45.0,"key":"SMITH"},{"data":"Outmaneuver","floor":49,"key":"SMITH"},{"data":"Dash","floor":52,"key":"SMITH"}],"circlet_count":0,"master_deck":["Strike_G","Strike_G","Strike_G","Strike_G","Defend_G","Defend_G","Defend_G","Defend_G","Survivor","Neutralize+1","Well Laid Plans+1","Adrenaline+1","Blade Dance+1","Dash+1","Infinite Blades+1","Backflip","Dagger Spray","Terror+1","Endless Agony","After Image+1","Caltrops+1","Deadly Poison+1","Blade Dance+1","Caltrops+1","Venomology+1","Outmaneuver+1","Envenom+1","Riddle With Holes+1","Noxious Fumes+1","Burst+1","CurseOfTheBell","PiercingWail+1","Caltrops+1","Injury","Blur+1","Writhe","Footwork+1","Panache+1","Malaise"],"relics":["Ring of the Snake","Anchor","Blue Candle","Frozen Egg 2","Darkstone Periapt","Cursed Key","Mercury Hourglass","Tingsha","Pen Nib","Calling Bell","Bag of Preparation","Sundial","Dead Branch","The Specimen","Bronze Scales"],"acts_visited":["Exordium","TheCity","TheBeyond","TheEnding"],"potions_floor_usage":[47,47,50,54,54,54,55,55,55],"damage_taken":[{"damage":0.0,"enemies":"Small Slimes","floor":1.0,"turns":3.0},{"damage":0.0,"enemies":"Cultist","floor":4.0,"turns":3.0},{"damage":0.0,"enemies":"2 Louse","floor":5.0,"turns":2.0},{"damage":0.0,"enemies":"Red Slaver","floor":7.0,"turns":3.0},{"damage":28.0,"enemies":"Gremlin Nob","floor":8.0,"turns":4.0},{"damage":0.0,"enemies":"3 Louse","floor":11.0,"turns":2.0},{"damage":33.0,"enemies":"Lagavulin","floor":12.0,"turns":8.0},{"damage":5.0,"enemies":"Exordium Thugs","floor":13.0,"turns":4.0},{"damage":9.0,"enemies":"Slime Boss","floor":16.0,"turns":10.0},{"damage":6.0,"enemies":"Shell Parasite","floor":18.0,"turns":4.0},{"damage":0.0,"enemies":"Spheric Guardian","floor":19.0,"turns":4.0},{"damage":16.0,"enemies":"Snecko","floor":22.0,"turns":5.0},{"damage":10.0,"enemies":"Gremlin Leader","floor":24.0,"turns":7.0},{"damage":4.0,"enemies":"Snake Plant","floor":28.0,"turns":4.0},{"damage":3.0,"enemies":"Centurion and Healer","floor":29.0,"turns":5.0},{"damage":0.0,"enemies":"Snecko","floor":31.0,"turns":3.0},{"damage":11.0,"enemies":"Automaton","floor":33.0,"turns":6.0},{"damage":0.0,"enemies":"3 Shapes","floor":35.0,"turns":5.0},{"damage":0.0,"enemies":"Orb Walker","floor":36.0,"turns":2.0},{"damage":0.0,"enemies":"Jaw Worm Horde","floor":37.0,"turns":3.0},{"damage":0.0,"enemies":"Spire Growth","floor":39.0,"turns":4.0},{"damage":0.0,"enemies":"Transient","floor":41.0,"turns":5.0},{"damage":0.0,"enemies":"4 Shapes","floor":46.0,"turns":2.0},{"damage":0,"enemies":"Writhing Mass","floor":47,"turns":5},{"damage":73,"enemies":"Donu and Deca","floor":50,"turns":10},{"damage":10,"enemies":"Shield and Spear","floor":54,"turns":4},{"damage":74,"enemies":"The Heart","floor":55,"turns":5}],"seed_played":"1067887083785081025","potions_obtained":[{"floor":4.0,"key":"ColorlessPotion"},{"floor":5.0,"key":"Poison Potion"},{"floor":7.0,"key":"EssenceOfSteel"},{"floor":11.0,"key":"FairyPotion"},{"floor":13.0,"key":"EntropicBrew"},{"floor":19.0,"key":"EssenceOfSteel"},{"floor":29.0,"key":"LiquidBronze"},{"floor":31.0,"key":"Strength Potion"},{"floor":54,"key":"GamblersBrew"}],"is_trial":false,"path_per_floor":["M","?","?","M","M","R","M","E","T","R","M","E","M","?","R","B",null,"M","M","T","?","M","R","E","R","T","$","M","M","R","M","R","B",null,"M","M","M","?","M","R","M","R","T","?","R","M","M","?","R","B",null,"R","$","E","B",null],"character_chosen":"THE_SILENT","items_purchased":["Pen Nib","Caltrops+1","Venomology","Outmaneuver","Footwork+1","Panache+1"],"campfire_rested":0,"item_purchase_floors":[27,27,27,27,53,53],"current_hp_per_floor":[70,63,63,63,63,63,63,35,35,35,35,2,21,80,80,71,80,74,74,80,80,64,64,54,54,60,60,56,53,53,53,53,42,95,95,95,95,86,86,86,86,86,92,92,92,92,92,107,107,34,107,107,107,97,38],"gold":67,"neow_bonus":"RANDOM_COMMON_RELIC","is_daily":false,"chose_seed":false,"campfire_upgraded":11,"win_rate":0.0,"timestamp":1608910564,"path_taken":["M","?","?","M","M","R","M","E","T","R","?","E","?","?","R","BOSS","M","M","?","?","?","R","E","R","T","$","M","M","R","M","R","BOSS","M","M","M","?","M","R","?","R","T","?","R","M","M","?","R","BOSS","R","$","E","BOSS"],"items_purchased_type":["Relic","Card","Card","Card","Card","Card"],"build_version":"2020-12-22","purchased_purges":1,"victory":true,"max_hp_per_floor":[70,70,70,70,70,70,70,70,70,70,70,70,70,80,80,80,80,80,80,86,86,86,86,86,86,92,89,89,89,89,89,89,89,95,95,95,95,95,95,95,95,95,101,101,101,101,101,107,107,107,107,107,107,107,107],"card_choices":[{"not_picked":["Poisoned Stab","Deadly Poison"],"picked":"Well Laid Plans","floor":1.0},{"not_picked":["PiercingWail","Underhanded Strike"],"picked":"Dash","floor":4.0},{"not_picked":["Choke","Dodge and Roll"],"picked":"Infinite Blades","floor":5.0},{"not_picked":["Dagger Throw","PiercingWail"],"picked":"Backflip","floor":7.0},{"not_picked":["Noxious Fumes","Calculated Gamble"],"picked":"Tools of the Trade","floor":8.0},{"not_picked":["Slice","Poisoned Stab"],"picked":"Dagger Spray","floor":11.0},{"not_picked":["Underhanded Strike","Escape Plan"],"picked":"Terror","floor":12.0},{"not_picked":["Setup","Outmaneuver"],"picked":"Endless Agony","floor":13.0},{"not_picked":["Storm of Steel","Burst"],"picked":"After Image+1","floor":16.0},{"not_picked":["Poisoned Stab","Blur"],"picked":"Caltrops+1","floor":18.0},{"not_picked":["Backflip","PiercingWail"],"picked":"Deadly Poison+1","floor":19.0},{"not_picked":["Prepared","Flying Knee","Deadly Poison"],"picked":"SKIP","floor":22.0},{"not_picked":["Quick Slash","Expertise"],"picked":"Blade Dance","floor":24.0},{"not_picked":["Outmaneuver","Blur+1"],"picked":"Envenom+1","floor":28.0},{"not_picked":["Endless Agony","Dash"],"picked":"Riddle With Holes+1","floor":29.0},{"not_picked":["Masterful Stab+1","Poisoned Stab"],"picked":"Noxious Fumes+1","floor":31.0},{"not_picked":["Night Terror","Venomology"],"picked":"Burst","floor":33.0},{"not_picked":["Deflect","All Out Attack","Slice+1"],"picked":"SKIP","floor":35.0},{"not_picked":["Prepared","Outmaneuver+1","Bane"],"picked":"SKIP","floor":36.0},{"not_picked":["Outmaneuver+1","Underhanded Strike+1"],"picked":"PiercingWail+1","floor":37.0},{"not_picked":["Eviscerate+1","Accuracy+1","Prepared+1"],"picked":"SKIP","floor":39.0},{"not_picked":["Terror","Leg Sweep+1"],"picked":"Caltrops+1","floor":41.0},{"not_picked":["Outmaneuver+1","Dagger Spray+1"],"picked":"Blur+1","floor":46.0},{"not_picked":["Flying Knee","Finisher+1","Poisoned Stab"],"picked":"SKIP","floor":47},{"not_picked":["Expertise","Deadly Poison"],"picked":"Malaise","floor":54}],"player_experience":215529,"relics_obtained":[{"floor":8.0,"key":"Blue Candle"},{"floor":9.0,"key":"Frozen Egg 2"},{"floor":12.0,"key":"Darkstone Periapt"},{"floor":24.0,"key":"Mercury Hourglass"},{"floor":26.0,"key":"Tingsha"},{"floor":34.0,"key":"Bag of Preparation"},{"floor":34.0,"key":"Sundial"},{"floor":34.0,"key":"Dead Branch"},{"floor":43.0,"key":"The Specimen"},{"floor":54,"key":"Bronze Scales"}],"event_choices":[{"cards_removed":["Defend_G"],"damage_healed":0.0,"max_hp_gain":0.0,"max_hp_loss":0.0,"gold_gain":0.0,"event_name":"Golden Wing","player_choice":"Card Removal","floor":2.0,"gold_loss":0.0,"damage_taken":7.0},{"damage_healed":0.0,"max_hp_gain":0.0,"max_hp_loss":0.0,"gold_gain":0.0,"event_name":"Match and Keep!","player_choice":"2 cards matched","floor":3.0,"gold_loss":0.0,"damage_taken":0.0,"cards_obtained":["Adrenaline","Blade Dance"]},{"cards_removed":["Tools of the Trade"],"damage_healed":49.0,"max_hp_gain":10.0,"max_hp_loss":0.0,"gold_gain":0.0,"event_name":"Bonfire Elementals","player_choice":"Offered Rare","floor":14.0,"gold_loss":0.0,"damage_taken":0.0},{"cards_removed":["Doubt"],"damage_healed":0.0,"max_hp_gain":0.0,"max_hp_loss":0.0,"gold_gain":0.0,"event_name":"Fountain of Cleansing","player_choice":"Removed Curses","floor":21.0,"gold_loss":0.0,"damage_taken":0.0},{"damage_healed":0.0,"max_hp_gain":0.0,"max_hp_loss":0.0,"gold_gain":0.0,"event_name":"Wheel of Change","player_choice":"Damaged","floor":38.0,"gold_loss":0.0,"damage_taken":9.0},{"cards_removed":["Strike_G"],"damage_healed":0.0,"max_hp_gain":0.0,"max_hp_loss":0.0,"gold_gain":0.0,"event_name":"Falling","player_choice":"Removed Attack","floor":44.0,"gold_loss":0.0,"damage_taken":0.0},{"damage_healed":25,"gold_gain":0,"player_choice":"Writhe","damage_taken":0,"max_hp_gain":0,"max_hp_loss":0,"event_name":"Winding Halls","floor":48,"gold_loss":0,"cards_obtained":["Writhe"]}],"is_beta":false,"boss_relics":[{"not_picked":["Runic Dome","Velvet Choker"],"picked":"Cursed Key"},{"not_picked":["Snecko Eye","Coffee Dripper"],"picked":"Calling Bell"}],"items_purged_floors":[27],"is_endless":false,"potions_floor_spawned":[4,5,7,11,13,19,29,31,36,39,54],"ascension_level":4}}