{"host":"z9811rt50ti81n54","time":1608872476,"event":{"mods":["BaseMod","Minty Spire (QoL Compilation)"],"gold_per_floor":[119,194,40,50,50,76,76,92,92,105,132,158,3,3,3,105,105,116,136,51,51,51,51,64,64,64,64,64,80,80,94,94,197,197,208,259,274,274,292,292,302,302,302,212,212,225,243,243,243,243,243,243,18,52,52,52],"floor_reached":55,"playtime":2119,"items_purged":["Strike_G","Neutralize"],"score":832,"play_id":"47943de3-c338-4400-9e53-08a590439a07","local_time":"20201225140116","is_ascension_mode":true,"campfire_choices":[{"data":"Accuracy","floor":7.0,"key":"SMITH"},{"data":"Accuracy","floor":15,"key":"SMITH"},{"data":"Venomology","floor":23,"key":"SMITH"},{"floor":25,"key":"REST"},{"floor":30,"key":"REST"},{"data":"Catalyst","floor":32,"key":"SMITH"},{"data":"Cloak And Dagger","floor":40,"key":"SMITH"},{"data":"Blade Dance","floor":42,"key":"SMITH"},{"floor":49,"key":"RECALL"},{"data":"Catalyst","floor":52,"key":"SMITH"}],"circlet_count":0,"master_deck":["Defend_G","Defend_G","Defend_G+1","Defend_G","Defend_G","Survivor","Poisoned Stab","Accuracy+1","Cloak And Dagger+1","Leg Sweep","PiercingWail","Venomology+1","Blade Dance+1","Doppelganger","Accuracy+1","Corpse Explosion","PiercingWail+1","Riddle With Holes","Quick Slash","Catalyst+1","Blade Dance","Corpse Explosion","Infinite Blades","Leg Sweep+1","Catalyst+1","Deadly Poison+1","Escape Plan","Caltrops","Venomology"],"relics":["Ring of the Snake","NeowsBlessing","Paper Crane","Matryoshka","Odd Mushroom","Bronze Scales","SacredBark","InkBottle","Boot","PreservedInsect","HornCleat","Philosopher\u0027s Stone","Ginger","Juzu Bracelet","CaptainsWheel"],"acts_visited":["Exordium","TheCity","TheBeyond","TheEnding"],"potions_floor_usage":[12,12,12,14,16,18,19,19,24,24,29,31,31,33,33,33,36,36,39,41,47,47,50,50,54,54,55,55,55],"damage_taken":[{"damage":0.0,"enemies":"2 Louse","floor":1.0,"turns":2.0},{"damage":0.0,"enemies":"Cultist","floor":4.0,"turns":1.0},{"damage":0.0,"enemies":"Gremlin Nob","floor":6.0,"turns":1.0},{"damage":0.0,"enemies":"Jaw Worm","floor":8.0,"turns":5.0},{"damage":4.0,"enemies":"Exordium Thugs","floor":10.0,"turns":5.0},{"damage":1.0,"enemies":"The Mushroom Lair","floor":11.0,"turns":4.0},{"damage":0,"enemies":"3 Sentries","floor":12,"turns":6},{"damage":0,"enemies":"Gremlin Gang","floor":14,"turns":1},{"damage":30,"enemies":"The Guardian","floor":16,"turns":10},{"damage":0,"enemies":"Chosen","floor":18,"turns":6},{"damage":16,"enemies":"2 Thieves","floor":19,"turns":4},{"damage":0,"enemies":"3 Cultists","floor":24,"turns":3},{"damage":10,"enemies":"Cultist and Chosen","floor":29,"turns":4},{"damage":1,"enemies":"Chosen and Byrds","floor":31,"turns":4},{"damage":21,"enemies":"Champ","floor":33,"turns":7},{"damage":8,"enemies":"Orb Walker","floor":35,"turns":5},{"damage":12,"enemies":"2 Orb Walkers","floor":36,"turns":3},{"damage":0,"enemies":"3 Shapes","floor":37,"turns":3},{"damage":2,"enemies":"Writhing Mass","floor":39,"turns":5},{"damage":16,"enemies":"Sphere and 2 Shapes","floor":41,"turns":4},{"damage":10,"enemies":"Spire Growth","floor":46,"turns":4},{"damage":13,"enemies":"Writhing Mass","floor":47,"turns":4},{"damage":15,"enemies":"Donu and Deca","floor":50,"turns":7},{"damage":47,"enemies":"Shield and Spear","floor":54,"turns":4},{"damage":29,"enemies":"The Heart","floor":55,"turns":5}],"seed_played":"-4178447599780385667","potions_obtained":[{"floor":8.0,"key":"EntropicBrew"},{"floor":11.0,"key":"AttackPotion"},{"floor":16,"key":"GamblersBrew"},{"floor":19,"key":"Swift Potion"},{"floor":24,"key":"Explosive Potion"},{"floor":31,"key":"Poison Potion"},{"floor":36,"key":"GamblersBrew"},{"floor":39,"key":"SteroidPotion"}],"is_trial":false,"path_per_floor":["M","?","$","M","?","E","R","M","T","M","?","E","$","M","R","B",null,"M","M","?","?","$","R","M","R","T","?","?","M","R","M","R","B",null,"M","?","M","?","M","R","M","R","T","?","?","M","M","?","R","B",null,"R","$","E","B"],"character_chosen":"THE_SILENT","items_purchased":["Accuracy","Cloak And Dagger","Leg Sweep","Accuracy","Energy Potion","Caltrops"],"campfire_rested":2,"item_purchase_floors":[3,3,3,13,53,53],"current_hp_per_floor":[70,59,59,59,70,70,70,70,70,66,65,65,65,65,65,35,70,70,54,54,41,41,41,41,63,63,63,63,53,75,74,74,53,75,67,55,55,55,75,75,59,59,59,59,59,49,36,36,36,21,75,75,75,28,0,0],"gold":52,"neow_bonus":"THREE_ENEMY_KILL","is_daily":false,"chose_seed":false,"campfire_upgraded":7,"win_rate":0.0,"timestamp":1608872476,"path_taken":["M","?","$","M","?","E","R","?","T","M","?","E","?","M","R","BOSS","M","?","?","?","$","R","M","R","T","?","?","M","R","M","R","BOSS","M","?","M","?","M","R","M","R","T","?","?","M","M","?","R","BOSS","R","$","E","BOSS"],"items_purchased_type":["Card","Card","Card","Card","Potion","Card"],"build_version":"2020-12-22","purchased_purges":2,"victory":false,"max_hp_per_floor":[70,70,70,70,70,70,70,70,70,70,70,70,70,70,70,70,70,70,70,70,75,75,75,75,75,75,75,75,75,75,75,75,75,75,75,75,75,75,75,75,75,75,75,75,75,75,75,75,75,75,75,75,75,75,75,75],"card_choices":[{"not_picked":["Backflip","Bane"],"picked":"Poisoned Stab","floor":1.0},{"not_picked":["Acrobatics","Dodge and Roll"],"picked":"Skewer","floor":4.0},{"not_picked":["Poisoned Stab","Outmaneuver"],"picked":"PiercingWail","floor":6.0},{"not_picked":["Infinite Blades","Flying Knee"],"picked":"Venomology","floor":8.0},{"not_picked":["Flechettes","Concentrate"],"picked":"Blade Dance","floor":10.0},{"not_picked":["Unload","Poisoned Stab"],"picked":"Doppelganger","floor":12},{"not_picked":["Tools of the Trade","Phantasmal Killer"],"picked":"Corpse Explosion","floor":16},{"not_picked":["Quick Slash+1","Tactician","Finisher"],"picked":"SKIP","floor":18},{"not_picked":["Dodge and Roll","Bane+1"],"picked":"PiercingWail+1","floor":19},{"not_picked":["Acrobatics","Flying Knee","Dagger Throw+1"],"picked":"SKIP","floor":24},{"not_picked":["Predator","Grand Finale"],"picked":"Catalyst","floor":29},{"not_picked":["Bane+1","Dagger Throw+1"],"picked":"Blade Dance","floor":31},{"not_picked":["Storm of Steel","Wraith Form v2"],"picked":"Corpse Explosion","floor":33},{"not_picked":["Skewer+1","Heel Hook","Backstab"],"picked":"SKIP","floor":35},{"not_picked":["Backstab+1","PiercingWail"],"picked":"Infinite Blades","floor":36},{"not_picked":["Infinite Blades+1","Slice+1"],"picked":"Leg Sweep+1","floor":37},{"not_picked":["Dagger Spray+1","Blade Dance","Backflip"],"picked":"SKIP","floor":39},{"not_picked":["Distraction+1","Eviscerate","Poisoned Stab+1"],"picked":"SKIP","floor":41},{"not_picked":["Underhanded Strike","Flying Knee+1"],"picked":"Catalyst","floor":46},{"not_picked":["Underhanded Strike","Bouncing Flask"],"picked":"Deadly Poison+1","floor":47},{"not_picked":["Acrobatics+1","All Out Attack+1"],"picked":"Venomology","floor":54}],"player_experience":207783,"relics_obtained":[{"floor":6.0,"key":"Paper Crane"},{"floor":9.0,"key":"Matryoshka"},{"floor":11.0,"key":"Odd Mushroom"},{"floor":12,"key":"Bronze Scales"},{"floor":26,"key":"Boot"},{"floor":26,"key":"PreservedInsect"},{"floor":36,"key":"Ginger"},{"floor":43,"key":"Juzu Bracelet"},{"floor":54,"key":"CaptainsWheel"}],"event_choices":[{"damage_healed":0.0,"max_hp_gain":0.0,"max_hp_loss":0.0,"gold_gain":75.0,"event_name":"World of Goop","player_choice":"Gather Gold","floor":2.0,"gold_loss":0.0,"damage_taken":11.0},{"cards_removed":["Skewer"],"damage_healed":11.0,"max_hp_gain":0.0,"max_hp_loss":0.0,"gold_gain":0.0,"event_name":"Bonfire Elementals","player_choice":"Offered Uncommon","floor":5.0,"gold_loss":0.0,"damage_taken":0.0},{"damage_healed":0.0,"max_hp_gain":0.0,"max_hp_loss":0.0,"gold_gain":0.0,"event_name":"Mushrooms","player_choice":"Fought Mushrooms","floor":11.0,"gold_loss":0.0,"damage_taken":0.0},{"damage_healed":0,"gold_gain":0,"player_choice":"Obtained Relic","damage_taken":0,"relics_obtained":["InkBottle"],"max_hp_gain":0,"max_hp_loss":0,"event_name":"Addict","floor":20,"gold_loss":85},{"damage_healed":0,"gold_gain":0,"player_choice":"Shed Blood","damage_taken":18,"max_hp_gain":5,"max_hp_loss":0,"event_name":"Forgotten Altar","floor":21,"gold_loss":0},{"damage_healed":0,"gold_gain":0,"player_choice":"Opened","damage_taken":0,"relics_obtained":["HornCleat"],"max_hp_gain":0,"max_hp_loss":0,"event_name":"The Mausoleum","floor":27,"gold_loss":0,"cards_obtained":["Writhe"]},{"damage_healed":0,"gold_gain":0,"cards_transformed":["Strike_G","Strike_G"],"player_choice":"Became Test Subject","damage_taken":0,"max_hp_gain":0,"max_hp_loss":0,"event_name":"Drug Dealer","floor":28,"gold_loss":0,"cards_obtained":["Riddle With Holes","Quick Slash"]},{"damage_healed":0,"gold_gain":0,"player_choice":"Fight","damage_taken":0,"max_hp_gain":0,"max_hp_loss":0,"event_name":"Mysterious Sphere","floor":36,"gold_loss":0},{"cards_removed":["Strike_G"],"damage_healed":0,"gold_gain":0,"player_choice":"Removed Attack","damage_taken":0,"max_hp_gain":0,"max_hp_loss":0,"event_name":"Falling","floor":38,"gold_loss":0},{"cards_removed":["Writhe"],"damage_healed":0,"gold_gain":0,"player_choice":"Upgrade and Remove","damage_taken":0,"max_hp_gain":0,"max_hp_loss":0,"event_name":"Designer","floor":44,"gold_loss":90,"cards_upgraded":["Defend_G"]},{"damage_healed":0,"gold_gain":0,"player_choice":"Ignored","damage_taken":0,"max_hp_gain":0,"max_hp_loss":0,"event_name":"Tomb of Lord Red Mask","floor":45,"gold_loss":0},{"damage_healed":0,"gold_gain":0,"cards_transformed":["Strike_G"],"player_choice":"Transformed","damage_taken":0,"max_hp_gain":0,"max_hp_loss":0,"event_name":"Transmorgrifier","floor":48,"gold_loss":0,"cards_obtained":["Escape Plan"]}],"is_beta":false,"boss_relics":[{"not_picked":["WristBlade","Astrolabe"],"picked":"SacredBark"},{"not_picked":["Pandora\u0027s Box","Calling Bell"],"picked":"Philosopher\u0027s Stone"}],"items_purged_floors":[13,53],"is_endless":false,"potions_floor_spawned":[8,11,16,19,24,31,36,39,41],"killed_by":"The Heart","ascension_level":3}}