{"host":"ek3xvuouaw6vk9if","time":1608922122,"event":{"mods":["BaseMod","BetterRewards","Downfall","Minty Spire (QoL Compilation)","Permanent Neow","Quick Restart","Replay The Spire","StSLib"],"gold_per_floor":[369,104,116,134,154,186,205,235,262,262,60,94,194,214,214,318,318,332,351,362,79,95,127,146,180,216,251,251,286,286,286,286,407,407,443,475,475,505,526,526,553,553,553,553,553,587,98,98,98,110],"floor_reached":51,"playtime":2744,"items_purged":["Strike_B","Strike_R","Strike_R","Strike_R"],"score":978,"play_id":"07c77a9e-d695-4a5c-9b69-f09327e2aa6b","local_time":"20201225134842","is_ascension_mode":true,"campfire_choices":[{"data":"ReplayReversal","floor":10,"key":"SMITH"},{"data":"Battle Trance","floor":15,"key":"SMITH"},{"data":"Armaments","floor":28,"key":"SMITH"},{"floor":30,"key":"REST"},{"data":"ReplayReversal","floor":32,"key":"SMITH"},{"data":"Pot Of Greed","floor":40,"key":"SMITH"},{"floor":44,"key":"REST"},{"floor":49,"key":"REST"}],"circlet_count":0,"master_deck":["Strike_R","Defend_R","Defend_R","Defend_R","Defend_R","Bash","hexamod:Defend","ReplayReversal+1","Iron Wave","Metallicize","Battle Trance+1","Body Slam","Hemokinesis","Shrug It Off","Offering+1","Metallicize","True Grit+1","Cleave","Juggernaut+1","ReplayReversal+1","Disarm+1","Body Slam","Offering","Hallucinations","Pot Of Greed+1","Pot Of Greed","Pot Of Greed","Armaments+1","Reaper","Shrug It Off+1","Flame Barrier","Metallicize+1"],"relics":["Burning Blood","Blue Doll","PreservedInsect","Nunchaku","hexamod:BolsterEngine","Cursed Key","Guide Book","CeramicFish","Replay:Bandana","Grinning Jar","Mirror","Philosopher\u0027s Stone","Pantograph","Thread and Needle"],"acts_visited":["Exordium","TheCity","TheBeyond"],"potions_floor_usage":[5,16,19,20,33,46,50],"damage_taken":[{"damage":0,"enemies":"Small Slimes","floor":1,"turns":3},{"damage":6,"enemies":"Cultist","floor":3,"turns":3},{"damage":0,"enemies":"Jaw Worm","floor":4,"turns":5},{"damage":4,"enemies":"Gremlin Gang","floor":5,"turns":5},{"damage":11,"enemies":"Replay:BlueRogue","floor":6,"turns":9},{"damage":9,"enemies":"Large Slime","floor":7,"turns":10},{"damage":38,"enemies":"Lagavulin","floor":8,"turns":8},{"damage":8,"enemies":"3 Sentries","floor":12,"turns":9},{"damage":2,"enemies":"Looter","floor":14,"turns":3},{"damage":10,"enemies":"The Guardian","floor":16,"turns":11},{"damage":8,"enemies":"Shell Parasite","floor":18,"turns":4},{"damage":6,"enemies":"2 Thieves","floor":19,"turns":3},{"damage":14,"enemies":"Snake Plant","floor":20,"turns":3},{"damage":24,"enemies":"Sentry and Sphere","floor":22,"turns":6},{"damage":19,"enemies":"Slavers","floor":23,"turns":4},{"damage":8,"enemies":"Snecko","floor":24,"turns":4},{"damage":8,"enemies":"Gremlin Leader","floor":25,"turns":4},{"damage":2,"enemies":"Cultist and Chosen","floor":27,"turns":5},{"damage":22,"enemies":"Slavers","floor":29,"turns":4},{"damage":35,"enemies":"Automaton","floor":33,"turns":11},{"damage":15,"enemies":"3 Shapes","floor":35,"turns":2},{"damage":10,"enemies":"3 Darklings","floor":36,"turns":4},{"damage":14,"enemies":"Maw","floor":38,"turns":5},{"damage":15,"enemies":"Transient","floor":39,"turns":5},{"damage":32,"enemies":"Sphere and 2 Shapes","floor":41,"turns":5},{"damage":28,"enemies":"Nemesis","floor":46,"turns":4},{"damage":14,"enemies":"Awakened One","floor":50,"turns":10}],"seed_played":"-6148987401640375551","potions_obtained":[{"floor":1,"key":"Swift Potion"},{"floor":4,"key":"DistilledChaos"},{"floor":5,"key":"Energy Potion"},{"floor":14,"key":"Energy Potion"},{"floor":23,"key":"SteroidPotion"},{"floor":25,"key":"SteroidPotion"},{"floor":29,"key":"BloodPotion"},{"floor":35,"key":"Dexterity Potion"},{"floor":38,"key":"Explosive Potion"},{"floor":46,"key":"Regen Potion"}],"is_trial":false,"path_per_floor":["M","$","M","M","M","E","M","E","T","R","$","E","?","M","R","B",null,"M","M","M","$","M","E","M","E","T","M","R","E","R","?","R","B",null,"M","M","?","M","M","R","M","?","T","R","?","E","$","?","R","B",null],"character_chosen":"IRONCLAD","items_purchased":["Iron Wave","Metallicize","Battle Trance","Metallicize","True Grit+1","Guide Book","Body Slam","Thread and Needle","BlessingOfTheForge"],"campfire_rested":3,"item_purchase_floors":[2,2,2,11,11,21,21,47,47],"current_hp_per_floor":[80,80,80,80,80,75,72,40,40,40,40,38,38,42,42,38,80,78,78,70,70,52,39,37,35,35,39,39,23,47,47,47,34,80,80,76,76,68,59,59,33,33,33,57,57,35,35,35,57,68],"gold":110,"neow_bonus":"TWO_FIFTY_GOLD","is_daily":false,"chose_seed":false,"campfire_upgraded":5,"win_rate":0.0,"timestamp":1608922122,"path_taken":["M","$","M","M","M","E","M","E","T","R","$","E","?","M","R","BOSS","M","?","M","$","M","E","M","E","T","M","R","E","R","?","R","BOSS","M","?","?","M","M","R","M","?","T","R","?","E","$","?","R","BOSS"],"items_purchased_type":["Card","Card","Card","Card","Card","Relic","Card","Relic","Potion"],"build_version":"2020-12-22","purchased_purges":4,"victory":true,"max_hp_per_floor":[80,80,80,80,80,80,80,80,80,80,80,80,80,80,80,80,80,80,80,80,80,80,80,80,80,80,80,80,80,80,80,80,80,80,80,80,80,80,80,80,80,80,80,80,80,80,80,76,76,76],"card_choices":[{"not_picked":["Body Slam","Run Through"],"picked":"ReplayReversal","floor":1},{"not_picked":["Clothesline","Replay:Undeath\u0027s Touch"],"picked":"Body Slam","floor":3},{"not_picked":["ReplayTheSpireMod:Strike From Hell","Sword Boomerang","Headbutt"],"picked":"SKIP","floor":4},{"not_picked":["Infernal Blade","Battle Trance"],"picked":"Hemokinesis","floor":5},{"not_picked":["Feel No Pain","Flex"],"picked":"Shrug It Off","floor":6},{"not_picked":["Thunderclap","ReplayTheSpireMod:LeadingStrike","Flex"],"picked":"SKIP","floor":7},{"not_picked":["Replay:Undeath\u0027s Touch","Pommel Strike"],"picked":"Offering","floor":8},{"not_picked":["Fiend Fire","Flex"],"picked":"Cleave","floor":12},{"not_picked":["Twin Strike","Dropkick","Thunderclap"],"picked":"SKIP","floor":14},{"not_picked":["Eclipse","Corruption"],"picked":"Juggernaut","floor":16},{"not_picked":["Clothesline","Clash","Havoc"],"picked":"SKIP","floor":18},{"not_picked":["Havoc","Clothesline"],"picked":"ReplayReversal","floor":19},{"not_picked":["Battle Trance","Body Slam"],"picked":"Disarm+1","floor":20},{"not_picked":["Twin Strike+1","Thunderclap"],"picked":"Offering","floor":22},{"not_picked":["Havoc","Limit Break","Wild Strike"],"picked":"SKIP","floor":23},{"not_picked":["Sword Boomerang+1","Flex","Wild Strike"],"picked":"SKIP","floor":24},{"not_picked":["Immolate","Infernal Blade","Uppercut"],"picked":"SKIP","floor":25},{"not_picked":["Cleave","Replay:Undeath\u0027s Touch"],"picked":"Armaments","floor":27},{"not_picked":["Searing Blow","Sword Boomerang+1","Body Slam"],"picked":"SKIP","floor":29},{"not_picked":["Corruption","Demonic Infusion"],"picked":"Reaper","floor":33},{"not_picked":["Carnage","Clothesline","ReplayTheSpireMod:Strike From Hell"],"picked":"SKIP","floor":35},{"not_picked":["Wild Strike","ReplayTheSpireMod:Stacked+1"],"picked":"Shrug It Off+1","floor":36},{"not_picked":["Cleave","Havoc+1"],"picked":"Flame Barrier","floor":38},{"not_picked":["ReplayTheSpireMod:Limb From Limb+1","Anger+1","ReplayTheSpireMod:Muscle Training+1"],"picked":"SKIP","floor":39},{"not_picked":["Replay:Undeath\u0027s Touch+1","Intimidate"],"picked":"Metallicize+1","floor":41},{"not_picked":["Double Tap","Sword Boomerang","Inflame"],"picked":"SKIP","floor":46}],"player_experience":701520,"relics_obtained":[{"floor":6,"key":"Blue Doll"},{"floor":8,"key":"PreservedInsect"},{"floor":9,"key":"Nunchaku"},{"floor":12,"key":"hexamod:BolsterEngine"},{"floor":23,"key":"CeramicFish"},{"floor":25,"key":"Replay:Bandana"},{"floor":26,"key":"Grinning Jar"},{"floor":29,"key":"Mirror"},{"floor":46,"key":"Pantograph"}],"event_choices":[{"damage_healed":0,"gold_gain":100,"player_choice":"Pray","damage_taken":0,"max_hp_gain":0,"max_hp_loss":0,"event_name":"Golden Shrine","floor":13,"gold_loss":0},{"damage_healed":0,"gold_gain":0,"player_choice":"Ignored","damage_taken":0,"max_hp_gain":0,"max_hp_loss":0,"event_name":"NoteForYourself","floor":31,"gold_loss":0},{"cards_removed":["Strike_R"],"damage_healed":0,"gold_gain":0,"player_choice":"Removed Attack","damage_taken":0,"max_hp_gain":0,"max_hp_loss":0,"event_name":"Falling","floor":37,"gold_loss":0},{"damage_healed":0,"gold_gain":0,"player_choice":"Ignored","damage_taken":0,"max_hp_gain":0,"max_hp_loss":0,"event_name":"Mysterious Sphere","floor":42,"gold_loss":0},{"damage_healed":0,"gold_gain":0,"player_choice":"Max HP","damage_taken":0,"max_hp_gain":0,"max_hp_loss":4,"event_name":"Winding Halls","floor":48,"gold_loss":0}],"is_beta":false,"boss_relics":[{"not_picked":["Fusion Hammer","Electric Blood"],"picked":"Cursed Key"},{"not_picked":["Astrolabe","Abe\u0027s Treasure"],"picked":"Philosopher\u0027s Stone"}],"items_purged_floors":[2,11,21,47],"is_endless":false,"potions_floor_spawned":[1,4,5,14,23,25,29,35,38,46],"ascension_level":1}}