{"host":"x6yxbqobmk3v70g1","time":1608877662,"event":{"mods":["AchievementEnabler","Act Like it!","Aspiration","BaseMod","Downfall","Friendly Minions","Gensokyo","HololiveMod","KinomotoSakuraMod(????)","Kiyohime????","Koishi","Mari Mod (Legacy)","Mari\u0027s V1 Patch","Marisa????????","Minty Spire (QoL Compilation)","Prisma Mod","Rare Cards Sparkle","Reimu??????","Remilia??????","StSLib","The Animator","The Disciple","The Jungle","The Mystic","The Runesmith","The Senshi","The Servant 0.9.4","The Wild Card","WarShipGirlsR/????R mod"],"gold_per_floor":[99,99,99,99,32,61,61,61,61,81,92,108,33,18,31,127,127,127,137,137,237,250,250,250,270,289,299,299,359,359,394,410,511,511,511,526,539,256,306,306,375,375,375],"floor_reached":42,"playtime":3283,"items_purged":[],"score":491,"play_id":"7f722233-169a-4034-8c43-0449a221c1fa","local_time":"20201225002742","is_ascension_mode":false,"campfire_choices":[{"data":"SpellCardSeal","floor":1,"key":"SMITH"},{"data":"ClowCardTheRain","floor":8,"key":"SMITH"},{"data":"ClowCardTheFreeze","floor":13,"key":"SMITH"},{"data":"ClowCardTheThunder","floor":18,"key":"SMITH"},{"data":"ClowCardTheMove","floor":23,"key":"SMITH"},{"data":"ClowCardTheWave","floor":28,"key":"SMITH"},{"floor":30,"key":"REST"},{"data":"ClowCardTheLight","floor":35,"key":"SMITH"},{"data":"ClowCardTheFight","floor":40,"key":"SMITH"}],"circlet_count":0,"master_deck":["SakuraCardTheLight+","SakuraCardTheFreeze+","ClowCardTheSword","ClowCardTheSword","ClowCardTheSword","ClowCardTheShield","ClowCardTheShield","ClowCardTheShield","ClowCardTheShield","SpellCardSeal+1","SpellCardRelease","ClowCardTheRain+1","ClowCardTheArrow","ClowCardTheMaze","ClowCardTheJump","ClowCardTheMist","ClowCardTheShadow","ClowCardTheMove+1","ClowCardTheFight+1","ClowCardTheThunder+1","ClowCardTheSand","ClowCardTheErase","ClowCardTheWood+1","ClowCardTheLoop+1","ClowCardTheWave+1","ClowCardTheBubbles","ClowCardTheEarthy","ClowCardTheChange+1"],"relics":["KSMOD_SealedBook","KSMOD_SealedWand","downfall:HeartsMalice","KSMOD_TouyasBicycle","downfall:HeartBlessingBlue","Busted Crown","downfall:CloakOfManyFaces","CultistMask","FaceOfCleric","NlothsMask","GremlinMask","SsserpentHead","Meat on the Bone","Coffee Dripper","Runesmith:Nanobots"],"acts_visited":["Exordium","TheCity","TheBeyond"],"potions_floor_usage":[12,16],"damage_taken":[{"damage":0,"enemies":"Cultist","floor":4,"turns":1},{"damage":0,"enemies":"downfall:FleeingMerchant","floor":5,"turns":1},{"damage":0,"enemies":"Gremlin Nob","floor":6,"turns":1},{"damage":4,"enemies":"2 Louse","floor":10,"turns":3},{"damage":0,"enemies":"Small Slimes","floor":11,"turns":3},{"damage":7,"enemies":"Red Slaver","floor":12,"turns":2},{"damage":0,"enemies":"downfall:FleeingMerchant","floor":14,"turns":4},{"damage":0,"enemies":"3 Louse","floor":15,"turns":2},{"damage":48,"enemies":"downfall:Defect","floor":16,"turns":8},{"damage":12,"enemies":"Shell Parasite","floor":19,"turns":6},{"damage":0,"enemies":"downfall:FaceTrader","floor":21,"turns":2},{"damage":6,"enemies":"Centurion and Healer","floor":22,"turns":3},{"damage":4,"enemies":"Snecko","floor":25,"turns":5},{"damage":22,"enemies":"Shelled Parasite and Fungi","floor":26,"turns":4},{"damage":5,"enemies":"Centurion and Healer","floor":27,"turns":5},{"damage":12,"enemies":"Snake Plant","floor":29,"turns":3},{"damage":17,"enemies":"Book of Stabbing","floor":31,"turns":4},{"damage":2,"enemies":"Cultist and Chosen","floor":32,"turns":4},{"damage":41,"enemies":"downfall:Watcher","floor":33,"turns":8},{"damage":10,"enemies":"3 Shapes","floor":36,"turns":5},{"damage":13,"enemies":"3 Darklings","floor":37,"turns":4},{"damage":0,"enemies":"Maw","floor":42,"turns":2}],"seed_played":"-3387025233328871373","potions_obtained":[{"floor":6,"key":"EssenceOfSteel"},{"floor":11,"key":"Fruit Juice"},{"floor":15,"key":"SpeedPotion"},{"floor":16,"key":"Swift Potion"},{"floor":20,"key":"CultistPotion"},{"floor":29,"key":"GrandPatriotsElixir:ReiMu"}],"is_trial":false,"path_per_floor":["R","?","?","M","$","E","T","R","?","M","M","M","R","$","M","B",null,"R","M","?","?","M","R","T","M","M","M","R","M","R","E","M","B",null,"R","M","M","?","?","R","T","M"],"character_chosen":"KINOMOTOSAKURA","items_purchased":["ClowCardTheFreeze"],"campfire_rested":1,"item_purchase_floors":[5],"current_hp_per_floor":[70,70,70,70,70,70,70,70,70,66,66,64,74,74,74,26,85,85,73,73,73,68,68,68,65,44,40,40,29,56,40,51,23,93,93,84,72,107,107,107,107,107,107],"gold":375,"neow_bonus":"THREE_ENEMY_KILL","is_daily":false,"chose_seed":false,"campfire_upgraded":8,"win_rate":0.0,"timestamp":1608877662,"path_taken":["R","?","?","M","$","E","T","R","?","M","M","M","R","$","M","BOSS","R","M","?","?","M","R","T","M","M","M","R","?","R","E","M","BOSS","R","M","M","?","?","R","T","M"],"items_purchased_type":["Card"],"build_version":"2020-12-22","purchased_purges":0,"victory":false,"max_hp_per_floor":[70,70,70,70,70,70,70,70,70,70,70,75,85,85,85,85,85,85,85,85,85,86,86,86,87,88,89,89,90,90,91,92,93,93,93,94,95,107,107,107,107,107,107],"card_choices":[{"not_picked":["ClowCardTheShadow","ClowCardTheDream"],"picked":"ClowCardTheRain","floor":4},{"not_picked":["ClowCardTheWindy","ClowCardTheSilent"],"picked":"ClowCardTheArrow","floor":5},{"not_picked":["ClowCardTheWindy","ClowCardTheIllusion"],"picked":"ClowCardTheMaze","floor":6},{"not_picked":["ClowCardTheMaze","ClowCardTheSilent"],"picked":"ClowCardTheJump","floor":10},{"not_picked":["ClowCardTheSweet","ClowCardTheSong"],"picked":"ClowCardTheMist","floor":11},{"not_picked":["ClowCardTheMist","ClowCardTheMaze"],"picked":"ClowCardTheShadow","floor":12},{"not_picked":["ClowCardTheSong","ClowCardTheFreeze"],"picked":"ClowCardTheMove","floor":14},{"not_picked":["ClowCardTheWave","ClowCardTheMove"],"picked":"ClowCardTheFight","floor":15},{"not_picked":["ClowCardTheCreate","ClowCardTheTime"],"picked":"ClowCardTheThunder","floor":16},{"not_picked":[],"picked":"ClowCardTheSand","floor":19},{"not_picked":[],"picked":"ClowCardTheErase","floor":21},{"not_picked":[],"picked":"ClowCardTheWood+1","floor":22},{"not_picked":[],"picked":"ClowCardTheLoop+1","floor":25},{"not_picked":[],"picked":"ClowCardTheWave","floor":26},{"not_picked":[],"picked":"ClowCardTheBubbles","floor":27},{"not_picked":["ClowCardTheWave"],"picked":"SKIP","floor":29},{"not_picked":[],"picked":"ClowCardTheEarthy","floor":31},{"not_picked":["ClowCardTheArrow"],"picked":"SKIP","floor":32},{"not_picked":[],"picked":"ClowCardTheLight","floor":33},{"not_picked":[],"picked":"ClowCardTheChange+1","floor":36},{"not_picked":["ClowCardTheErase"],"picked":"SKIP","floor":37}],"player_experience":199592,"relics_obtained":[{"floor":6,"key":"KSMOD_TouyasBicycle"},{"floor":21,"key":"downfall:CloakOfManyFaces"},{"floor":31,"key":"Meat on the Bone"},{"floor":41,"key":"Runesmith:Nanobots"}],"event_choices":[{"cards_removed":["ClowCardTheSword"],"damage_healed":0,"gold_gain":0,"player_choice":"Card Removal","damage_taken":0,"max_hp_gain":0,"max_hp_loss":0,"event_name":"The Cleric","floor":2,"gold_loss":0},{"damage_healed":0,"gold_gain":0,"player_choice":"Ignored","damage_taken":0,"max_hp_gain":0,"max_hp_loss":0,"event_name":"NoteForYourself","floor":9,"gold_loss":0}],"is_beta":false,"boss_relics":[{"not_picked":["aspiration:SecretTechniqueScroll","aspiration:PoetsPen_weak"],"picked":"Busted Crown"},{"not_picked":["Hololive_Finger","Fusion Hammer"],"picked":"Coffee Dripper"}],"items_purged_floors":[],"is_endless":false,"potions_floor_spawned":[6,11,15,16,21,26,27,29,32,37],"killed_by":"Maw","ascension_level":0}}