{"host":"gflyg4oztsw2ozs7","time":1608894714,"event":{"mods":["AchievementEnabler","BaseMod","DeckTracker","Minty Spire (QoL Compilation)","Permanent Neow","StSLib","SuperFastMode"],"gold_per_floor":[110,35,35,50,50,50,74,74,154,169,192,92,108,121,121,121,121],"floor_reached":16,"playtime":616,"items_purged":["True Grit","Feel No Pain"],"score":169,"play_id":"e0e9b2d3-71c8-4f5d-9534-536c55df1146","local_time":"20201225201154","daily_mods":["Draft"],"is_ascension_mode":false,"campfire_choices":[{"data":"Iron Wave","floor":6,"key":"SMITH"},{"data":"Iron Wave","floor":8,"key":"SMITH"},{"data":"Body Slam","floor":15,"key":"SMITH"}],"circlet_count":0,"master_deck":["Twin Strike","Thunderclap","Iron Wave+1","Shrug It Off","Perfected Strike","Iron Wave+1","Shockwave","Searing Blow","Inflame+1","Body Slam","Body Slam","Cleave","Body Slam","Body Slam+1","Spot Weakness","Headbutt","Evolve","Whirlwind","Pommel Strike"],"relics":["Burning Blood","Golden Idol","Bottled Lightning"],"acts_visited":["Exordium"],"potions_floor_usage":[16],"damage_taken":[{"damage":4,"enemies":"Cultist","floor":1,"turns":3},{"damage":0,"enemies":"Jaw Worm","floor":4,"turns":3},{"damage":12,"enemies":"Small Slimes","floor":7,"turns":2},{"damage":13,"enemies":"Blue Slaver","floor":10,"turns":3},{"damage":12,"enemies":"Exordium Thugs","floor":11,"turns":3},{"damage":0,"enemies":"3 Louse","floor":13,"turns":1},{"damage":4,"enemies":"Exordium Wildlife","floor":14,"turns":3},{"damage":57,"enemies":"The Guardian","floor":16,"turns":5}],"seed_played":"5462261596338963250","potions_obtained":[{"floor":1,"key":"Ancient Potion"},{"floor":7,"key":"LiquidBronze"},{"floor":13,"key":"BlessingOfTheForge"}],"is_trial":true,"path_per_floor":["M","$","?","M","?","R","M","R","T","M","M","$","M","M","R","B"],"character_chosen":"IRONCLAD","items_purchased":[],"campfire_rested":0,"item_purchase_floors":[],"current_hp_per_floor":[80,80,60,66,66,66,60,60,60,53,47,47,53,55,55,0,0],"gold":121,"neow_bonus":"","is_daily":false,"chose_seed":false,"campfire_upgraded":3,"win_rate":0.0,"timestamp":1608894714,"path_taken":["M","?","?","M","?","R","M","R","T","M","M","?","?","M","R","BOSS"],"items_purchased_type":[],"build_version":"2020-12-22","purchased_purges":2,"victory":false,"max_hp_per_floor":[80,80,80,80,80,80,80,80,80,80,80,80,80,80,80,80,80],"card_choices":[{"not_picked":["Feel No Pain","Thunderclap"],"picked":"Twin Strike","floor":0},{"not_picked":["Hemokinesis","Perfected Strike"],"picked":"Thunderclap","floor":0},{"not_picked":["Wild Strike","Flex"],"picked":"Iron Wave","floor":0},{"not_picked":["Rage","Wild Strike"],"picked":"Shrug It Off","floor":0},{"not_picked":["True Grit","Warcry"],"picked":"Feel No Pain","floor":0},{"not_picked":["Havoc","True Grit"],"picked":"Perfected Strike","floor":0},{"not_picked":["Clash","Armaments"],"picked":"Iron Wave","floor":0},{"not_picked":["Twin Strike","Power Through"],"picked":"Shockwave","floor":0},{"not_picked":["Flex","Perfected Strike"],"picked":"True Grit","floor":0},{"not_picked":["Sword Boomerang","Flex"],"picked":"Searing Blow","floor":0},{"not_picked":["Anger","Perfected Strike"],"picked":"Inflame","floor":0},{"not_picked":["Thunderclap","Flex"],"picked":"Body Slam","floor":0},{"not_picked":["Carnage","Intimidate"],"picked":"Body Slam","floor":0},{"not_picked":["Infernal Blade","Anger"],"picked":"Cleave","floor":0},{"not_picked":["Wild Strike","Rage"],"picked":"Body Slam","floor":0},{"not_picked":["Battle Trance","Headbutt"],"picked":"Body Slam","floor":1},{"not_picked":["Metallicize","Cleave"],"picked":"Spot Weakness","floor":4},{"not_picked":["Clash","Bloodletting","Second Wind"],"picked":"SKIP","floor":7},{"not_picked":["Anger","Sever Soul"],"picked":"Headbutt","floor":10},{"not_picked":["Headbutt","Anger"],"picked":"Evolve","floor":11},{"not_picked":["Perfected Strike","Cleave"],"picked":"Whirlwind","floor":13},{"not_picked":["Burning Pact","Hemokinesis"],"picked":"Pommel Strike","floor":14}],"player_experience":85314,"relics_obtained":[{"floor":9,"key":"Bottled Lightning"}],"event_choices":[{"damage_healed":0,"gold_gain":0,"player_choice":"Take Damage","damage_taken":20,"relics_obtained":["Golden Idol"],"max_hp_gain":0,"max_hp_loss":0,"event_name":"Golden Idol","floor":3,"gold_loss":0},{"damage_healed":0,"gold_gain":0,"player_choice":"Grow","damage_taken":0,"max_hp_gain":0,"max_hp_loss":0,"event_name":"Living Wall","floor":5,"gold_loss":0,"cards_upgraded":["Inflame"]}],"is_beta":false,"boss_relics":[],"items_purged_floors":[2,12],"is_endless":true,"potions_floor_spawned":[1,7,13,14],"killed_by":"The Guardian","ascension_level":0}}