{"host":"cfluht5kr2kfk9p9","time":1608884858,"event":{"mods":["ATMod(°¢èªMod)","BaseMod","GungeonMod","Highlight Path","Koishi","Minty Spire (QoL Compilation)","Quick Restart","Rare Cards Sparkle","Relic Stats","Replay The Spire","RumiaBox-Â¶Ã×æ«µÄÉñÃØºÐ×Ó","Spicy Shops","StSLib","TestMod","The Alterego","UnlockEverythingMod","[IsaacMod]ÒÔÈö¼âËþ","¡¾¹¦ÄÜMod¡¿»ìãçÖ®»·ÐÞ¸´²¹¶¡","¡¾ÒÅÎï¿¨ÅÆ¡¿REMEMod"],"gold_per_floor":[117,117,117,127,147,147,178,178,178,211,229,241,276,291,291,291,291],"floor_reached":16,"playtime":399,"items_purged":[],"score":344,"play_id":"7a333316-db5a-47a0-8361-c59eff94ec43","local_time":"20201225162738","is_ascension_mode":true,"campfire_choices":[{"data":"Riddle With Holes","floor":6.0,"key":"SMITH"},{"data":"AT_ShadowStep","floor":8.0,"key":"SMITH"},{"data":"Quick Slash","floor":15,"key":"SMITH"}],"circlet_count":0,"master_deck":["AscendersBane","Strike_G","Strike_G","Strike_G","Strike_G","Defend_G","Defend_G","Defend_G","Defend_G","Defend_G","Survivor","Neutralize","AT_ShadowStep+1","Concentrate","Backflip","Riddle With Holes+1","ReplayTheSpireMod:Scrap Shanks","Blur","Dagger Throw","Tactician","Quick Slash+1"],"relics":["HushsDoor","REME_ComplimentaryCards","testmod-TestBox","AT_ATBox","testmod-IWantAll","SatanicBible","Busted Crown","Blood Vial","Kunai","Lizard Tail","DemoMod:LamentConfigurum"],"acts_visited":["Exordium"],"potions_floor_usage":[],"damage_taken":[{"damage":0.0,"enemies":"Cultist","floor":1.0,"turns":5.0},{"damage":0.0,"enemies":"2 Louse","floor":4.0,"turns":2.0},{"damage":0.0,"enemies":"Small Slimes","floor":5.0,"turns":2.0},{"damage":0.0,"enemies":"Gremlin Nob","floor":7.0,"turns":3.0},{"damage":22.0,"enemies":"Lagavulin","floor":10.0,"turns":4.0},{"damage":1.0,"enemies":"3 Louse","floor":11.0,"turns":4.0},{"damage":3.0,"enemies":"Blue Slaver","floor":12.0,"turns":2.0},{"damage":0.0,"enemies":"3 Sentries","floor":13.0,"turns":3.0},{"damage":12,"enemies":"Lots of Slimes","floor":14,"turns":2},{"damage":88,"enemies":"The Guardian","floor":16,"turns":4}],"seed_played":"-4637730777562750515","potions_obtained":[{"floor":10.0,"key":"Regen Potion"},{"floor":14,"key":"LifebloodPotion"}],"is_trial":false,"path_per_floor":["M","$","?","M","M","R","E","R","T","E","M","M","E","M","R","B"],"character_chosen":"THE_SILENT","items_purchased":[],"campfire_rested":0,"item_purchase_floors":[],"current_hp_per_floor":[59,59,59,59,59,59,59,59,59,39,40,39,50,40,40,0,0],"gold":291,"neow_bonus":"BOSS_RELIC","is_daily":false,"chose_seed":false,"campfire_upgraded":3,"win_rate":0.0,"timestamp":1608884858,"path_taken":["M","?","?","M","?","R","E","R","T","E","M","M","E","M","R","BOSS"],"items_purchased_type":[],"build_version":"2020-12-22","purchased_purges":0,"victory":false,"max_hp_per_floor":[66,66,66,66,66,66,66,66,66,66,66,66,66,66,66,66,66],"relic_stats":{"Blood Vial":12,"Lizard Tail":33,"Busted Crown":26,"counters":[10,31],"Kunai":[6],"obtain_stats":[{"KeepersGift":0,"testmod-TestBox":0,"AT_ATBox":0,"testmod-IWantAll":0,"DemoMod:GlassGuonStoneRelic":1,"SatanicBible":0,"Blood Vial":7,"Lizard Tail":10,"Busted Crown":0,"DemoMod:LamentConfigurum":13,"Kunai":9,"HushsDoor":0,"Ring of the Snake":0,"REME_ComplimentaryCards":0},{"KeepersGift":0,"testmod-TestBox":0,"AT_ATBox":0,"testmod-IWantAll":0,"DemoMod:GlassGuonStoneRelic":1,"SatanicBible":0,"Blood Vial":4,"Lizard Tail":5,"Busted Crown":0,"DemoMod:LamentConfigurum":8,"Kunai":4,"HushsDoor":0,"Ring of the Snake":0,"REME_ComplimentaryCards":0},{"KeepersGift":0,"testmod-TestBox":0,"AT_ATBox":0,"testmod-IWantAll":0,"DemoMod:GlassGuonStoneRelic":5,"SatanicBible":0,"Blood Vial":12,"Lizard Tail":16,"Busted Crown":0,"DemoMod:LamentConfigurum":25,"Kunai":12,"HushsDoor":0,"Ring of the Snake":0,"REME_ComplimentaryCards":0}]},"card_choices":[{"not_picked":[],"picked":"Backflip","floor":1.0},{"not_picked":[],"picked":"ReplayTheSpireMod:Scrap Shanks","floor":4.0},{"not_picked":[],"picked":"Blur","floor":5.0},{"not_picked":[],"picked":"Bomb","floor":7.0},{"not_picked":["Dagger Spray"],"picked":"SKIP","floor":10.0},{"not_picked":[],"picked":"Dagger Throw","floor":11.0},{"not_picked":[],"picked":"Bomb","floor":12.0},{"not_picked":[],"picked":"Tactician","floor":13.0},{"not_picked":[],"picked":"Quick Slash","floor":14}],"player_experience":19795,"relics_obtained":[{"floor":7.0,"key":"Blood Vial"},{"floor":9.0,"key":"Kunai"},{"floor":10.0,"key":"Lizard Tail"},{"floor":13.0,"key":"DemoMod:LamentConfigurum"}],"event_choices":[{"damage_healed":0.0,"max_hp_gain":0.0,"max_hp_loss":0.0,"gold_gain":0.0,"cards_transformed":["Strike_G"],"event_name":"Living Wall","player_choice":"Change","floor":3.0,"gold_loss":0.0,"damage_taken":0.0,"cards_obtained":["Riddle With Holes"]}],"is_beta":false,"boss_relics":[],"items_purged_floors":[],"is_endless":false,"potions_floor_spawned":[10,14],"killed_by":"The Guardian","ascension_level":20}}