{"host":"1sep654oresgee70","time":1608929074,"event":{"mods":["2.2 Compatiblity","Aspiration","BaseMod","Better Altar","Better Match","Better Note","Better Sensory Stone","Better Skull","Better Third Choice","Better Vampires","Better-Laid Plans","BetterRewards","Block Reminder","Conspire","Curses Come First","Displayed Cursed Tome","Gold Saver","Hubris","Infinite Spire","Minty Spire (QoL Compilation)","Potion Indicator Mod","Quick Restart","Red Circlet Mod","Replay The Spire","Shop Mod","Spicy Shops","StSLib","The Blue Laboratory","Thieving Mod","Transform Curses","Unceasing Turn Reminder","UnlockEverythingMod"],"gold_per_floor":[1498,1458,1473,153,168,198,213,243,243,273,273,273,303,318,318,418,418,433,433,433,433,8,8,38,38,88,12,37,52,82,82,82,182,182,197,47,54,69,84,114,129,159,159,174,174,174,174,204,204,304,304,307,257,79,83,44,44,60,70,95,95,105,113,113,127,127,228,228,233,241,17,25,33,33,33,33,33,59,59,27,27,38,38,127,127,140,149,149,24,24,12,12],"floor_reached":91,"playtime":7206,"items_purged":[],"score":2255,"play_id":"3199c700-ddb5-4d5f-98fc-57aaebca5435","local_time":"20201225214434","daily_mods":["Draft","Hoarder","Elite Swarm"],"is_ascension_mode":false,"campfire_choices":[{"floor":15,"key":"REST"},{"floor":23,"key":"REST"},{"data":"Infernal Blade","floor":25,"key":"SMITH"},{"floor":32,"key":"REST"},{"floor":46,"key":"REST"},{"floor":49,"key":"REST"},{"data":"Infernal Blade","floor":57,"key":"SMITH"},{"floor":61,"key":"REST"},{"floor":66,"key":"REST"},{"floor":74,"key":"REST"},{"data":"Inflame","floor":76,"key":"SMITH"},{"floor":83,"key":"REST"}],"circlet_count":0,"master_deck":["Shrug It Off","Shrug It Off","Shrug It Off","Clash","Clash","Clash","Run Through","Run Through","Run Through","Inflame","Inflame","Inflame","Infernal Blade+1","Infernal Blade+1","Infernal Blade+1","Clash","Clash","Clash","Ghostly Armor","Ghostly Armor","Ghostly Armor","Perfected Strike","Perfected Strike","Perfected Strike","Iron Wave","Iron Wave","Iron Wave","Flex","Flex","Flex","Clash","Clash","Clash","Feel No Pain","Feel No Pain","Feel No Pain","Twin Strike","Twin Strike","Twin Strike","Inflame","Inflame","Inflame+1","Power Through","Power Through","Anger+1","Anger","Anger","Flex","Flex","Flex","Secret Weapon","Secret Weapon+1","Secret Weapon+1","Flame Barrier","Flame Barrier","Flame Barrier","Havoc","Havoc","Havoc","Offering","Offering","Offering","Havoc","Havoc","Havoc","Bludgeon","Bludgeon","Bludgeon","Eclipse","Eclipse","Eclipse","Battle Trance+1","Battle Trance+1","Battle Trance+1","Sword Boomerang","Sword Boomerang","Sword Boomerang","Thunderclap","Thunderclap","Thunderclap","Warcry","Warcry","Warcry","Shrug It Off","Shrug It Off","Shrug It Off","Perfected Strike","Perfected Strike","Perfected Strike","hubris:Fate","hubris:Fate","hubris:Fate","Infernal Blade+1","Infernal Blade+1","Infernal Blade+1","Feel No Pain","Feel No Pain","Feel No Pain","Hemogenesis","Hemogenesis","Hemogenesis","Life Link","Life Link","Life Link","Rupture","Rupture","Rupture","Hemogenesis","Hemogenesis","Hemogenesis","Reaper+1","Reaper","Reaper","Thunderclap","Thunderclap","Thunderclap","Infernal Blade+1","Infernal Blade+1","Infernal Blade+1","Dropkick","Dropkick","Dropkick","Run Through","Run Through","Run Through","Sword Boomerang+1","Sword Boomerang+1","Sword Boomerang+1","hubris:SharpeningStone","hubris:SharpeningStone","hubris:SharpeningStone","hubris:ReadiedAction+1","hubris:ReadiedAction+1","hubris:ReadiedAction+1","Anger","Anger","Anger","Run Through+1","Run Through+1","Run Through+1","Bludgeon","Bludgeon","Bludgeon","Reckless Charge","Reckless Charge","Reckless Charge","Double Tap","Double Tap","Double Tap","Heavy Blade","Heavy Blade","Heavy Blade","Regret","Regret","Offering","Offering","Offering","conspire:HitWhereItHurts","conspire:HitWhereItHurts","conspire:HitWhereItHurts","ReplayTheSpireMod:Strike From Hell","ReplayTheSpireMod:Strike From Hell","ReplayTheSpireMod:Strike From Hell","Wild Strike","Wild Strike","Wild Strike","Cleave","Cleave","Cleave","Clash","Clash","Clash","Bludgeon","Bludgeon","Bludgeon","Thunderclap","Thunderclap","Thunderclap","Shockwave","Shockwave","Shockwave","conspire:Charge","conspire:Charge","conspire:Charge","Seeing Red","Seeing Red","Seeing Red","Injury","Injury","Injury","Flex","Flex","Flex","Sword Boomerang","Sword Boomerang","Sword Boomerang","Impervious","Impervious","Impervious","Flex","Flex","Flex","Anger","Anger","Anger","Fire Breathing","Fire Breathing","Fire Breathing","Iron Wave","Iron Wave","Iron Wave","Flex","Flex","Flex","Fiend Fire","Fiend Fire","Fiend Fire","ReplayTheSpireMod:Faulty Equipment","ReplayTheSpireMod:Faulty Equipment","ReplayTheSpireMod:Faulty Equipment","conspire:Blindness","conspire:Blindness","infinitespire:Starlight","infinitespire:Starlight","infinitespire:Starlight","Armaments","Armaments","Armaments","Abandon","Abandon","Abandon","Wild Strike+1","Wild Strike+1","Wild Strike+1","Metallicize","Metallicize","Metallicize","Hemogenesis","Hemogenesis","Hemogenesis","infinitespire:FinalStrike","infinitespire:FinalStrike","infinitespire:FinalStrike","Anger","Anger","Anger","Wild Strike","Wild Strike","Wild Strike","hubris:EnhanceAbility","hubris:EnhanceAbility","hubris:EnhanceAbility","Panache","Panache","Panache","Replay:Bootleg Shield Generator","Replay:Bootleg Shield Generator","Replay:Bootleg Shield Generator"],"relics":["Burning Blood","Champion Belt","ReplayTheSpireMod:Spearhead","Unceasing Top","ReplayTheSpireMod:Lightbulb","Guide Book","MerchantsRug","Red Skull","infinitespire:Lychee Nut","Pantograph","hubris:CuriousFeather","conspire:TopHat","Busted Crown","MutagenicStrength","Orrery","hubris:Towel","Vajra","DollysMirror","Ancient Tea Set","Mummified Hand","Blood Vial","Strawberry","Replay:Wax Seal","Snecko Eye","Orrery","aspiration:HiddenCompartment","Pen Nib","infinitespire:CheckeredPen","Whetstone","hubris:Icosahedron","ReplayTheSpireMod:Ring of Exchange","ReplayTheSpireMod:Ring of Challenge","King of Hearts","Black Star","Lee\u0027s Waffle","aspiration:ChemicalBlood","Replay:Mystery Machine","Dream Catcher","Golden Idol","infinitespire:Burning Sword","Happy Flower","Bottled Flame","conspire:Flyswatter","hubris:ChampionShield","hubris:SlimyHat","Cursed Key","ReplayTheSpireMod:ShopPack"],"acts_visited":["Exordium","TheCity","TheBeyond","Exordium","TheCity","TheBeyond"],"potions_floor_usage":[10,13,24,30,33,39,42,42,48,50,58,82,82,84,84,91],"damage_taken":[{"damage":0,"enemies":"conspire:RoseBush","floor":1,"turns":2},{"damage":0,"enemies":"infinitespire:Voidling","floor":3,"turns":1},{"damage":0,"enemies":"Small Slimes","floor":5,"turns":3},{"damage":3,"enemies":"Gremlin Nob","floor":6,"turns":3},{"damage":4,"enemies":"3 Louse","floor":7,"turns":4},{"damage":16,"enemies":"Lagavulin","floor":8,"turns":4},{"damage":19,"enemies":"3 Sentries","floor":10,"turns":5},{"damage":22,"enemies":"Gremlin Nob","floor":13,"turns":4},{"damage":0,"enemies":"Large Slime","floor":14,"turns":4},{"damage":13,"enemies":"Fading Forest","floor":16,"turns":11},{"damage":19,"enemies":"2 Thieves","floor":18,"turns":4},{"damage":6,"enemies":"Slavers","floor":24,"turns":1},{"damage":0,"enemies":"3 Byrds","floor":29,"turns":6},{"damage":9,"enemies":"Replay:Snechameleon","floor":30,"turns":1},{"damage":7,"enemies":"conspire:MysteriousRune","floor":33,"turns":4},{"damage":25,"enemies":"Orb Walker","floor":35,"turns":5},{"damage":13,"enemies":"conspire:MimicChest","floor":37,"turns":3},{"damage":29,"enemies":"3 Darklings","floor":38,"turns":5},{"damage":19,"enemies":"Spire Growth","floor":39,"turns":3},{"damage":19,"enemies":"Giant Head","floor":40,"turns":3},{"damage":29,"enemies":"Transient","floor":41,"turns":5},{"damage":40,"enemies":"Nightmare","floor":42,"turns":5},{"damage":28,"enemies":"4 Shapes","floor":44,"turns":5},{"damage":28,"enemies":"Nemesis","floor":48,"turns":3},{"damage":83,"enemies":"Time Eater","floor":50,"turns":7},{"damage":0,"enemies":"2 Louse","floor":52,"turns":1},{"damage":6,"enemies":"Small Slimes","floor":55,"turns":2},{"damage":37,"enemies":"Lagavulin","floor":58,"turns":3},{"damage":0,"enemies":"Cultist","floor":59,"turns":1},{"damage":0,"enemies":"Blue Slaver","floor":62,"turns":1},{"damage":0,"enemies":"Looter","floor":63,"turns":1},{"damage":14,"enemies":"Red Slaver","floor":65,"turns":2},{"damage":49,"enemies":"Hexaghost","floor":67,"turns":3},{"damage":10,"enemies":"Shell Parasite","floor":69,"turns":3},{"damage":0,"enemies":"Chosen","floor":70,"turns":2},{"damage":2,"enemies":"Sentry and Sphere","floor":72,"turns":2},{"damage":0,"enemies":"3 Cultists","floor":73,"turns":2},{"damage":78,"enemies":"Slavers","floor":78,"turns":3},{"damage":19,"enemies":"Shelled Parasite and Fungi","floor":82,"turns":2},{"damage":33,"enemies":"hubris:MusketHawk","floor":84,"turns":6},{"damage":13,"enemies":"Orb Walker","floor":86,"turns":1},{"damage":6,"enemies":"3 Darklings","floor":87,"turns":2},{"damage":91,"enemies":"Nemesis","floor":91,"turns":2}],"seed_played":"-567031674859551473","potions_obtained":[{"floor":2,"key":"FairyPotion"},{"floor":2,"key":"blueLaboratory:ConflagurationPotion"},{"floor":2,"key":"blueLaboratory:ConflagurationPotion"},{"floor":3,"key":"ColorlessPotion"},{"floor":14,"key":"blueLaboratory:IronCompound"},{"floor":18,"key":"Strength Potion"},{"floor":24,"key":"BlessingOfTheForge"},{"floor":30,"key":"blueLaboratory:BottleOfVodka"},{"floor":38,"key":"EssenceOfSteel"},{"floor":39,"key":"Energy Potion"},{"floor":44,"key":"ThievingMod:ThievingPotion"},{"floor":48,"key":"Strength Potion"},{"floor":50,"key":"blueLaboratory:BottleOfRum"},{"floor":52,"key":"Toxic Potion"},{"floor":63,"key":"ColorlessPotion"},{"floor":65,"key":"blueLaboratory:PhilterOfMotion"},{"floor":67,"key":"Dexterity Potion"},{"floor":84,"key":"blueLaboratory:IronCompound"},{"floor":86,"key":"BloodPotion"}],"is_trial":false,"path_per_floor":["M","?","M","$","M","E","M","E","T","E","?","?","E","M","R","B",null,"M","?","AVR","?","$","R","E","R","T","$","T","M","E","?","R","B",null,"M","$","?","M","M","E","M","NM","T","M","?","R","?","E","R","B",null,"M","?","$","M","$","R","E","M","T","R","M","M","?","M","R","B",null,"M","M","$","M","M","R","?","R","T","E","?","$","?","M","R","B",null,"M","M","?","$","?","E"],"character_chosen":"IRONCLAD","items_purchased":["Champion Belt","ReplayTheSpireMod:Spearhead","Unceasing Top","ReplayTheSpireMod:Lightbulb","Secret Weapon","Flame Barrier","Guide Book","MerchantsRug","Vajra","DollysMirror","Ancient Tea Set","Feel No Pain","Life Link","Orrery","Lee\u0027s Waffle","Wild Strike","Clash","Happy Flower","Fire Breathing","Armaments","Abandon","ReplayTheSpireMod:ShopPack"],"campfire_rested":9,"item_purchase_floors":[4,4,4,4,4,4,4,4,22,22,22,22,27,36,54,54,56,71,71,80,80,89],"current_hp_per_floor":[80,80,80,80,80,80,80,60,60,50,53,53,43,55,63,59,63,56,56,56,56,56,63,63,63,63,63,70,70,67,67,70,70,70,52,52,53,38,57,70,47,26,26,22,22,43,43,34,55,26,70,70,70,77,77,77,77,52,65,65,77,77,77,77,69,77,34,77,75,77,77,77,77,77,77,77,77,7,7,7,7,40,63,68,77,70,77,77,77,77,0,0],"gold":12,"neow_bonus":"","is_daily":true,"chose_seed":false,"campfire_upgraded":3,"win_rate":0.0,"timestamp":1608929074,"path_taken":["M","?","?","$","M","E","M","E","T","E","?","?","E","M","R","BOSS","M","?","AVR","?","$","R","E","R","T","?","?","?","E","?","R","BOSS","M","$","?","M","?","E","M","NM","T","M","?","R","?","E","R","BOSS","M","?","$","M","$","R","E","M","T","R","M","M","?","M","R","BOSS","M","M","$","M","M","R","?","R","T","E","?","?","?","?","R","BOSS","M","M","?","$","?","E"],"items_purchased_type":["Relic","Relic","Relic","Relic","Card","Card","Relic","Relic","Relic","Relic","Relic","Card","Card","Relic","Relic","Card","Card","Relic","Card","Card","Card","Relic"],"build_version":"2020-12-22","purchased_purges":0,"victory":false,"max_hp_per_floor":[80,80,80,80,80,80,80,60,60,60,63,63,63,63,63,63,63,63,63,63,63,63,63,63,63,63,63,70,70,70,70,70,70,70,70,70,70,70,70,70,70,70,70,70,70,70,70,70,70,70,70,70,70,77,77,77,77,77,77,77,77,77,77,77,77,77,77,77,77,77,77,77,77,77,77,77,77,77,77,77,77,77,77,77,77,77,77,77,77,77,77,77],"card_choices":[{"not_picked":["ReplayReversal","Sword Boomerang"],"picked":"Shrug It Off","floor":0},{"not_picked":["Rampage","Armaments"],"picked":"Clash","floor":0},{"not_picked":["infinitespire:OneForAll","Headbutt"],"picked":"Run Through","floor":0},{"not_picked":["Entrench","Metallicize"],"picked":"Inflame","floor":0},{"not_picked":["Clash","Rage"],"picked":"Infernal Blade","floor":0},{"not_picked":["Entrench","ReplayTheSpireMod:Strike From Hell"],"picked":"Clash","floor":0},{"not_picked":["ReplayTheSpireMod:Strike From Hell","Sword Boomerang"],"picked":"Ghostly Armor","floor":0},{"not_picked":["Warcry","Armaments"],"picked":"Perfected Strike","floor":0},{"not_picked":["Intimidate","Pummel"],"picked":"Iron Wave","floor":0},{"not_picked":["Havoc","ReplayTheSpireMod:Strike From Hell"],"picked":"Flex","floor":0},{"not_picked":["Pommel Strike","Thunderclap"],"picked":"Clash","floor":0},{"not_picked":["True Grit","Pommel Strike"],"picked":"Feel No Pain","floor":0},{"not_picked":["Clothesline","Wild Strike"],"picked":"Twin Strike","floor":0},{"not_picked":["Havoc","ReplayTheSpireMod:Strike From Hell"],"picked":"Inflame","floor":0},{"not_picked":["Dual Wield","hubris:ReadiedAction"],"picked":"Power Through","floor":0},{"not_picked":["Perfected Strike","Clash"],"picked":"Anger","floor":1},{"not_picked":["infinitespire:OneForAll","Perfected Strike"],"picked":"Flex","floor":3},{"not_picked":["Perfected Strike","Massacre"],"picked":"Havoc","floor":5},{"not_picked":["Demonic Infusion","Limit Break"],"picked":"Offering","floor":6},{"not_picked":["Combust","Pommel Strike"],"picked":"Havoc","floor":7},{"not_picked":["conspire:HitWhereItHurts","conspire:Purge"],"picked":"Bludgeon","floor":8},{"not_picked":["Double Tap","Bludgeon"],"picked":"Eclipse","floor":10},{"not_picked":["Juggernaut","Brutality","Double Tap"],"picked":"SKIP","floor":13},{"not_picked":["ReplayTheSpireMod:Strike From Hell","Run Through","Uppercut"],"picked":"SKIP","floor":14},{"not_picked":[],"picked":"Battle Trance+1","floor":18},{"not_picked":[],"picked":"Sword Boomerang","floor":20},{"not_picked":[],"picked":"Thunderclap","floor":20},{"not_picked":[],"picked":"Warcry","floor":20},{"not_picked":[],"picked":"Shrug It Off","floor":20},{"not_picked":[],"picked":"Perfected Strike","floor":20},{"not_picked":[],"picked":"Hemogenesis","floor":24},{"not_picked":[],"picked":"Rupture","floor":29},{"not_picked":[],"picked":"Hemogenesis","floor":30},{"not_picked":[],"picked":"Reaper","floor":33},{"not_picked":[],"picked":"Thunderclap","floor":35},{"not_picked":[],"picked":"Infernal Blade+1","floor":36},{"not_picked":[],"picked":"Dropkick","floor":36},{"not_picked":[],"picked":"Run Through","floor":36},{"not_picked":[],"picked":"Sword Boomerang+1","floor":36},{"not_picked":[],"picked":"hubris:SharpeningStone","floor":36},{"not_picked":[],"picked":"hubris:ReadiedAction+1","floor":37},{"not_picked":[],"picked":"Anger","floor":38},{"not_picked":[],"picked":"Run Through+1","floor":39},{"not_picked":[],"picked":"Bludgeon","floor":40},{"not_picked":[],"picked":"Reckless Charge","floor":41},{"not_picked":[],"picked":"Double Tap","floor":42},{"not_picked":[],"picked":"Heavy Blade","floor":44},{"not_picked":[],"picked":"Offering","floor":48},{"not_picked":[],"picked":"conspire:HitWhereItHurts","floor":50},{"not_picked":[],"picked":"ReplayTheSpireMod:Strike From Hell","floor":52},{"not_picked":[],"picked":"Cleave","floor":55},{"not_picked":[],"picked":"Bludgeon","floor":58},{"not_picked":[],"picked":"Thunderclap","floor":59},{"not_picked":[],"picked":"Shockwave","floor":61},{"not_picked":[],"picked":"conspire:Charge","floor":62},{"not_picked":[],"picked":"Seeing Red","floor":63},{"not_picked":[],"picked":"Flex","floor":65},{"not_picked":[],"picked":"Sword Boomerang","floor":66},{"not_picked":[],"picked":"Impervious","floor":67},{"not_picked":[],"picked":"Flex","floor":69},{"not_picked":[],"picked":"Anger","floor":70},{"not_picked":[],"picked":"Iron Wave","floor":72},{"not_picked":[],"picked":"Flex","floor":73},{"not_picked":[],"picked":"Fiend Fire","floor":78},{"not_picked":["infinitespire:Menacing","hubris:Rewind"],"picked":"infinitespire:Starlight","floor":79},{"not_picked":[],"picked":"Wild Strike+1","floor":82},{"not_picked":[],"picked":"Metallicize","floor":83},{"not_picked":[],"picked":"Hemogenesis","floor":84},{"not_picked":["infinitespire:Gouge","infinitespire:SevenWalls"],"picked":"infinitespire:FinalStrike","floor":85},{"not_picked":[],"picked":"Anger","floor":86},{"not_picked":[],"picked":"Wild Strike","floor":87},{"not_picked":[],"picked":"hubris:EnhanceAbility","floor":89},{"not_picked":[],"picked":"Panache","floor":89},{"not_picked":[],"picked":"Replay:Bootleg Shield Generator","floor":89}],"player_experience":2372063,"relics_obtained":[{"floor":6,"key":"Red Skull"},{"floor":8,"key":"infinitespire:Lychee Nut"},{"floor":9,"key":"Pantograph"},{"floor":10,"key":"hubris:CuriousFeather"},{"floor":13,"key":"conspire:TopHat"},{"floor":24,"key":"Mummified Hand"},{"floor":26,"key":"Blood Vial"},{"floor":28,"key":"Strawberry"},{"floor":30,"key":"Replay:Wax Seal"},{"floor":37,"key":"aspiration:HiddenCompartment"},{"floor":40,"key":"Pen Nib"},{"floor":42,"key":"infinitespire:CheckeredPen"},{"floor":43,"key":"Whetstone"},{"floor":47,"key":"ReplayTheSpireMod:Ring of Exchange"},{"floor":47,"key":"ReplayTheSpireMod:Ring of Challenge"},{"floor":48,"key":"King of Hearts"},{"floor":58,"key":"aspiration:ChemicalBlood"},{"floor":58,"key":"Replay:Mystery Machine"},{"floor":60,"key":"Dream Catcher"},{"floor":77,"key":"Bottled Flame"},{"floor":78,"key":"conspire:Flyswatter"},{"floor":78,"key":"hubris:ChampionShield"}],"event_choices":[{"damage_healed":0,"gold_gain":0,"player_choice":"Bought 3 Potions","damage_taken":0,"max_hp_gain":0,"max_hp_loss":0,"event_name":"The Woman in Blue","floor":2,"gold_loss":0},{"damage_healed":0,"gold_gain":0,"player_choice":"Inject Mutagens","damage_taken":0,"relics_obtained":["MutagenicStrength"],"max_hp_gain":0,"max_hp_loss":0,"event_name":"Drug Dealer","floor":19,"gold_loss":0},{"cards_removed":["Power Through"],"damage_healed":0,"gold_gain":0,"player_choice":"Purged","damage_taken":0,"max_hp_gain":0,"max_hp_loss":0,"event_name":"Purifier","floor":31,"gold_loss":0},{"cards_removed":["Regret"],"damage_healed":0,"gold_gain":0,"player_choice":"Card Removal","damage_taken":0,"max_hp_gain":0,"max_hp_loss":0,"event_name":"The Cleric","floor":53,"gold_loss":50},{"damage_healed":0,"gold_gain":0,"player_choice":"Take Wound","damage_taken":0,"relics_obtained":["Golden Idol"],"max_hp_gain":0,"max_hp_loss":0,"event_name":"Golden Idol","floor":64,"gold_loss":0,"cards_obtained":["Injury"]},{"damage_healed":0,"gold_gain":0,"player_choice":"Leave","damage_taken":0,"max_hp_gain":0,"max_hp_loss":0,"event_name":"conspire:Investor","floor":75,"gold_loss":0},{"damage_healed":0,"gold_gain":0,"player_choice":"Gave Potion","damage_taken":0,"relics_obtained":["hubris:SlimyHat"],"max_hp_gain":0,"max_hp_loss":0,"event_name":"WeMeetAgain","floor":81,"gold_loss":0},{"cards_removed":["conspire:Blindness"],"damage_healed":0,"gold_gain":0,"player_choice":"Purged","damage_taken":0,"max_hp_gain":0,"max_hp_loss":0,"event_name":"Purifier","floor":90,"gold_loss":0}],"is_beta":false,"boss_relics":[{"not_picked":["hubris:RunicObelisk","SacredBark"],"picked":"Busted Crown"},{"not_picked":["Tiny House","aspiration:DefectSkillbook"],"picked":"Snecko Eye"},{"not_picked":["conspire:SlowCooker","Replay:Wanted Poster"],"picked":"Black Star"},{"not_picked":["hubris:RunicObelisk","Mark of Pain"],"picked":"infinitespire:Burning Sword"},{"not_picked":["Velvet Choker","aspiration:DefectSkillbook"],"picked":"Cursed Key"}],"items_purged_floors":[],"is_endless":true,"potions_floor_spawned":[3,5,6,8,14,18,24,30,38,39,44,48,50,52,63,65,72,78,84,86],"killed_by":"Nemesis","ascension_level":0}}