{"host":"x6yxbqobmk3v70g1","time":1608874326,"event":{"mods":["AchievementEnabler","Act Like it!","Aspiration","BaseMod","Downfall","Friendly Minions","Gensokyo","HololiveMod","KinomotoSakuraMod(????)","Kiyohime????","Koishi","Mari Mod (Legacy)","Mari\u0027s V1 Patch","Marisa????????","Minty Spire (QoL Compilation)","Prisma Mod","Rare Cards Sparkle","Reimu??????","Remilia??????","StSLib","The Animator","The Disciple","The Jungle","The Mystic","The Runesmith","The Senshi","The Servant 0.9.4","The Wild Card","WarShipGirlsR/????R mod"],"gold_per_floor":[99,99,99,99,109,121,121,121,82,82,101,101,101,119,133,230,230,230,243,243,257,257,257,282,282,297,314,332,332,367,367,385,385,385],"floor_reached":33,"playtime":2396,"items_purged":[],"score":282,"play_id":"f72dd8f3-1397-4272-963d-07ef50c6d3e1","local_time":"20201224233206","is_ascension_mode":false,"campfire_choices":[{"data":"rmod:maingunfire","floor":1,"key":"SMITH"},{"data":"rmod:basicallowance","floor":10,"key":"SMITH"},{"data":"rmod:salvage","floor":12,"key":"SMITH"},{"data":"rmod:abidefaith","floor":18,"key":"SMITH"},{"data":"rmod:fuelsupply","floor":23,"key":"SMITH"},{"data":"rmod:rockthrower","floor":25,"key":"SMITH"},{"data":"rmod:fletcher","floor":29,"key":"SMITH"}],"circlet_count":0,"master_deck":["rmod:strick","rmod:strick","rmod:strick","rmod:strick","rmod:defend","rmod:defend","rmod:defend","rmod:defend","rmod:basicallowance+1","rmod:maingunfire+1","rmod:supportescort","rmod:fletcherpendant+1","rmod:luckystar","rmod:firesupport+1","rmod:firesupport","rmod:salvage+1","rmod:supportaircraftcarrier","rmod:fletcherpendant+1","rmod:rockthrower+1","rmod:abidefaith+1","rmod:fletcher+1","rmod:fuelsupply+1","rmod:fletcherpendant","rmod:fletcherpendant","rmod:acesubmarine","rmod:openingtorpedo+1"],"relics":["rmod:firstchargereward","downfall:HeartsMalice","HornCleat","SlaversCollar","theJungle:WildPear","Whetstone","Omamori","Shovel"],"acts_visited":["Exordium","Exordium"],"potions_floor_usage":[],"damage_taken":[{"damage":0,"enemies":"Cultist","floor":2,"turns":1},{"damage":0,"enemies":"downfall:FleeingMerchant","floor":3,"turns":1},{"damage":0,"enemies":"Jaw Worm","floor":4,"turns":1},{"damage":0,"enemies":"2 Louse","floor":5,"turns":2},{"damage":1,"enemies":"Large Slime","floor":6,"turns":4},{"damage":0,"enemies":"downfall:FleeingMerchant","floor":9,"turns":4},{"damage":0,"enemies":"3 Louse","floor":11,"turns":3},{"damage":0,"enemies":"Blue Slaver","floor":14,"turns":3},{"damage":0,"enemies":"Exordium Thugs","floor":15,"turns":2},{"damage":67,"enemies":"downfall:Defect","floor":16,"turns":7},{"damage":10,"enemies":"theJungle:5_Spyders","floor":19,"turns":8},{"damage":11,"enemies":"theJungle:GiantWrat","floor":21,"turns":5},{"damage":17,"enemies":"theJungle:2_Snecko_Cultists","floor":26,"turns":5},{"damage":0,"enemies":"theJungle:Lyon","floor":27,"turns":2},{"damage":9,"enemies":"theJungle:SlimyTreeVines","floor":28,"turns":4},{"damage":18,"enemies":"theJungle:2_Phrogs","floor":30,"turns":5},{"damage":0,"enemies":"theJungle:2_Snecko_Cultists","floor":32,"turns":2},{"damage":45,"enemies":"downfall:Watcher","floor":33,"turns":4}],"seed_played":"-2837035563679763043","potions_obtained":[{"floor":5,"key":"DuplicationPotion"},{"floor":6,"key":"ZuzhouPotion:ReiMu"},{"floor":11,"key":"Regen Potion"},{"floor":14,"key":"SteroidPotion"},{"floor":32,"key":"EntropicBrew"}],"is_trial":false,"path_per_floor":["R","M","$","M","M","M","T","?","$","R","M","R","?","M","M","B",null,"R","M","?","M","?","R","T","R","M","M","M","R","E","?","M","B"],"character_chosen":"PRAEFECT","items_purchased":["rmod:firesupport"],"campfire_rested":0,"item_purchase_floors":[9],"current_hp_per_floor":[75,75,75,75,75,74,74,75,75,75,75,75,75,75,75,8,75,75,65,65,54,64,64,64,64,47,47,43,43,25,25,25,0,0],"gold":385,"neow_bonus":"THREE_ENEMY_KILL","is_daily":false,"chose_seed":false,"campfire_upgraded":7,"win_rate":0.0,"timestamp":1608874326,"path_taken":["R","M","$","M","?","M","T","?","?","R","M","R","?","M","M","BOSS","R","M","?","M","?","R","T","R","M","M","M","R","E","?","M","BOSS"],"items_purchased_type":["Card"],"build_version":"2020-12-22","purchased_purges":0,"victory":false,"max_hp_per_floor":[75,75,75,75,75,75,75,75,75,75,75,75,75,75,75,75,75,75,75,75,75,85,85,85,85,85,85,85,85,85,85,85,85,85],"card_choices":[{"not_picked":["rmod:victimresponsibility","rmod:circuitoustactics"],"picked":"rmod:supportescort","floor":2},{"not_picked":["rmod:supriseattacks","rmod:fuelsupply"],"picked":"rmod:fletcherpendant","floor":3},{"not_picked":["rmod:fuelsupply","rmod:lonelyqueen"],"picked":"rmod:luckystar","floor":4},{"not_picked":["rmod:mineteam","rmod:tearstotiara","rmod:luckystar"],"picked":"SKIP","floor":5},{"not_picked":["rmod:garrisonisland","rmod:slowdown","rmod:aviationdawn"],"picked":"SKIP","floor":6},{"not_picked":["rmod:timeschanged","rmod:circuitoustactics"],"picked":"rmod:firesupport","floor":9},{"not_picked":["rmod:circuitoustactics","rmod:lonelyqueen"],"picked":"rmod:salvage","floor":11},{"not_picked":["rmod:selfconfidence","rmod:aviationdawn"],"picked":"rmod:supportaircraftcarrier","floor":14},{"not_picked":["rmod:firesupport","rmod:punchline"],"picked":"rmod:rockthrower","floor":15},{"not_picked":["rmod:saltedfish","rmod:windflower"],"picked":"rmod:abidefaith","floor":16},{"not_picked":["rmod:ammunitionsupply+1","rmod:luckystar"],"picked":"rmod:fuelsupply","floor":19},{"not_picked":["rmod:aluminumsupply","rmod:goodsister+1","rmod:garrisonisland"],"picked":"SKIP","floor":21},{"not_picked":["rmod:unsinkable","rmod:fuelsupply","rmod:supportescort+1"],"picked":"SKIP","floor":26},{"not_picked":["rmod:fuelsupply","rmod:supportescort"],"picked":"rmod:acesubmarine","floor":27},{"not_picked":["rmod:supportaircraftcarrier","rmod:aluminumsupply"],"picked":"rmod:openingtorpedo+1","floor":28},{"not_picked":["rmod:garrisonisland","rmod:steelsupply+1","rmod:luckystar+1"],"picked":"SKIP","floor":30},{"not_picked":["rmod:unsinkable","rmod:supportescort","rmod:fuelsupply"],"picked":"SKIP","floor":32}],"player_experience":197196,"relics_obtained":[{"floor":7,"key":"HornCleat"},{"floor":24,"key":"Whetstone"},{"floor":30,"key":"Omamori"}],"event_choices":[{"damage_healed":1,"gold_gain":0,"player_choice":"Full Heal","damage_taken":0,"max_hp_gain":0,"max_hp_loss":0,"event_name":"Wheel of Change","floor":8,"gold_loss":0}],"is_beta":false,"boss_relics":[{"not_picked":["Runic Dome","Snecko Eye"],"picked":"SlaversCollar"}],"items_purged_floors":[],"is_endless":false,"potions_floor_spawned":[5,6,11,14,15,26,32],"killed_by":"downfall:Watcher","ascension_level":0}}