{"host":"kiauivt48syq9iz6","time":1608887294,"event":{"mods":["BaseMod","Conspire","Downfall","Hermit","Minty Spire (QoL Compilation)","Replay The Spire","SIMod","StSLib","The Animator","The Construct","The Cursed","The Runesmith","The Servant 0.9.4"],"gold_per_floor":[117,117,135,20,34,34,34,63,113,193,193,193,236,260,260,260,260],"floor_reached":16,"playtime":745,"items_purged":[],"score":108,"play_id":"4c003c60-6b3e-432c-b3a2-6dedf5bfa1ff","local_time":"20201225020814","is_ascension_mode":false,"campfire_choices":[{"data":"expansioncontent:AwakenDeath","floor":6,"key":"SMITH"},{"floor":12,"key":"REST"},{"data":"TasteRainbow","floor":15,"key":"SMITH"}],"circlet_count":0,"master_deck":["Strike_AJ","Strike_TS","Strike_RR","Strike_RD","Defend_TS","Defend_PP","Defend_FS","Defend_AJ","ConcertedEfforts","HarmonyShield","expansioncontent:AwakenDeath+1","Magic_Beam","BigDeal","TasteRainbow+1","Lasso","TwentyPercentcooler","RushToSky","RunningOfTheLeaves","Mischief","CleanLibrary","PartyTime","Delirium","PinkieSense","Return_To_Past","Return_To_Past","FriendOfNature"],"relics":["The_element_of_harmony","Toy Ornithopter","Orichalcum","Golden Idol","Pet Ghost"],"acts_visited":["Exordium"],"potions_floor_usage":[8,16,16],"damage_taken":[{"damage":0,"enemies":"Small Slimes","floor":1,"turns":8},{"damage":6,"enemies":"Jaw Worm","floor":3,"turns":4},{"damage":0,"enemies":"conspire:RoseBush","floor":5,"turns":5},{"damage":29,"enemies":"Gremlin Nob","floor":8,"turns":4},{"damage":38,"enemies":"Lagavulin","floor":13,"turns":8},{"damage":0,"enemies":"Exordium Wildlife","floor":14,"turns":4},{"damage":77,"enemies":"Slime Boss","floor":16,"turns":9}],"seed_played":"-5428785904391636496","potions_obtained":[{"floor":1,"key":"Toxic Potion"},{"floor":13,"key":"DistilledChaos"},{"floor":14,"key":"AttackPotion"}],"is_trial":false,"path_per_floor":["M","?","M","$","M","R","$","E","T","?","?","R","E","M","R","B"],"character_chosen":"TWI_CLASS","items_purchased":["TwentyPercentcooler","RushToSky"],"campfire_rested":1,"item_purchase_floors":[4,4],"current_hp_per_floor":[82,82,76,76,76,76,76,47,47,47,47,69,31,31,31,0,0],"gold":260,"neow_bonus":"RANDOM_COLORLESS","is_daily":false,"chose_seed":false,"campfire_upgraded":2,"win_rate":0.0,"timestamp":1608887294,"path_taken":["M","?","M","$","M","R","?","E","T","?","?","R","E","M","R","BOSS"],"items_purchased_type":["Card","Card"],"build_version":"2020-12-22","purchased_purges":0,"victory":false,"max_hp_per_floor":[82,82,82,82,82,82,82,82,82,82,76,76,76,76,76,76,76],"card_choices":[{"not_picked":["expansioncontent:HyperBeam","Flash of Steel"],"picked":"expansioncontent:AwakenDeath","floor":0},{"not_picked":["Return_To_Past"],"picked":"Magic_Beam","floor":1},{"not_picked":["Magic_Beam"],"picked":"BigDeal","floor":1},{"not_picked":["ISayNo"],"picked":"TasteRainbow","floor":3},{"not_picked":["Laughter"],"picked":"Lasso","floor":3},{"not_picked":["PartyAlone"],"picked":"RunningOfTheLeaves","floor":5},{"not_picked":["GemstoneDetection"],"picked":"Mischief","floor":5},{"not_picked":["Whining"],"picked":"CleanLibrary","floor":8},{"not_picked":["AppleFever"],"picked":"PartyTime","floor":8},{"not_picked":["Charge"],"picked":"PinkieSense","floor":13},{"not_picked":["PartyTime"],"picked":"Return_To_Past","floor":13},{"not_picked":["RunningOfTheLeaves"],"picked":"Return_To_Past","floor":14},{"not_picked":["Anxiousness"],"picked":"FriendOfNature","floor":14}],"player_experience":70910,"relics_obtained":[{"floor":8,"key":"Toy Ornithopter"},{"floor":9,"key":"Orichalcum"},{"floor":13,"key":"Pet Ghost"}],"event_choices":[{"damage_healed":0,"gold_gain":0,"player_choice":"Leave","damage_taken":0,"max_hp_gain":0,"max_hp_loss":0,"event_name":"conspire:Investor","floor":2,"gold_loss":0},{"damage_healed":0,"gold_gain":0,"player_choice":"Lose Max HP","damage_taken":0,"relics_obtained":["Golden Idol"],"max_hp_gain":0,"max_hp_loss":6,"event_name":"Golden Idol","floor":11,"gold_loss":0}],"is_beta":false,"boss_relics":[],"items_purged_floors":[],"is_endless":false,"potions_floor_spawned":[1,13,14],"killed_by":"Slime Boss","ascension_level":0}}