{"host":"pvafbce70weqvzks","time":1608935512,"event":{"mods":["BaseMod","Gremlin Mod","Hermit","Minty Spire (QoL Compilation)","StSLib","themimic"],"gold_per_floor":[113,124,139,150,28,28,28,28,96,154,182,196,196,212,212,317,317,329,343,7,20,20,20,20],"floor_reached":23,"playtime":1814,"items_purged":["Brutality"],"score":193,"play_id":"df11bdd3-ec6e-4ac6-aaf4-30c36af5ef50","local_time":"20201225193152","is_ascension_mode":false,"campfire_choices":[{"floor":6,"key":"REST"},{"data":"Clothesline","floor":8,"key":"SMITH"},{"floor":13,"key":"REST"},{"data":"Anger","floor":15,"key":"SMITH"}],"circlet_count":0,"master_deck":["Strike_R","Strike_R","Strike_R","Strike_R","Defend_R","Defend_R","Defend_R","Defend_R","Bash","Clothesline+1","Anger+1","Sword Boomerang","Bandage Up","Pommel Strike","Armaments","Dropkick","Anger+1","Clash","Feed","Cleave+1","Twin Strike+1","Rage","Flame Barrier","Uppercut+1","Pummel"],"relics":["Burning Blood","Mummified Hand","Nunchaku","Toy Ornithopter","Velvet Choker","Bronze Scales"],"acts_visited":["Exordium","TheCity"],"potions_floor_usage":[10,16,16,16],"damage_taken":[{"damage":3,"enemies":"Jaw Worm","floor":1,"turns":6},{"damage":8,"enemies":"Small Slimes","floor":2,"turns":4},{"damage":2,"enemies":"2 Louse","floor":3,"turns":3},{"damage":41,"enemies":"Gremlin Gang","floor":4,"turns":6},{"damage":20,"enemies":"3 Sentries","floor":10,"turns":5},{"damage":34,"enemies":"Gremlin Nob","floor":11,"turns":5},{"damage":12,"enemies":"Looter","floor":12,"turns":4},{"damage":2,"enemies":"2 Fungi Beasts","floor":14,"turns":3},{"damage":71,"enemies":"The Guardian","floor":16,"turns":11},{"damage":24,"enemies":"Spheric Guardian","floor":18,"turns":4},{"damage":28,"enemies":"2 Thieves","floor":19,"turns":4},{"damage":28,"enemies":"Shelled Parasite and Fungi","floor":21,"turns":6},{"damage":38,"enemies":"Gremlin Leader","floor":23,"turns":5}],"seed_played":"-7619581927323920910","potions_obtained":[{"floor":2,"key":"DuplicationPotion"},{"floor":3,"key":"PowerPotion"},{"floor":11,"key":"SpeedPotion"},{"floor":14,"key":"SpeedPotion"},{"floor":18,"key":"BlessingOfTheForge"},{"floor":21,"key":"Explosive Potion"}],"is_trial":false,"path_per_floor":["M","M","M","M","$","R","?","R","T","?","E","M","R","M","R","B",null,"M","M","$","M","?","E"],"character_chosen":"IRONCLAD","items_purchased":["Bandage Up","Pommel Strike","Rage","Bronze Scales","Flame Barrier"],"campfire_rested":2,"item_purchase_floors":[5,5,20,20,20],"current_hp_per_floor":[80,78,80,45,45,69,69,69,69,59,35,33,57,65,65,19,80,66,48,48,30,30,0,0],"gold":20,"neow_bonus":"","is_daily":false,"chose_seed":false,"campfire_upgraded":2,"win_rate":0.0,"timestamp":1608935512,"path_taken":["M","M","M","M","$","R","?","R","T","?","E","M","R","M","R","BOSS","M","M","$","M","?","E"],"items_purchased_type":["Card","Card","Card","Relic","Card"],"build_version":"2020-12-22","purchased_purges":1,"victory":false,"max_hp_per_floor":[80,80,80,80,80,80,80,80,80,80,80,80,80,80,80,80,80,80,80,80,80,80,80,80],"card_choices":[{"not_picked":["Flex","Iron Wave"],"picked":"Clothesline","floor":1},{"not_picked":["Rage","Sword Boomerang"],"picked":"Anger","floor":2},{"not_picked":["Dropkick","Warcry"],"picked":"Sword Boomerang","floor":3},{"not_picked":["Thunderclap","Flex"],"picked":"Brutality","floor":4},{"not_picked":["Hemokinesis","Ghostly Armor"],"picked":"Armaments","floor":10},{"not_picked":["Twin Strike","True Grit"],"picked":"Dropkick","floor":11},{"not_picked":["Headbutt","Burning Pact"],"picked":"Anger","floor":12},{"not_picked":["Perfected Strike","Clothesline"],"picked":"Clash","floor":14},{"not_picked":["Demon Form","Offering"],"picked":"Feed","floor":16},{"not_picked":["Intimidate","Warcry+1"],"picked":"Cleave+1","floor":18},{"not_picked":["True Grit","Iron Wave"],"picked":"Twin Strike+1","floor":19},{"not_picked":["Demon Form","Anger"],"picked":"Uppercut+1","floor":21}],"player_experience":0,"relics_obtained":[{"floor":9,"key":"Mummified Hand"},{"floor":10,"key":"Nunchaku"},{"floor":11,"key":"Toy Ornithopter"}],"event_choices":[{"damage_healed":0,"gold_gain":0,"player_choice":"Grow","damage_taken":0,"max_hp_gain":0,"max_hp_loss":0,"event_name":"Living Wall","floor":7,"gold_loss":0,"cards_upgraded":["Anger"]},{"damage_healed":0,"gold_gain":30,"player_choice":"Searched \u00272\u0027 times","damage_taken":0,"max_hp_gain":0,"max_hp_loss":0,"event_name":"Dead Adventurer","floor":10,"gold_loss":0},{"damage_healed":0,"gold_gain":0,"cards_transformed":["Strike_R"],"player_choice":"Transformed","damage_taken":0,"max_hp_gain":0,"max_hp_loss":0,"event_name":"Transmorgrifier","floor":22,"gold_loss":0,"cards_obtained":["Pummel"]}],"is_beta":false,"boss_relics":[{"not_picked":["Tiny House","Black Star"],"picked":"Velvet Choker"}],"items_purged_floors":[20],"is_endless":false,"potions_floor_spawned":[2,3,11,14,18,21],"killed_by":"Gremlin Leader","ascension_level":0}}