{"host":"iak1zw6udsaqx1iy","time":1608922692,"event":{"mods":["BaseMod","Hermit","Minty Spire (QoL Compilation)","Replay The Spire","StSLib","The Alterego","The Cursed","The Servant 0.9.4","WarShipGirlsR/’ΩΩ¢…Ÿ≈ÆR mod"],"gold_per_floor":[129,156,156,156,191,218,218,218,248,278,303,303,303,11,37,54,54,234,234,252,283,309,309,234,234,259,294,317,349,349,282,316,329,329,499,499,526,526,36,69,81,149,149,174,174,174,174,174,174,17,17,17,17,17,17,82,82,82],"floor_reached":57,"playtime":4879,"items_purged":[],"score":729,"play_id":"4cab4643-a7e6-46d8-af8b-79a30d0f5a9a","local_time":"20201226025812","is_ascension_mode":false,"campfire_choices":[{"data":"hermit:DeadOrAlive","floor":8.0,"key":"SMITH"},{"data":"hermit:Quickdraw","floor":12.0,"key":"SMITH"},{"floor":17.0,"key":"REST"},{"data":"hermit:EyeOfTheStorm","floor":25.0,"key":"SMITH"},{"data":"hermit:Manifest","floor":30.0,"key":"SMITH"},{"data":"hermit:Combo","floor":34.0,"key":"SMITH"},{"floor":43.0,"key":"RECALL"},{"data":"hermit:Glare","floor":46.0,"key":"SMITH"},{"data":"hermit:Virtue","floor":49.0,"key":"SMITH"},{"data":"hermit:TakeAim","floor":51.0,"key":"SMITH"},{"data":"hermit:BigShot","floor":54.0,"key":"SMITH"}],"circlet_count":0,"master_deck":["hermit:Strike_Hermit+1","hermit:Strike_Hermit","hermit:Strike_Hermit+1","hermit:Defend_Hermit","hermit:Defend_Hermit","hermit:Defend_Hermit+1","hermit:Snapshot","hermit:Covet","hermit:DeadOrAlive+1","hermit:TrackingShot","hermit:Enervate","hermit:Quickdraw+1","hermit:Coalescence+1","hermit:PistolWhip","hermit:LowProfile","Defend_R","hermit:Grudge","hermit:Headshot","hermit:FinalCanter","hermit:TakeAim+1","hermit:TakeCover+1","hermit:EyeOfTheStorm+1","hermit:Snipe+1","hermit:Manifest+1","hermit:FlashPowder+1","hermit:Combo+1","hermit:Glare+1","hermit:Deadeye","hermit:RoundhouseKick","hermit:BodyArmor+1","hermit:Enervate+1","hermit:Virtue+1","hermit:GoldenBullet","hermit:BigShot+1","hermit:HeroicBravado"],"relics":["hermit:Momento","Replay:Baseball","Simple Rune","Gremlin Food","Vajra","Happy Flower","hermit:BartenderGlass","MutagenicStrength","Toy Ornithopter","War Paint","PreservedInsect","Honey Jar","Shuriken","Bronze Scales","Anchor","Strawberry","HandDrill","Nunchaku"],"acts_visited":["Exordium","TheCity","TheBeyond","TheEnding"],"potions_floor_usage":[57,57,57],"damage_taken":[{"damage":0.0,"enemies":"2 Louse","floor":1.0,"turns":3.0},{"damage":1.0,"enemies":"Jaw Worm","floor":2.0,"turns":2.0},{"damage":0.0,"enemies":"Cultist","floor":5.0,"turns":2.0},{"damage":0.0,"enemies":"3 Louse","floor":6.0,"turns":3.0},{"damage":4.0,"enemies":"Gremlin Nob","floor":9.0,"turns":3.0},{"damage":12.0,"enemies":"Blue Slaver","floor":10.0,"turns":4.0},{"damage":1.0,"enemies":"2 Fungi Beasts","floor":15.0,"turns":2.0},{"damage":0.0,"enemies":"Looter","floor":16.0,"turns":1.0},{"damage":45.0,"enemies":"Slime Boss","floor":18.0,"turns":13.0},{"damage":6.0,"enemies":"Chosen","floor":20.0,"turns":4.0},{"damage":0.0,"enemies":"Spheric Guardian","floor":21.0,"turns":1.0},{"damage":5.0,"enemies":"Shelled Parasite and Fungi","floor":22.0,"turns":2.0},{"damage":0.0,"enemies":"Gremlin Leader","floor":26.0,"turns":6.0},{"damage":11.0,"enemies":"Centurion and Healer","floor":27.0,"turns":5.0},{"damage":9.0,"enemies":"3 Cultists","floor":29.0,"turns":6.0},{"damage":0.0,"enemies":"Book of Stabbing","floor":32.0,"turns":5.0},{"damage":0.0,"enemies":"Snecko","floor":33.0,"turns":3.0},{"damage":83.0,"enemies":"Automaton","floor":35.0,"turns":12.0},{"damage":9.0,"enemies":"3 Shapes","floor":37.0,"turns":6.0},{"damage":0.0,"enemies":"3 Darklings","floor":38.0,"turns":1.0},{"damage":5.0,"enemies":"Sphere and 2 Shapes","floor":40.0,"turns":6.0},{"damage":0.0,"enemies":"Transient","floor":41.0,"turns":5.0},{"damage":0.0,"enemies":"Nemesis","floor":42.0,"turns":5.0},{"damage":0.0,"enemies":"Reptomancer","floor":44.0,"turns":5.0},{"damage":40.0,"enemies":"Replay:Hell Engine","floor":52.0,"turns":12.0},{"damage":5,"enemies":"Shield and Spear","floor":56,"turns":5},{"damage":119,"enemies":"The Heart","floor":57,"turns":12}],"seed_played":"9012444211328984682","potions_obtained":[{"floor":1.0,"key":"LiquidMemories"},{"floor":2.0,"key":"Adrenaline Potion"},{"floor":10.0,"key":"FearPotion"},{"floor":16.0,"key":"Venom Potion"},{"floor":21.0,"key":"Strength Potion"},{"floor":27.0,"key":"SpeedPotion"},{"floor":32.0,"key":"Swift Potion"},{"floor":33.0,"key":"Languid Potion"},{"floor":37.0,"key":"Fire Potion"},{"floor":40.0,"key":"Toxic Potion"},{"floor":41.0,"key":"PowerPotion"},{"floor":42.0,"key":"SpeedPotion"}],"is_trial":false,"path_per_floor":["M","M","PTL","PTL","M","M","?","R","E","M","T","R","?","$","M","M","R","B",null,"M","M","M","?","?","R","E","M","T","M","R","$","E","M","R","B",null,"M","M","$","M","M","E","R","E","T","R","?","?","R","$","R","B",null,"R","$","E","B"],"character_chosen":"HERMIT","items_purchased":["Vajra","Happy Flower","hermit:Combo","Shuriken","Bronze Scales","FairyPotion","HandDrill"],"campfire_rested":1,"item_purchase_floors":[14,14,31,39,39,39,50],"current_hp_per_floor":[75,74,74,74,74,74,74,74,70,58,58,58,58,58,57,57,75,30,75,69,69,64,64,64,64,64,63,63,71,71,71,75,75,75,7,75,66,71,71,75,75,75,75,82,82,82,82,78,78,78,78,43,78,78,78,73,0,0],"gold":82,"neow_bonus":"ONE_RANDOM_RARE_CARD","is_daily":false,"chose_seed":false,"campfire_upgraded":9,"win_rate":0.0,"timestamp":1608922692,"path_taken":["M","M","PTL","PTL","M","M","?","R","E","M","T","R","?","$","M","M","R","BOSS","M","M","M","?","?","R","E","M","T","M","R","?","E","M","R","BOSS","M","M","$","M","M","E","R","E","T","R","?","?","R","$","R","BOSS","R","$","E","BOSS"],"items_purchased_type":["Relic","Relic","Card","Relic","Relic","Potion","Relic"],"build_version":"2020-12-22","purchased_purges":0,"victory":false,"max_hp_per_floor":[75,75,75,75,75,75,75,75,75,75,75,75,75,75,75,75,75,75,75,75,75,75,75,75,75,75,75,75,75,75,75,75,75,75,75,75,75,75,75,75,75,75,75,82,82,82,82,78,78,78,78,78,78,78,78,78,78,78],"card_choices":[{"not_picked":["hermit:Dive","hermit:Brawl"],"picked":"hermit:TrackingShot","floor":1.0},{"not_picked":["hermit:Roulette","hermit:WideOpen"],"picked":"hermit:Enervate","floor":2.0},{"not_picked":["hermit:Magnum","hermit:Feint"],"picked":"hermit:Quickdraw","floor":5.0},{"not_picked":["hermit:Misfire","hermit:Snipe"],"picked":"hermit:Coalescence","floor":6.0},{"not_picked":["hermit:Coalescence","hermit:LuckOfTheDraw"],"picked":"hermit:PistolWhip","floor":9.0},{"not_picked":["hermit:PistolWhip","hermit:Quickdraw"],"picked":"hermit:LowProfile","floor":10.0},{"not_picked":["hermit:Vantage","hermit:Combo"],"picked":"hermit:Grudge","floor":15.0},{"not_picked":["hermit:Horror","hermit:Snipe"],"picked":"hermit:Headshot","floor":16.0},{"not_picked":["hermit:Purgatory","hermit:RoundhouseKick"],"picked":"hermit:FinalCanter","floor":18.0},{"not_picked":["hermit:CursedWeapon","hermit:LuckOfTheDraw"],"picked":"hermit:TakeAim","floor":20.0},{"not_picked":["hermit:Grudge","hermit:HoleUp"],"picked":"hermit:TakeCover+1","floor":21.0},{"not_picked":["hermit:Maintenance","hermit:Manifest"],"picked":"hermit:EyeOfTheStorm","floor":22.0},{"not_picked":["hermit:Misfire","hermit:Adapt"],"picked":"hermit:Snipe","floor":26.0},{"not_picked":["hermit:LuckOfTheDraw","hermit:Desperado"],"picked":"hermit:Manifest","floor":27.0},{"not_picked":["hermit:Misfire","hermit:Quickdraw+1"],"picked":"hermit:FlashPowder+1","floor":29.0},{"not_picked":["hermit:Cheat","hermit:WideOpen"],"picked":"hermit:Glare","floor":32.0},{"not_picked":["hermit:FatalDesire","hermit:Feint"],"picked":"hermit:Deadeye","floor":33.0},{"not_picked":["hermit:FromBeyond","hermit:Adapt"],"picked":"hermit:RoundhouseKick","floor":35.0},{"not_picked":["hermit:Roulette","hermit:Manifest+1","hermit:Headshot"],"picked":"hermit:BodyArmor+1","floor":37.0},{"not_picked":["hermit:Misfire","hermit:Coalescence+1","hermit:LowProfile+1"],"picked":"hermit:Enervate+1","floor":40.0},{"not_picked":["hermit:Determination","hermit:Misfire+1","hermit:Spite"],"picked":"hermit:Virtue","floor":41.0},{"not_picked":["hermit:GhostlyPresence+1","hermit:EyeOfTheStorm+1","hermit:Scavenge"],"picked":"hermit:GoldenBullet","floor":42.0},{"not_picked":["hermit:Desperado","hermit:LuckOfTheDraw","hermit:BodyArmor+1"],"picked":"hermit:BigShot","floor":44.0},{"not_picked":["hermit:GoldenBullet","hermit:LowProfile+1","hermit:Dive+1"],"picked":"hermit:HeroicBravado","floor":56}],"player_experience":246048,"relics_obtained":[{"floor":9.0,"key":"Simple Rune"},{"floor":11.0,"key":"Gremlin Food"},{"floor":26.0,"key":"Toy Ornithopter"},{"floor":28.0,"key":"War Paint"},{"floor":32.0,"key":"PreservedInsect"},{"floor":42.0,"key":"Anchor"},{"floor":44.0,"key":"Strawberry"},{"floor":56,"key":"Nunchaku"}],"event_choices":[{"damage_healed":0.0,"max_hp_gain":0.0,"max_hp_loss":0.0,"gold_gain":0.0,"event_name":"Big Fish","player_choice":"Box","floor":7.0,"gold_loss":0.0,"damage_taken":0.0,"relics_obtained":["Replay:Baseball"],"cards_obtained":["Regret"]},{"cards_removed":["hermit:Defend_Hermit"],"damage_healed":0.0,"max_hp_gain":0.0,"max_hp_loss":0.0,"gold_gain":0.0,"event_name":"NoteForYourself","player_choice":"Took Card","floor":13.0,"gold_loss":0.0,"damage_taken":0.0,"cards_obtained":["Defend_R"]},{"damage_healed":0.0,"max_hp_gain":0.0,"max_hp_loss":0.0,"gold_gain":0.0,"event_name":"Drug Dealer","player_choice":"Inject Mutagens","floor":23.0,"gold_loss":0.0,"damage_taken":0.0,"relics_obtained":["MutagenicStrength"]},{"cards_removed":["Regret"],"damage_healed":0.0,"max_hp_gain":0.0,"max_hp_loss":0.0,"gold_gain":0.0,"event_name":"Beggar","player_choice":"Gave Gold","floor":24.0,"gold_loss":75.0,"damage_taken":0.0},{"cards_removed":["hermit:Strike_Hermit"],"damage_healed":0.0,"max_hp_gain":0.0,"max_hp_loss":0.0,"gold_gain":0.0,"event_name":"Falling","player_choice":"Removed Attack","floor":47.0,"gold_loss":0.0,"damage_taken":0.0},{"damage_healed":0.0,"max_hp_gain":0.0,"max_hp_loss":4.0,"gold_gain":0.0,"event_name":"Winding Halls","player_choice":"Max HP","floor":48.0,"gold_loss":0.0,"damage_taken":0.0}],"is_beta":false,"boss_relics":[{"not_picked":["Fusion Hammer","Replay:Wanted Poster"],"picked":"hermit:BartenderGlass"},{"not_picked":["SlaversCollar","Tiny House"],"picked":"Honey Jar"}],"items_purged_floors":[],"is_endless":false,"potions_floor_spawned":[1,2,10,16,21,27,32,33,37,40,41,42],"killed_by":"The Heart","ascension_level":0}}