{"host":"03a85bwj0a5skoit","time":1608906182,"event":{"mods":["BaseMod","Block Reminder","Minty Spire (QoL Compilation)","Relic Stats","StSLib"],"gold_per_floor":[110,127,187,201,201,242,242,263,287,287,301,325,360,380,380,380,380],"floor_reached":16,"playtime":494,"items_purged":[],"score":228,"play_id":"32f7f14c-6178-4202-9146-9d43c7a26889","local_time":"20201226005302","is_ascension_mode":true,"campfire_choices":[{"floor":7,"key":"REST"},{"floor":10,"key":"REST"},{"data":"Entrench","floor":15,"key":"SMITH"}],"circlet_count":0,"master_deck":["AscendersBane","Strike_R","Strike_R","Strike_R","Strike_R","Strike_R","Defend_R","Defend_R","Defend_R","Defend_R","Bash","Carnage","Flame Barrier","Shrug It Off","Feed","Shockwave","Power Through","Entrench+1","Havoc"],"relics":["SlaversCollar","Golden Idol","PreservedInsect","Centennial Puzzle","Tiny Chest"],"acts_visited":["Exordium"],"potions_floor_usage":[6,6,12],"damage_taken":[{"damage":7,"enemies":"2 Louse","floor":1,"turns":3},{"damage":19,"enemies":"Jaw Worm","floor":2,"turns":4},{"damage":15,"enemies":"Small Slimes","floor":4,"turns":4},{"damage":24,"enemies":"Gremlin Nob","floor":6,"turns":4},{"damage":10,"enemies":"3 Louse","floor":8,"turns":5},{"damage":15,"enemies":"Lots of Slimes","floor":11,"turns":6},{"damage":6,"enemies":"Exordium Wildlife","floor":12,"turns":6},{"damage":10,"enemies":"Lagavulin","floor":13,"turns":6},{"damage":0,"enemies":"Exordium Thugs","floor":14,"turns":6},{"damage":36,"enemies":"The Guardian","floor":16,"turns":2}],"seed_played":"-6393966981588867243","potions_obtained":[{"floor":2,"key":"PowerPotion"},{"floor":4,"key":"ColorlessPotion"},{"floor":11,"key":"Energy Potion"},{"floor":12,"key":"SpeedPotion"}],"is_trial":false,"path_per_floor":["M","M","?","M","?","E","R","M","T","R","M","M","E","M","R","B"],"character_chosen":"IRONCLAD","items_purchased":[],"campfire_rested":2,"item_purchase_floors":[],"current_hp_per_floor":[61,42,42,27,27,3,23,16,16,37,25,22,15,15,15,0,0],"gold":380,"neow_bonus":"BOSS_RELIC","is_daily":false,"chose_seed":false,"campfire_upgraded":1,"win_rate":0.0,"timestamp":1608906182,"path_taken":["M","M","?","M","?","E","R","M","T","R","M","M","E","M","R","BOSS"],"items_purchased_type":[],"build_version":"2020-12-22","purchased_purges":0,"victory":false,"max_hp_per_floor":[75,75,75,75,68,68,68,71,71,71,74,77,80,80,80,80,80],"relic_stats":{"Centennial Puzzle":[9],"counters":[10,46],"Golden Idol":31,"Tiny Chest":0,"PreservedInsect":28,"obtain_stats":[{"SlaversCollar":0,"Centennial Puzzle":9,"Golden Idol":5,"Tiny Chest":13,"PreservedInsect":6,"Burning Blood":0},{"SlaversCollar":0,"Centennial Puzzle":5,"Golden Idol":3,"Tiny Chest":8,"PreservedInsect":4,"Burning Blood":0},{"SlaversCollar":0,"Centennial Puzzle":20,"Golden Idol":11,"Tiny Chest":38,"PreservedInsect":15,"Burning Blood":0}]},"card_choices":[{"not_picked":["Thunderclap","Anger"],"picked":"Carnage","floor":1},{"not_picked":["Anger","Searing Blow"],"picked":"Flame Barrier","floor":2},{"not_picked":["Rampage","Thunderclap"],"picked":"Shrug It Off","floor":4},{"not_picked":["Headbutt","Bloodletting"],"picked":"Feed","floor":6},{"not_picked":["Clothesline","Perfected Strike"],"picked":"Shockwave","floor":8},{"not_picked":["Combust","Headbutt","Heavy Blade"],"picked":"SKIP","floor":11},{"not_picked":["Searing Blow","Cleave"],"picked":"Power Through","floor":12},{"not_picked":["Headbutt","Flex"],"picked":"Entrench","floor":13},{"not_picked":["Warcry","Infernal Blade"],"picked":"Havoc","floor":14}],"player_experience":2308978,"relics_obtained":[{"floor":6,"key":"PreservedInsect"},{"floor":9,"key":"Centennial Puzzle"},{"floor":13,"key":"Tiny Chest"}],"event_choices":[{"damage_healed":0,"gold_gain":60,"player_choice":"Gained Gold","damage_taken":0,"max_hp_gain":0,"max_hp_loss":0,"event_name":"Golden Wing","floor":3,"gold_loss":0},{"damage_healed":0,"gold_gain":0,"player_choice":"Lose Max HP","damage_taken":0,"relics_obtained":["Golden Idol"],"max_hp_gain":0,"max_hp_loss":7,"event_name":"Golden Idol","floor":5,"gold_loss":0}],"is_beta":false,"boss_relics":[],"items_purged_floors":[],"is_endless":false,"potions_floor_spawned":[2,4,11,12],"killed_by":"The Guardian","ascension_level":20}}