{"host":"6pgtslebjnyv5xmi","time":1608873783,"event":{"mods":["AchievementEnabler","BaseMod","Colored Map","Minty Spire (QoL Compilation)","Rare Cards Sparkle","StSLib","SuperFastMode","The Dragon Tamer","everything is the same but u backflip on backflip"],"gold_per_floor":[113,11,186,199,210,245,245,74,74,94,94,94,108,134,134,234,234,250,269,269,269],"floor_reached":20,"playtime":841,"items_purged":[],"score":218,"play_id":"cb936c16-a992-48da-babb-3e2b7d6b6792","local_time":"20201225142303","is_ascension_mode":true,"campfire_choices":[{"data":"Zap","floor":7.0,"key":"SMITH"},{"data":"Sadistic Nature","floor":15,"key":"SMITH"}],"circlet_count":0,"master_deck":["Strike_B","Strike_B","Strike_B","Defend_B","Defend_B","Defend_B","Zap+1","Dualcast","Beam Cell","Beam Cell","Chaos","FTL","Self Repair","Beam Cell","Sadistic Nature+1","Leap","Go for the Eyes","Buffer","Scrape","Go for the Eyes"],"relics":["Cracked Core","Nunchaku","Du-Vu Doll","Cables","Gremlin Horn","Odd Mushroom","Empty Cage"],"acts_visited":["Exordium","TheCity"],"potions_floor_usage":[16],"damage_taken":[{"damage":1.0,"enemies":"Cultist","floor":1.0,"turns":4.0},{"damage":0.0,"enemies":"2 Louse","floor":4.0,"turns":2.0},{"damage":0.0,"enemies":"Small Slimes","floor":5.0,"turns":3.0},{"damage":25.0,"enemies":"Lagavulin","floor":6.0,"turns":5.0},{"damage":3,"enemies":"Blue Slaver","floor":10,"turns":2},{"damage":1,"enemies":"Looter","floor":13,"turns":3},{"damage":10,"enemies":"The Mushroom Lair","floor":14,"turns":4},{"damage":26,"enemies":"The Guardian","floor":16,"turns":10},{"damage":25,"enemies":"Shell Parasite","floor":18,"turns":4},{"damage":27,"enemies":"2 Thieves","floor":19,"turns":4},{"damage":19,"enemies":"Sentry and Sphere","floor":20,"turns":3}],"seed_played":"-6359785713459501709","potions_obtained":[{"floor":1.0,"key":"AttackPotion"},{"floor":5.0,"key":"ColorlessPotion"},{"floor":6.0,"key":"FocusPotion"},{"floor":18,"key":"LiquidBronze"}],"is_trial":false,"path_per_floor":["M","$","?","M","M","E","R","$","T","M","?","?","M","?","R","B",null,"M","M","M"],"character_chosen":"DEFECT","items_purchased":["Beam Cell","Chaos","Sadistic Nature"],"campfire_rested":0,"item_purchase_floors":[2,2,8],"current_hp_per_floor":[74,74,74,74,74,49,49,49,49,46,39,27,33,30,30,11,59,34,14,0,0],"gold":269,"neow_bonus":"RANDOM_COMMON_RELIC","is_daily":false,"chose_seed":false,"campfire_upgraded":2,"win_rate":0.0,"timestamp":1608873783,"path_taken":["M","?","?","M","M","E","R","$","T","M","?","?","?","?","R","BOSS","M","M","M"],"items_purchased_type":["Card","Card","Card"],"build_version":"2020-12-22","purchased_purges":0,"victory":false,"max_hp_per_floor":[75,75,75,75,75,75,75,75,75,75,75,75,75,75,75,75,75,75,75,75,75],"card_choices":[{"not_picked":["Heatsinks","Static Discharge"],"picked":"Beam Cell","floor":1.0},{"not_picked":["Streamline","Rebound"],"picked":"FTL","floor":4.0},{"not_picked":["Compile Driver","Leap"],"picked":"Self Repair","floor":5.0},{"not_picked":["Sweeping Beam","Turbo"],"picked":"Beam Cell","floor":6.0},{"not_picked":["Rebound","Biased Cognition"],"picked":"Leap","floor":10},{"not_picked":["Hologram","Streamline","Sweeping Beam"],"picked":"SKIP","floor":13},{"not_picked":["Rebound","Leap"],"picked":"Go for the Eyes","floor":14},{"not_picked":["Seek","Machine Learning"],"picked":"Buffer","floor":16},{"not_picked":["Chaos","Storm"],"picked":"Scrape","floor":18},{"not_picked":["Ball Lightning","Rebound"],"picked":"Go for the Eyes","floor":19}],"player_experience":483111,"relics_obtained":[{"floor":6.0,"key":"Du-Vu Doll"},{"floor":9,"key":"Cables"},{"floor":14,"key":"Odd Mushroom"}],"event_choices":[{"damage_healed":0.0,"max_hp_gain":0.0,"max_hp_loss":0.0,"gold_gain":175.0,"event_name":"Liars Game","player_choice":"AGREE","floor":3.0,"gold_loss":0.0,"damage_taken":0.0,"cards_obtained":["Doubt"]},{"cards_removed":["Doubt"],"damage_healed":0,"gold_gain":0,"player_choice":"Card Removal","damage_taken":7,"max_hp_gain":0,"max_hp_loss":0,"event_name":"Golden Wing","floor":11,"gold_loss":0},{"damage_healed":0,"gold_gain":0,"player_choice":"Success","damage_taken":12,"relics_obtained":["Gremlin Horn"],"max_hp_gain":0,"max_hp_loss":0,"event_name":"Scrap Ooze","floor":12,"gold_loss":0},{"damage_healed":0,"gold_gain":0,"player_choice":"Fought Mushrooms","damage_taken":0,"max_hp_gain":0,"max_hp_loss":0,"event_name":"Mushrooms","floor":14,"gold_loss":0}],"is_beta":false,"boss_relics":[{"not_picked":["Runic Pyramid","FrozenCore"],"picked":"Empty Cage"}],"items_purged_floors":[],"is_endless":false,"potions_floor_spawned":[1,5,6,18],"killed_by":"Sentry and Sphere","ascension_level":5}}