{"host":"5fpb1gzflhq9886n","time":1608939905,"event":{"mods":["AchievementEnabler","BaseMod","Colored Map","Colored Powertips","Minty Spire (QoL Compilation)","Permanent Neow"],"gold_per_floor":[115,190,190,210,210,241,255,255,255,255,269,292,312,331,331,331,331],"floor_reached":16,"playtime":1068,"items_purged":[],"score":120,"play_id":"bc80e2c5-55c6-4c8b-b302-04bba7c4ce62","local_time":"20201225184505","is_ascension_mode":true,"campfire_choices":[{"floor":10,"key":"REST"},{"floor":15,"key":"REST"}],"circlet_count":0,"master_deck":["Strike_P","Strike_P","Strike_P","Strike_P","Defend_P","Defend_P","Defend_P","Defend_P","Eruption+1","Vigilance","Study","ThirdEye","Weave","Consecrate","Fasting2","FollowUp","Blasphemy"],"relics":["Philosopher\u0027s Stone","Golden Idol","Pear","CultistMask","Shuriken"],"acts_visited":["Exordium"],"potions_floor_usage":[13],"damage_taken":[{"damage":0,"enemies":"Jaw Worm","floor":1,"turns":5},{"damage":1,"enemies":"2 Louse","floor":4,"turns":3},{"damage":42,"enemies":"3 Sentries","floor":6,"turns":9},{"damage":0,"enemies":"Cultist","floor":7,"turns":5},{"damage":25,"enemies":"Exordium Wildlife","floor":11,"turns":4},{"damage":8,"enemies":"Gremlin Gang","floor":12,"turns":4},{"damage":15,"enemies":"Large Slime","floor":13,"turns":6},{"damage":0,"enemies":"2 Fungi Beasts","floor":14,"turns":3},{"damage":53,"enemies":"The Guardian","floor":16,"turns":6}],"seed_played":"-4262077083140958457","potions_obtained":[{"floor":1,"key":"FairyPotion"},{"floor":4,"key":"Fire Potion"},{"floor":14,"key":"SteroidPotion"}],"is_trial":false,"path_per_floor":["M","?","?","M","?","E","M","?","T","R","M","M","M","M","R","B"],"character_chosen":"WATCHER","items_purchased":[],"campfire_rested":2,"item_purchase_floors":[],"current_hp_per_floor":[72,61,61,60,60,28,28,28,28,51,26,18,3,3,26,0,0],"gold":331,"neow_bonus":"BOSS_RELIC","is_daily":false,"chose_seed":false,"campfire_upgraded":0,"win_rate":0.0,"timestamp":1608939905,"path_taken":["M","?","?","M","?","E","M","?","T","R","M","M","M","?","R","BOSS"],"items_purchased_type":[],"build_version":"2020-12-22","purchased_purges":0,"victory":false,"max_hp_per_floor":[72,72,72,72,67,77,77,77,77,77,77,77,77,77,77,77,77],"card_choices":[{"not_picked":["Protect","InnerPeace"],"picked":"Study","floor":1},{"not_picked":["ForeignInfluence","SashWhip"],"picked":"ThirdEye","floor":4},{"not_picked":["Collect","Prostrate"],"picked":"Weave","floor":6},{"not_picked":["ReachHeaven","Swivel"],"picked":"Consecrate","floor":7},{"not_picked":["SandsOfTime","Protect","CarveReality"],"picked":"SKIP","floor":11},{"not_picked":["FearNoEvil","ThirdEye"],"picked":"Fasting2","floor":12},{"not_picked":["ReachHeaven","EmptyFist"],"picked":"FollowUp","floor":13},{"not_picked":["ClearTheMind","EmptyBody"],"picked":"Blasphemy","floor":14}],"player_experience":631240,"relics_obtained":[{"floor":6,"key":"Pear"},{"floor":9,"key":"Shuriken"}],"event_choices":[{"damage_healed":0,"gold_gain":75,"player_choice":"Gather Gold","damage_taken":11,"max_hp_gain":0,"max_hp_loss":0,"event_name":"World of Goop","floor":2,"gold_loss":0},{"damage_healed":0,"gold_gain":0,"player_choice":"Grow","damage_taken":0,"max_hp_gain":0,"max_hp_loss":0,"event_name":"Living Wall","floor":3,"gold_loss":0,"cards_upgraded":["Eruption"]},{"damage_healed":0,"gold_gain":0,"player_choice":"Lose Max HP","damage_taken":0,"relics_obtained":["Golden Idol"],"max_hp_gain":0,"max_hp_loss":5,"event_name":"Golden Idol","floor":5,"gold_loss":0},{"damage_healed":0,"gold_gain":0,"player_choice":"Trade","damage_taken":0,"relics_obtained":["CultistMask"],"max_hp_gain":0,"max_hp_loss":0,"event_name":"FaceTrader","floor":8,"gold_loss":0}],"is_beta":false,"boss_relics":[],"items_purged_floors":[],"is_endless":false,"potions_floor_spawned":[1,4,14],"killed_by":"The Guardian","ascension_level":3}}