{"host":"BK","time":1608922259,"event":{"mods":["BaseMod","Highlight Path","Minty Spire (QoL Compilation)","StSLib"],"gold_per_floor":[116,116,135,148,200,200,239,254,281,281,281,319,1,16,16,112,175,190,190,203,216,45,45,45],"floor_reached":23,"playtime":746,"items_purged":["Strike_R"],"score":452,"play_id":"6e9e2c9e-9631-4704-abdc-a4242c0ea8e8","local_time":"20201225115059","is_ascension_mode":true,"campfire_choices":[{"floor":6.0,"key":"REST"},{"floor":11.0,"key":"REST"},{"floor":15.0,"key":"REST"}],"circlet_count":0,"master_deck":["AscendersBane","Strike_R+1","Strike_R","Strike_R","Strike_R","Defend_R","Defend_R","Defend_R","Defend_R","Bash","Thunderclap","Hemokinesis","Dropkick","Cleave","Flame Barrier","Uppercut","Reaper"],"relics":["Fusion Hammer","Golden Idol","PreservedInsect","Happy Flower","Orichalcum","ClockworkSouvenir","Tiny House","CeramicFish","Medical Kit"],"acts_visited":["Exordium","TheCity"],"potions_floor_usage":[21],"damage_taken":[{"damage":2.0,"enemies":"2 Louse","floor":1.0,"turns":3.0},{"damage":7.0,"enemies":"Jaw Worm","floor":3.0,"turns":3.0},{"damage":2.0,"enemies":"Cultist","floor":4.0,"turns":2.0},{"damage":49.0,"enemies":"3 Sentries","floor":7.0,"turns":10.0},{"damage":15.0,"enemies":"Large Slime","floor":8.0,"turns":6.0},{"damage":2.0,"enemies":"Gremlin Nob","floor":12.0,"turns":2.0},{"damage":3.0,"enemies":"Blue Slaver","floor":14.0,"turns":3.0},{"damage":47.0,"enemies":"Slime Boss","floor":16.0,"turns":10.0},{"damage":19.0,"enemies":"Shell Parasite","floor":18.0,"turns":4.0},{"damage":19.0,"enemies":"Spheric Guardian","floor":20.0,"turns":5.0},{"damage":9,"enemies":"Snake Plant","floor":21,"turns":3},{"damage":23,"enemies":"Book of Stabbing","floor":23,"turns":4}],"seed_played":"3645528625543301221","potions_obtained":[{"floor":3.0,"key":"SpeedPotion"},{"floor":7.0,"key":"PowerPotion"}],"is_trial":false,"path_per_floor":["M","?","M","M","?","R","E","M","T","?","R","E","$","M","R","B",null,"M","?","M","M","$","E"],"character_chosen":"IRONCLAD","items_purchased":["ClockworkSouvenir","Uppercut","Medical Kit"],"campfire_rested":3,"item_purchase_floors":[13,13,22],"current_hp_per_floor":[66,66,59,57,57,68,19,4,4,26,46,44,44,41,61,14,60,41,41,22,17,17,0,0],"gold":45,"neow_bonus":"BOSS_RELIC","is_daily":false,"chose_seed":false,"campfire_upgraded":0,"win_rate":0.0,"timestamp":1608922259,"path_taken":["M","?","M","M","?","R","E","M","T","?","R","E","$","M","R","BOSS","M","?","M","?","$","E"],"items_purchased_type":["Relic","Card","Relic"],"build_version":"2020-12-18","purchased_purges":1,"victory":false,"max_hp_per_floor":[75,68,68,68,68,68,68,68,68,68,68,68,68,68,68,68,73,73,73,73,73,73,73,73],"card_choices":[{"not_picked":["Perfected Strike","Havoc"],"picked":"Thunderclap","floor":1.0},{"not_picked":["Iron Wave","Second Wind"],"picked":"Hemokinesis","floor":3.0},{"not_picked":["Headbutt","Body Slam","Warcry"],"picked":"SKIP","floor":4.0},{"not_picked":["Clothesline","Rampage"],"picked":"Dropkick","floor":7.0},{"not_picked":["Anger","Perfected Strike"],"picked":"Cleave","floor":8.0},{"not_picked":["Berserk","Twin Strike"],"picked":"Flame Barrier","floor":12.0},{"not_picked":["Headbutt","Searing Blow","Sword Boomerang"],"picked":"SKIP","floor":14.0},{"not_picked":["Double Tap","Corruption"],"picked":"Reaper","floor":16.0},{"not_picked":["Thunderclap+1","Iron Wave","Evolve"],"picked":"SKIP","floor":18.0},{"not_picked":["Heavy Blade","Barricade","Cleave+1"],"picked":"SKIP","floor":20.0},{"not_picked":["Pommel Strike","Clothesline+1","Warcry"],"picked":"SKIP","floor":21}],"player_experience":2426737,"relics_obtained":[{"floor":7.0,"key":"PreservedInsect"},{"floor":9.0,"key":"Happy Flower"},{"floor":12.0,"key":"Orichalcum"}],"event_choices":[{"damage_healed":0.0,"max_hp_gain":0.0,"max_hp_loss":7.0,"gold_gain":0.0,"event_name":"Golden Idol","player_choice":"Lose Max HP","floor":2.0,"gold_loss":0.0,"damage_taken":0.0,"relics_obtained":["Golden Idol"]},{"damage_healed":0.0,"max_hp_gain":0.0,"max_hp_loss":0.0,"gold_gain":52.0,"event_name":"Golden Wing","player_choice":"Gained Gold","floor":5.0,"gold_loss":0.0,"damage_taken":0.0},{"damage_healed":22.0,"max_hp_gain":0.0,"max_hp_loss":0.0,"gold_gain":0.0,"event_name":"Big Fish","player_choice":"Banana","floor":10.0,"gold_loss":0.0,"damage_taken":0.0},{"damage_healed":0.0,"max_hp_gain":0.0,"max_hp_loss":0.0,"gold_gain":0.0,"event_name":"WeMeetAgain","player_choice":"Gave Potion","floor":19.0,"gold_loss":0.0,"damage_taken":0.0,"relics_obtained":["CeramicFish"]}],"is_beta":true,"boss_relics":[{"not_picked":["Runic Dome","Coffee Dripper"],"picked":"Tiny House"}],"items_purged_floors":[13],"is_endless":false,"potions_floor_spawned":[3,7,8,12],"killed_by":"Book of Stabbing","ascension_level":20}}