{"host":"0msxzbajcl1c78mb","time":1608871785,"event":{"mods":["AchievementEnabler","BaseMod","Colored Map","Colored Powertips","Highlight Path","Minty Spire (QoL Compilation)","Relic Sorter","Relic Stats","StSLib","The Jungle","everything is the same but u backflip on backflip"],"gold_per_floor":[109,59,59,59,78,78,110,110,110,110,139,154,229,248,248,352,352,369,294,294,294,294,324,342,342,342],"floor_reached":25,"playtime":1014,"items_purged":[],"score":332,"play_id":"52bf4946-899e-4aad-92a3-2768f0ea59d9","local_time":"20201224234945","is_ascension_mode":true,"campfire_choices":[{"data":"Eruption","floor":6,"key":"SMITH"},{"data":"Adaptation","floor":8,"key":"SMITH"},{"data":"FearNoEvil","floor":10,"key":"SMITH"},{"data":"Judgement","floor":15,"key":"SMITH"}],"circlet_count":0,"master_deck":["Strike_P","Strike_P","Strike_P","Strike_P","Defend_P","Defend_P","Defend_P","Eruption+1","Vigilance","FearNoEvil+1","Adaptation+1","DeusExMachina","SashWhip","FlurryOfBlows","Judgement+1","Blasphemy","SashWhip+1","RitualDagger","CutThroughFate","Meditate+1"],"relics":["PureWater","NeowsBlessing","Juzu Bracelet","Prayer Wheel","Du-Vu Doll","Anchor","Coffee Dripper","Regal Pillow","Bronze Scales"],"acts_visited":["Exordium","TheCity"],"potions_floor_usage":[11,16,23,23],"damage_taken":[{"damage":0,"enemies":"Small Slimes","floor":1,"turns":1},{"damage":0,"enemies":"Jaw Worm","floor":5,"turns":1},{"damage":0,"enemies":"Gremlin Nob","floor":7,"turns":1},{"damage":2,"enemies":"Lagavulin","floor":11,"turns":3},{"damage":3,"enemies":"2 Louse","floor":12,"turns":2},{"damage":0,"enemies":"Exordium Wildlife","floor":14,"turns":2},{"damage":41,"enemies":"The Guardian","floor":16,"turns":7},{"damage":10,"enemies":"2 Thieves","floor":18,"turns":3},{"damage":18,"enemies":"Slavers","floor":23,"turns":4},{"damage":0,"enemies":"Spheric Guardian","floor":24,"turns":3},{"damage":45,"enemies":"Gremlin Leader","floor":25,"turns":2}],"seed_played":"-897056157099939009","potions_obtained":[{"floor":5,"key":"Strength Potion"},{"floor":12,"key":"FearPotion"},{"floor":14,"key":"Fire Potion"},{"floor":18,"key":"StancePotion"}],"is_trial":false,"path_per_floor":["M","?","?","$","M","R","E","R","T","R","E","M","?","M","R","B",null,"M","?","?","?","?","E","M","E"],"character_chosen":"WATCHER","items_purchased":[],"campfire_rested":0,"item_purchase_floors":[],"current_hp_per_floor":[72,72,72,72,72,72,72,72,72,72,70,67,56,56,56,15,72,62,62,62,56,56,38,38,0,0],"gold":342,"neow_bonus":"THREE_ENEMY_KILL","is_daily":false,"chose_seed":false,"campfire_upgraded":4,"win_rate":0.0,"timestamp":1608871785,"path_taken":["M","?","?","?","M","R","E","R","T","R","E","M","?","M","R","BOSS","M","?","?","?","?","E","M","E"],"items_purchased_type":[],"build_version":"2020-12-22","purchased_purges":0,"victory":false,"max_hp_per_floor":[72,72,72,72,72,72,72,72,72,72,72,72,72,72,72,72,72,72,72,72,72,72,72,72,72,72],"relic_stats":{"Regal Pillow":0,"counters":[11,29],"Bronze Scales":[6],"Prayer Wheel":4,"Juzu Bracelet":0,"obtain_stats":[{"Du-Vu Doll":9,"Anchor":11,"Regal Pillow":20,"NeowsBlessing":0,"Bronze Scales":23,"Prayer Wheel":7,"Juzu Bracelet":3,"Coffee Dripper":17,"PureWater":0},{"Du-Vu Doll":3,"Anchor":4,"Regal Pillow":8,"NeowsBlessing":0,"Bronze Scales":9,"Prayer Wheel":3,"Juzu Bracelet":1,"Coffee Dripper":7,"PureWater":0},{"Du-Vu Doll":3,"Anchor":6,"Regal Pillow":20,"NeowsBlessing":0,"Bronze Scales":24,"Prayer Wheel":3,"Juzu Bracelet":1,"Coffee Dripper":17,"PureWater":0}]},"card_choices":[{"not_picked":["FlyingSleeves","PathToVictory"],"picked":"FearNoEvil","floor":1},{"not_picked":["ThirdEye","WreathOfFlame","Fasting2"],"picked":"SKIP","floor":5},{"not_picked":["PathToVictory","Fasting2"],"picked":"Adaptation","floor":7},{"not_picked":["PathToVictory","WheelKick"],"picked":"DeusExMachina","floor":11},{"not_picked":["Consecrate","Nirvana"],"picked":"SashWhip","floor":12},{"not_picked":["DeceiveReality","Evaluate"],"picked":"FlurryOfBlows","floor":12},{"not_picked":["ThirdEye","CarveReality"],"picked":"Judgement","floor":14},{"not_picked":["Evaluate","Consecrate","ForeignInfluence"],"picked":"SKIP","floor":14},{"not_picked":["Brilliance","Devotion"],"picked":"Blasphemy","floor":16},{"not_picked":["CarveReality","EmptyBody"],"picked":"SashWhip+1","floor":18},{"not_picked":["Meditate+1","EmptyFist","EmptyMind"],"picked":"SKIP","floor":18},{"not_picked":["ClearTheMind","WindmillStrike"],"picked":"CutThroughFate","floor":23},{"not_picked":["MasterReality","Prostrate"],"picked":"Meditate+1","floor":24},{"not_picked":["SashWhip","FollowUp+1","Consecrate"],"picked":"SKIP","floor":24}],"player_experience":300756,"relics_obtained":[{"floor":7,"key":"Prayer Wheel"},{"floor":9,"key":"Du-Vu Doll"},{"floor":11,"key":"Anchor"},{"floor":23,"key":"Bronze Scales"}],"event_choices":[{"cards_removed":["Defend_P"],"damage_healed":0,"gold_gain":0,"player_choice":"Card Removal","damage_taken":0,"max_hp_gain":0,"max_hp_loss":0,"event_name":"The Cleric","floor":2,"gold_loss":50},{"damage_healed":0,"gold_gain":0,"player_choice":"Box","damage_taken":0,"relics_obtained":["Juzu Bracelet"],"max_hp_gain":0,"max_hp_loss":0,"event_name":"Big Fish","floor":3,"gold_loss":0,"cards_obtained":["Regret"]},{"damage_healed":0,"gold_gain":75,"player_choice":"Gather Gold","damage_taken":11,"max_hp_gain":0,"max_hp_loss":0,"event_name":"World of Goop","floor":13,"gold_loss":0},{"cards_removed":["Regret"],"damage_healed":0,"gold_gain":0,"player_choice":"Gave Gold","damage_taken":0,"max_hp_gain":0,"max_hp_loss":0,"event_name":"Beggar","floor":19,"gold_loss":75},{"damage_healed":0,"gold_gain":0,"player_choice":"Opened","damage_taken":0,"relics_obtained":["Regal Pillow"],"max_hp_gain":0,"max_hp_loss":0,"event_name":"The Mausoleum","floor":20,"gold_loss":0},{"damage_healed":0,"gold_gain":0,"player_choice":"Joined the Cult","damage_taken":6,"max_hp_gain":0,"max_hp_loss":0,"event_name":"Nest","floor":21,"gold_loss":0,"cards_obtained":["RitualDagger"]},{"damage_healed":0,"gold_gain":0,"player_choice":"Ignored","damage_taken":0,"max_hp_gain":0,"max_hp_loss":0,"event_name":"Cursed Tome","floor":22,"gold_loss":0}],"is_beta":false,"boss_relics":[{"not_picked":["Astrolabe","VioletLotus"],"picked":"Coffee Dripper"}],"items_purged_floors":[],"is_endless":false,"potions_floor_spawned":[5,12,14,18],"killed_by":"Gremlin Leader","ascension_level":4}}