{"host":"4myl0piycjadqnwl","time":1608855631,"event":{"mods":["BaseMod","Colored Map","Downfall","Minty Spire (QoL Compilation)","StSLib"],"gold_per_floor":[0,0,19,38,51,36,36,61,61,61,92,2,102,133,144,144,144,144],"floor_reached":16,"playtime":1069,"items_purged":["Pain"],"score":148,"play_id":"22bff67b-7866-44f4-bb4e-54059d2d6345","local_time":"20201225012031","is_ascension_mode":true,"campfire_choices":[{"data":"champ:EnchantCrown","floor":1,"key":"SMITH"},{"floor":10,"key":"REST"}],"circlet_count":0,"master_deck":["champ:Strike","champ:Strike","champ:Strike","champ:Strike","champ:Defend","champ:Defend","champ:Defend","champ:Defend","champ:Execute","champ:Taunt","champ:EnchantCrown+1","champ:Haymaker","champ:TornadoPunch","champ:Control","champ:StanceDance","champ:CrookedStrike","champ:AdrenalArmor","champ:HoldFirm","champ:FlashCut"],"relics":["champ:ChampionCrown","WarpedTongs","Juzu Bracelet","Letter Opener","Mummified Hand","Shuriken","Bag of Preparation"],"acts_visited":["Exordium"],"potions_floor_usage":[16,16,16,16],"damage_taken":[{"damage":3,"enemies":"2 Louse","floor":3,"turns":2},{"damage":13,"enemies":"Cultist","floor":4,"turns":4},{"damage":8,"enemies":"Jaw Worm","floor":5,"turns":3},{"damage":15,"enemies":"downfall:FleeingMerchant","floor":6,"turns":4},{"damage":46,"enemies":"3 Sentries","floor":8,"turns":7},{"damage":29,"enemies":"Gremlin Nob","floor":11,"turns":4},{"damage":9,"enemies":"downfall:FleeingMerchant","floor":12,"turns":4},{"damage":16,"enemies":"3 Sentries","floor":14,"turns":4},{"damage":0,"enemies":"Exordium Wildlife","floor":15,"turns":3},{"damage":14,"enemies":"downfall:Defect","floor":16,"turns":6}],"seed_played":"-5770578012807896293","potions_obtained":[{"floor":8,"key":"GamblersBrew"},{"floor":14,"key":"EntropicBrew"}],"is_trial":false,"path_per_floor":["R","?","M","M","M","$","T","E","?","R","E","$","?","E","M","B"],"character_chosen":"THE_CHAMP","items_purchased":[],"campfire_rested":1,"item_purchase_floors":[],"current_hp_per_floor":[90,90,87,79,71,66,66,38,26,53,24,22,22,14,14,0,0,0],"gold":144,"neow_bonus":"THREE_RARE_CARDS","is_daily":false,"chose_seed":false,"campfire_upgraded":1,"win_rate":0.0,"timestamp":1608855631,"path_taken":["R","?","M","?","M","$","T","E","?","R","E","$","?","E","M","BOSS"],"items_purchased_type":[],"build_version":"2020-12-22","purchased_purges":1,"victory":false,"max_hp_per_floor":[90,90,90,90,90,90,90,90,90,90,90,90,90,90,90,90,90,90],"card_choices":[{"not_picked":["champ:CheapShot","champ:HeavySlash"],"picked":"champ:EnchantCrown","floor":0},{"not_picked":["champ:FlashCut","champ:CrookedStrike","champ:DefensiveShout"],"picked":"SKIP","floor":3},{"not_picked":["champ:FlashCut","champ:ArenaPreparation"],"picked":"champ:Haymaker","floor":4},{"not_picked":["champ:Encircle","champ:GladiatorsShout"],"picked":"champ:TornadoPunch","floor":5},{"not_picked":["champ:PerfectedStrike","champ:FlashCut"],"picked":"champ:Control","floor":6},{"not_picked":["champ:GladiatorsShout","champ:ArenaPreparation"],"picked":"champ:StanceDance","floor":8},{"not_picked":["champ:GladiatorsShout","champ:BerserkersShout"],"picked":"champ:CrookedStrike","floor":11},{"not_picked":["champ:BringItOn","champ:RageSigil"],"picked":"champ:AdrenalArmor","floor":12},{"not_picked":["champ:Riposte","champ:GutPunch"],"picked":"champ:HoldFirm","floor":14},{"not_picked":["champ:BladeFlurry","champ:BerserkersShout"],"picked":"champ:FlashCut","floor":15}],"player_experience":1384248,"relics_obtained":[{"floor":7,"key":"Juzu Bracelet"},{"floor":8,"key":"Letter Opener"},{"floor":11,"key":"Shuriken"},{"floor":14,"key":"Bag of Preparation"}],"event_choices":[{"damage_healed":0,"gold_gain":0,"player_choice":"Rummage","damage_taken":0,"relics_obtained":["WarpedTongs"],"max_hp_gain":0,"max_hp_loss":0,"event_name":"Accursed Blacksmith","floor":2,"gold_loss":0,"cards_obtained":["Pain"]},{"damage_healed":0,"gold_gain":0,"player_choice":"Success","damage_taken":12,"relics_obtained":["Mummified Hand"],"max_hp_gain":0,"max_hp_loss":0,"event_name":"Scrap Ooze","floor":9,"gold_loss":0}],"is_beta":false,"boss_relics":[],"items_purged_floors":[12],"is_endless":false,"potions_floor_spawned":[8,14],"killed_by":"downfall:Defect","ascension_level":5}}