{"host":"7o30bgpqouqblh42","time":1608905659,"event":{"mods":["AchievementEnabler","Aspiration","BaseMod","Colored Map","Downfall","Highlight Path","Minty Spire (QoL Compilation)","StSLib","SuperFastMode"],"gold_per_floor":[99,99,46,46,46,46,46,76,96,123,35,35,35,20,35,136,136,11,31,116,116,134,9,9,28,41,60,10,29,29,29,41,143,143,93,106,156,156,173,123,123,73,93,93,124,139,187,205,222,222],"floor_reached":51,"playtime":3496,"items_purged":[],"score":927,"play_id":"f3c8bfc7-9fc1-4971-8a13-c46b8adcf8c6","local_time":"20201225091419","is_ascension_mode":true,"campfire_choices":[{"floor":1,"key":"RECALL"},{"data":"Glass Knife","floor":13,"key":"SMITH"},{"data":"Slimebound:Recycling","floor":18,"key":"SMITH"},{"data":"Slimebound:TongueLash","floor":23,"key":"SMITH"},{"data":"Slimebound:DouseInSlime","floor":28,"key":"SMITH"},{"data":"Slimebound:Nibble","floor":30,"key":"SMITH"},{"data":"Slimebound:MassFeed","floor":35,"key":"SMITH"},{"data":"Slimebound:GrowthPunch","floor":40,"key":"SMITH"},{"data":"Slimebound:HauntingLick","floor":42,"key":"SMITH"}],"circlet_count":0,"master_deck":["Slimebound:Split+1","Slimebound:CorrosiveSpit+1","Slimebound:TongueLash+1","Slimebound:RainOfGoop+1","Slimebound:Schlurp+1","Glass Knife+1","Venomology+1","Slimebound:Dissolve+1","Slimebound:SamplingLick+1","Slimebound:GrowthPunch+1","Slimebound:HauntingLick+1","Slimebound:Grow","Slimebound:HauntingLick+1","Slimebound:MassRepurpose","Slimebound:SplitLeeching","Slimebound:Recycling+1","Slimebound:DouseInSlime+1","Slimebound:Gluttony","Slimebound:SlimeSpikes+1","Slimebound:MassFeed+1","Slimebound:Replication+1","Slimebound:SplitSpecialist","Slimebound:RejuvenatingLick","Slimebound:HauntingLick+1","Slimebound:SlimeTap+1"],"relics":["Slimebound:AbsorbEndCombat","downfall:HeartsMalice","Slimebound:GreedOozeRelic","Pandora\u0027s Box","downfall:HeartBlessingRed","downfall:HeartBlessingBlue","InkBottle","Empty Cage","Slimebound:SlimedSkullRelic","Shuriken","Red Mask","downfall:RedIOUUpgrade","aspiration:AnachronicSnailShell","Ice Cream"],"acts_visited":["Exordium","TheCity","TheBeyond"],"potions_floor_usage":[10,14,15,16,16,16,16,16,16,16,25,26,26,26,29,32,32,33,33,33,36,37,39,39,43,46,46,46,47,47,48,48],"damage_taken":[{"damage":0,"enemies":"Cultist","floor":2,"turns":1},{"damage":0,"enemies":"downfall:FleeingMerchant","floor":3,"turns":1},{"damage":0,"enemies":"Lagavulin","floor":8,"turns":1},{"damage":0,"enemies":"Small Slimes","floor":9,"turns":2},{"damage":7,"enemies":"Gremlin Nob","floor":10,"turns":3},{"damage":5,"enemies":"downfall:FleeingMerchant","floor":11,"turns":4},{"damage":13,"enemies":"downfall:FleeingMerchant","floor":14,"turns":4},{"damage":0,"enemies":"2 Louse","floor":15,"turns":2},{"damage":46,"enemies":"downfall:Silent","floor":16,"turns":4},{"damage":24,"enemies":"Chosen","floor":19,"turns":3},{"damage":4,"enemies":"Spheric Guardian","floor":22,"turns":2},{"damage":12,"enemies":"Cultist and Chosen","floor":25,"turns":3},{"damage":4,"enemies":"Chosen and Byrds","floor":26,"turns":4},{"damage":34,"enemies":"Snake Plant","floor":27,"turns":3},{"damage":45,"enemies":"Sentry and Sphere","floor":29,"turns":4},{"damage":22,"enemies":"Snecko","floor":32,"turns":3},{"damage":45,"enemies":"downfall:Ironclad","floor":33,"turns":5},{"damage":8,"enemies":"3 Shapes","floor":36,"turns":3},{"damage":12,"enemies":"Mind Bloom Boss Battle","floor":37,"turns":3},{"damage":38,"enemies":"3 Darklings","floor":39,"turns":3},{"damage":17,"enemies":"Sphere and 2 Shapes","floor":43,"turns":3},{"damage":12,"enemies":"Reptomancer","floor":45,"turns":2},{"damage":38,"enemies":"Jaw Worm Horde","floor":46,"turns":4},{"damage":12,"enemies":"2 Orb Walkers","floor":47,"turns":3},{"damage":38,"enemies":"Transient","floor":48,"turns":5},{"damage":32,"enemies":"Writhing Mass","floor":49,"turns":3},{"damage":14,"enemies":"downfall:Watcher","floor":50,"turns":3}],"seed_played":"-2425512650987727914","potions_obtained":[{"floor":9,"key":"Fire Potion"},{"floor":10,"key":"ColorlessPotion"},{"floor":15,"key":"Fruit Juice"},{"floor":19,"key":"SpeedPotion"},{"floor":22,"key":"Strength Potion"},{"floor":25,"key":"CultistPotion"},{"floor":29,"key":"hexamod:EctoCoolerPotion"},{"floor":36,"key":"AttackPotion"},{"floor":43,"key":"BlessingOfTheForge"},{"floor":46,"key":"CultistPotion"}],"is_trial":false,"path_per_floor":["R","M","$","?","?","?","T","E","M","E","$","?","R","$","M","B",null,"R","M","?","?","M","R","T","M","M","M","R","M","R","?","M","B",null,"R","M","?","?","M","R","T","R","M","?","E","M","?","M","M","B",null],"character_chosen":"SLIMEBOUND","items_purchased":["Slimebound:Schlurp","Slimebound:Grow"],"campfire_rested":0,"item_purchase_floors":[3,11],"current_hp_per_floor":[60,60,60,60,60,60,60,60,60,59,60,60,60,60,60,31,65,65,63,51,51,55,65,65,73,75,55,55,58,58,58,52,27,75,75,75,83,83,55,55,55,55,58,58,52,34,46,48,52,64],"gold":222,"neow_bonus":"THREE_ENEMY_KILL","is_daily":false,"chose_seed":false,"campfire_upgraded":8,"win_rate":0.0,"timestamp":1608905659,"path_taken":["R","M","$","?","?","?","T","E","?","E","$","?","R","?","M","BOSS","R","M","?","?","M","R","T","M","M","M","R","M","R","?","M","BOSS","R","M","?","?","M","R","T","R","M","?","E","M","?","M","M","BOSS"],"items_purchased_type":["Card","Card"],"build_version":"2020-12-22","purchased_purges":0,"victory":true,"max_hp_per_floor":[60,60,60,60,60,60,60,60,60,60,60,60,60,60,60,65,65,65,65,65,65,65,75,75,75,75,75,75,75,75,75,75,75,75,75,75,83,83,83,83,83,83,83,83,83,87,91,91,91,91],"card_choices":[{"not_picked":["Slimebound:SplitSpecialist","Slimebound:DivideAndConquer"],"picked":"Slimebound:TongueLash","floor":2},{"not_picked":["Slimebound:LeechEnergy","Slimebound:FinishingTackle"],"picked":"Slimebound:RainOfGoop","floor":3},{"not_picked":["Slimebound:GoopSpray","Slimebound:TongueLash"],"picked":"Slimebound:Dissolve","floor":8},{"not_picked":["Slimebound:FinishingTackle","Slimebound:Equalize"],"picked":"Slimebound:SamplingLick","floor":9},{"not_picked":["Slimebound:LivingWall","Slimebound:SplitBruiser"],"picked":"Slimebound:GrowthPunch","floor":10},{"not_picked":["Slimebound:Equalize","Slimebound:Nibble"],"picked":"Slimebound:HauntingLick","floor":11},{"not_picked":["Slimebound:FinishingTackle","Slimebound:ForwardTackle","Slimebound:ServeAndProtect"],"picked":"SKIP","floor":14},{"not_picked":["Slimebound:LeechingTouch","Slimebound:GrowthPunch"],"picked":"Slimebound:Recycling","floor":15},{"not_picked":["Slimebound:Dissolve","Slimebound:SplitBruiser","Slimebound:FirmFortitude"],"picked":"SKIP","floor":19},{"not_picked":["Slimebound:SplitBruiser+1","Slimebound:ComboTackle","Slimebound:GrowthPunch"],"picked":"SKIP","floor":22},{"not_picked":["Slimebound:Grow","Slimebound:FinishingTackle"],"picked":"Slimebound:DouseInSlime","floor":25},{"not_picked":["Slimebound:ViciousTackle+1","Slimebound:GoopSpray+1","Slimebound:Chomp"],"picked":"SKIP","floor":26},{"not_picked":["Slimebound:SplitLeeching","Slimebound:GrowthPunch+1"],"picked":"Slimebound:Gluttony","floor":27},{"not_picked":["Slimebound:GrowthPunch","Slimebound:FlameTackle"],"picked":"Slimebound:SlimeSpikes+1","floor":29},{"not_picked":["Slimebound:PrepareCrush","Slimebound:BestDefense","Slimebound:ComboTackle"],"picked":"SKIP","floor":32},{"not_picked":["Slimebound:MassRepurpose","Slimebound:CheckThePlaybook"],"picked":"Slimebound:MassFeed","floor":33},{"not_picked":["Slimebound:DisruptingSlam+1","Slimebound:FormOfPuddle"],"picked":"Slimebound:AcidTongue","floor":36},{"not_picked":["Slimebound:SlimeTap","Slimebound:SplitMire+1"],"picked":"Slimebound:Replication+1","floor":39},{"not_picked":["Slimebound:Chomp","Slimebound:ServeAndProtect+1","Slimebound:ViciousTackle"],"picked":"SKIP","floor":43},{"not_picked":["Slimebound:ServeAndProtect+1","Slimebound:LeechingTouch"],"picked":"Slimebound:SplitSpecialist","floor":45},{"not_picked":["Slimebound:Chomp","Slimebound:SplitBruiser+1"],"picked":"Slimebound:RejuvenatingLick","floor":46},{"not_picked":["Slimebound:RollThrough+1","Slimebound:DouseInSlime"],"picked":"Slimebound:HauntingLick+1","floor":47},{"not_picked":["Slimebound:ComboTackle+1","Slimebound:SplitMire","Slimebound:ViciousTackle"],"picked":"SKIP","floor":48},{"not_picked":["Slimebound:SlimeSpikes+1","Slimebound:Schlurp"],"picked":"Slimebound:SlimeTap+1","floor":49}],"player_experience":148482,"relics_obtained":[{"floor":8,"key":"Vajra"},{"floor":10,"key":"Ornamental Fan"},{"floor":24,"key":"InkBottle"},{"floor":37,"key":"Slimebound:SlimedSkullRelic"},{"floor":41,"key":"Shuriken"},{"floor":45,"key":"aspiration:AnachronicSnailShell"},{"floor":47,"key":"Ice Cream"}],"event_choices":[{"damage_healed":0,"gold_gain":0,"cards_transformed":["Unload"],"player_choice":"Transformed","damage_taken":0,"max_hp_gain":0,"max_hp_loss":0,"event_name":"Transmorgrifier","floor":6,"gold_loss":0,"cards_obtained":["Slimebound:BestDefense"]},{"damage_healed":0,"gold_gain":0,"player_choice":"Ignored","damage_taken":0,"max_hp_gain":0,"max_hp_loss":0,"event_name":"Vampires","floor":31,"gold_loss":0},{"cards_removed":["Slimebound:AcidTongue"],"damage_healed":0,"gold_gain":0,"player_choice":"Removed Power","damage_taken":0,"max_hp_gain":0,"max_hp_loss":0,"event_name":"Falling","floor":38,"gold_loss":0},{"damage_healed":0,"gold_gain":0,"player_choice":"Fight","damage_taken":0,"max_hp_gain":0,"max_hp_loss":0,"event_name":"Mysterious Sphere","floor":47,"gold_loss":0}],"is_beta":false,"boss_relics":[{"not_picked":["Coffee Dripper","aspiration:PoetsPen_weak"],"picked":"Pandora\u0027s Box"},{"not_picked":["aspiration:SecretTechniqueScroll","Fusion Hammer"],"picked":"Empty Cage"}],"items_purged_floors":[],"is_endless":false,"potions_floor_spawned":[9,10,15,19,22,25,29,36,43,46],"ascension_level":4}}