{"host":"69rply1jf2d1wbmp","time":1608906745,"event":{"mods":["BaseMod","Minty Spire (QoL Compilation)","Quick Restart"],"gold_per_floor":[114,140,31,49,66,66,66,66,66,79,98,124,124,95,95,197,197,207,58,68,68,81,81,113,113,113,142,142,154,6,18,18,120,120,131,141,160,12,31,31,46,72,122,122,122,32,132,146,146,146,146],"floor_reached":50,"playtime":1651,"items_purged":["Strike_R"],"score":537,"play_id":"a5209e80-9c50-445a-940c-6e22103fc929","local_time":"20201225093225","is_ascension_mode":false,"campfire_choices":[{"data":"Double Tap","floor":6,"key":"SMITH"},{"data":"Carnage","floor":8,"key":"SMITH"},{"floor":15,"key":"RECALL"},{"floor":23,"key":"REST"},{"data":"RitualDagger","floor":25,"key":"SMITH"},{"data":"Strike_R","floor":32,"key":"PURGE"},{"floor":40,"key":"REST"},{"floor":44,"key":"REST"},{"floor":49,"key":"REST"}],"circlet_count":0,"master_deck":["Strike_R+1","Strike_R","Strike_R","Defend_R","Defend_R","Defend_R","Bash+1","Double Tap+1","Carnage+1","Shrug It Off","Pommel Strike+1","Juggernaut","Rage","Rampage","RitualDagger+1","Shrug It Off+1","Metallicize","Parasite","Power Through"],"relics":["Burning Blood","Whetstone","HornCleat","InkBottle","Mark of Pain","Medical Kit","Centennial Puzzle","Peace Pipe","Nunchaku","Membership Card","Black Star","Sling","Juzu Bracelet","Shuriken","Vajra","Red Skull"],"acts_visited":["Exordium","TheCity","TheBeyond"],"potions_floor_usage":[11,12,24,33,33,42,42,48,50],"damage_taken":[{"damage":1,"enemies":"Cultist","floor":1,"turns":3},{"damage":2,"enemies":"2 Louse","floor":4,"turns":2},{"damage":2,"enemies":"Small Slimes","floor":5,"turns":5},{"damage":12,"enemies":"3 Louse","floor":10,"turns":4},{"damage":1,"enemies":"Exordium Thugs","floor":11,"turns":4},{"damage":0,"enemies":"Gremlin Nob","floor":12,"turns":2},{"damage":32,"enemies":"Slime Boss","floor":16,"turns":10},{"damage":0,"enemies":"Spheric Guardian","floor":18,"turns":3},{"damage":25,"enemies":"2 Thieves","floor":20,"turns":4},{"damage":2,"enemies":"Snecko","floor":22,"turns":4},{"damage":14,"enemies":"Gremlin Leader","floor":24,"turns":5},{"damage":3,"enemies":"Book of Stabbing","floor":27,"turns":5},{"damage":8,"enemies":"Snake Plant","floor":29,"turns":3},{"damage":0,"enemies":"Centurion and Healer","floor":31,"turns":5},{"damage":52,"enemies":"Collector","floor":33,"turns":8},{"damage":15,"enemies":"Orb Walker","floor":35,"turns":4},{"damage":12,"enemies":"3 Shapes","floor":36,"turns":3},{"damage":5,"enemies":"Writhing Mass","floor":37,"turns":4},{"damage":24,"enemies":"Transient","floor":39,"turns":5},{"damage":15,"enemies":"Spire Growth","floor":41,"turns":4},{"damage":65,"enemies":"Giant Head","floor":42,"turns":9},{"damage":11,"enemies":"Writhing Mass","floor":48,"turns":4},{"damage":91,"enemies":"Donu and Deca","floor":50,"turns":8}],"seed_played":"7605013063395138108","potions_obtained":[{"floor":1,"key":"SteroidPotion"},{"floor":5,"key":"Block Potion"},{"floor":16,"key":"BloodPotion"},{"floor":20,"key":"LiquidBronze"},{"floor":24,"key":"Strength Potion"},{"floor":27,"key":"SkillPotion"},{"floor":36,"key":"SpeedPotion"},{"floor":37,"key":"FearPotion"},{"floor":48,"key":"SkillPotion"}],"is_trial":false,"path_per_floor":["M","T","$","M","M","R","?","R","T","M","M","E","?","?","R","B",null,"M","$","M","?","M","R","E","R","T","E","T","M","$","M","R","B",null,"M","M","M","$","M","R","M","E","T","R","?","?","?","M","R","B"],"character_chosen":"IRONCLAD","items_purchased":["Carnage","Medical Kit","Membership Card","Sling","Juzu Bracelet"],"campfire_rested":4,"item_purchase_floors":[3,19,30,38,38],"current_hp_per_floor":[61,61,61,65,69,69,69,69,69,63,68,74,74,74,74,48,80,80,80,61,55,59,80,72,72,72,75,75,73,73,79,79,33,80,71,65,66,66,48,72,63,20,20,44,64,64,64,59,80,0,0],"gold":146,"neow_bonus":"THREE_RARE_CARDS","is_daily":false,"chose_seed":false,"campfire_upgraded":3,"win_rate":0.0,"timestamp":1608906745,"path_taken":["M","?","$","M","M","R","?","R","T","M","?","E","?","?","R","BOSS","M","$","M","?","M","R","E","R","T","E","?","M","$","M","R","BOSS","M","M","M","$","M","R","M","E","T","R","?","?","?","M","R","BOSS"],"items_purchased_type":["Card","Relic","Relic","Relic","Relic"],"build_version":"2020-12-22","purchased_purges":1,"victory":false,"max_hp_per_floor":[80,80,80,80,80,80,80,80,80,80,80,80,80,80,80,80,80,80,80,80,80,80,80,80,80,80,80,80,80,80,80,80,80,80,80,80,80,80,80,80,80,80,80,80,80,80,80,80,80,80,80],"card_choices":[{"not_picked":["Reaper","Demon Form"],"picked":"Double Tap","floor":0},{"not_picked":["Infernal Blade","Headbutt","Havoc"],"picked":"SKIP","floor":1},{"not_picked":["Seeing Red","Sentinel","Pommel Strike"],"picked":"SKIP","floor":4},{"not_picked":["Perfected Strike","Thunderclap"],"picked":"Shrug It Off","floor":5},{"not_picked":["Blood for Blood","Uppercut"],"picked":"Pommel Strike","floor":10},{"not_picked":["Sword Boomerang","Disarm","Wild Strike"],"picked":"SKIP","floor":11},{"not_picked":["Warcry","Clothesline","Iron Wave"],"picked":"SKIP","floor":12},{"not_picked":["Exhume","Bludgeon"],"picked":"Juggernaut","floor":16},{"not_picked":["Flex","Havoc+1"],"picked":"Rage","floor":18},{"not_picked":["Warcry","Rupture+1"],"picked":"Rampage","floor":20},{"not_picked":["Combust","Power Through"],"picked":"Shrug It Off+1","floor":22},{"not_picked":["True Grit","Thunderclap+1"],"picked":"Metallicize","floor":24},{"not_picked":["Sword Boomerang","Whirlwind","Battle Trance"],"picked":"SKIP","floor":27},{"not_picked":["Whirlwind","Flex","True Grit"],"picked":"SKIP","floor":29},{"not_picked":["Pommel Strike","Flex","Ghostly Armor+1"],"picked":"SKIP","floor":31},{"not_picked":["Disarm+1","Sword Boomerang+1","Hemokinesis"],"picked":"SKIP","floor":35},{"not_picked":["Shockwave+1","Body Slam","Thunderclap+1"],"picked":"SKIP","floor":36},{"not_picked":["Clothesline","Whirlwind+1","Heavy Blade"],"picked":"SKIP","floor":37},{"not_picked":["Heavy Blade+1","Sword Boomerang"],"picked":"Power Through","floor":39},{"not_picked":["Body Slam+1","Thunderclap","Shrug It Off"],"picked":"SKIP","floor":41},{"not_picked":["Evolve","Whirlwind","Combust"],"picked":"SKIP","floor":42},{"not_picked":["Uppercut","Anger+1","Wild Strike"],"picked":"SKIP","floor":48}],"player_experience":407849,"relics_obtained":[{"floor":2,"key":"Whetstone"},{"floor":9,"key":"HornCleat"},{"floor":12,"key":"InkBottle"},{"floor":24,"key":"Centennial Puzzle"},{"floor":27,"key":"Peace Pipe"},{"floor":28,"key":"Nunchaku"},{"floor":42,"key":"Shuriken"},{"floor":42,"key":"Vajra"},{"floor":43,"key":"Red Skull"}],"event_choices":[{"damage_healed":0,"gold_gain":0,"player_choice":"Ignored","damage_taken":0,"max_hp_gain":0,"max_hp_loss":0,"event_name":"NoteForYourself","floor":7,"gold_loss":0},{"cards_removed":["Defend_R"],"damage_healed":0,"gold_gain":0,"player_choice":"Forget","damage_taken":0,"max_hp_gain":0,"max_hp_loss":0,"event_name":"Living Wall","floor":13,"gold_loss":0},{"damage_healed":0,"gold_gain":0,"player_choice":"Left Gold","damage_taken":0,"max_hp_gain":0,"max_hp_loss":0,"event_name":"World of Goop","floor":14,"gold_loss":29},{"damage_healed":0,"gold_gain":0,"player_choice":"Joined the Cult","damage_taken":6,"max_hp_gain":0,"max_hp_loss":0,"event_name":"Nest","floor":21,"gold_loss":0,"cards_obtained":["RitualDagger"]},{"damage_healed":20,"gold_gain":0,"player_choice":"Writhe","damage_taken":0,"max_hp_gain":0,"max_hp_loss":0,"event_name":"Winding Halls","floor":45,"gold_loss":0,"cards_obtained":["Writhe"]},{"cards_removed":["Writhe"],"damage_healed":0,"gold_gain":0,"player_choice":"Upgrade and Remove","damage_taken":0,"max_hp_gain":0,"max_hp_loss":0,"event_name":"Designer","floor":46,"gold_loss":90,"cards_upgraded":["Pommel Strike"]},{"damage_healed":0,"gold_gain":100,"player_choice":"Pray","damage_taken":0,"max_hp_gain":0,"max_hp_loss":0,"event_name":"Golden Shrine","floor":47,"gold_loss":0}],"is_beta":false,"boss_relics":[{"not_picked":["Calling Bell","SacredBark"],"picked":"Mark of Pain"},{"not_picked":["Snecko Eye","SlaversCollar"],"picked":"Black Star"}],"items_purged_floors":[3],"is_endless":false,"potions_floor_spawned":[1,5,16,20,24,27,36,37,48],"killed_by":"Donu and Deca","ascension_level":0}}