{"host":"uyrebrj0204enqpc","time":1608918780,"event":{"mods":["BaseMod","Block Reminder","Challenge The Spire","Colored Map","Colored Powertips","DeckTracker","Downfall","GifTheSpireLib","HexUI Lib","Highlight Path","Hubris","Minty Spire (QoL Compilation)","Quick Restart","Random Character Button","Relic Stats","Replay The Spire","Shop Mod","StSLib","The Blue Laboratory","The Bug Knight","The Cursed"],"gold_per_floor":[117,117,117,132,145,145,165,165,165,165,182,208,221,253,253,351,351,361,46,46,63,63,92,92,111,111,111,65,75,75,75,75,178,178,188,188,242,242,284,284,317,417,417,463,473,322,372,446,446,462],"floor_reached":51,"playtime":4123,"items_purged":[],"score":878,"play_id":"7a0a4b51-2ce5-469a-82c2-f15c2039557c","local_time":"20201225125300","is_ascension_mode":false,"campfire_choices":[{"data":"sneckomod:Unknown0Cost","floor":6.0,"key":"SMITH"},{"data":"sneckomod:Unknown","floor":8.0,"key":"SMITH"},{"data":"sneckomod:Unknown","floor":10.0,"key":"SMITH"},{"floor":15.0,"key":"REST"},{"floor":24.0,"key":"REST"},{"data":"sneckomod:UnknownColorless","floor":32.0,"key":"SMITH"},{"data":"sneckomod:DiceBlock","floor":40.0,"key":"SMITH"},{"data":"sneckomod:DiceBoulder+1","floor":49.0,"key":"SMITH"}],"circlet_count":0,"master_deck":["sneckomod:SnekBite","sneckomod:Unknown+1","sneckomod:Unknown+1","sneckomod:MasterEye","sneckomod:Unknown0Cost+1","sneckomod:DiceCrush","sneckomod:DiceCrush","sneckomod:UnknownClassTHE_CHAMP_GRAY","sneckomod:QuickMove","sneckomod:UnknownClassGUARDIAN","sneckomod:DiceCrush","sneckomod:UnknownRareSkill+1","sneckomod:UnknownBlock+1","sneckomod:UnknownEthereal","sneckomod:UnknownEthereal","sneckomod:TrashToTreasure","sneckomod:UnknownRareSkill+1","sneckomod:UnknownX","sneckomod:UnknownClassTHE_CHAMP_GRAY","sneckomod:UnknownColorless+1","sneckomod:UnknownClassGUARDIAN","sneckomod:UnknownUncommonAttack","sneckomod:DiceBlock+1","sneckomod:UnlimitedRolls+1","sneckomod:SnakeSap+1","sneckomod:MasterEye+1","sneckomod:CheapStock+1","ReplayTheSpireMod:Faulty Equipment","sneckomod:DiceBoulder+2","Decay","hubris:Despair","CommonCold"],"relics":["sneckomod:SneckoSoul","Odd Mushroom","ReplayTheSpireMod:Shallot","Iron Hammer","Calipers","hubris:VirtuousBlindfold","Replay:Ringing Soul","hubris:TenFootPole","Eternal Feather","hubris:BottledHeart","sneckomod:BabySnecko","Replay:Bottled Eggs","Replay:Grab Bag","Coffee Dripper","ChewingGum","Black Star","Replay:Drink Me","FossilizedHelix","StrikeDummy","ReplayFunnel","Pet Ghost","Medical Kit","ReplayTheSpireMod:Ring of Challenge","Ring of Greed","Golden Idol","Replay:Bandana"],"acts_visited":["Exordium","TheCity","TheBeyond"],"potions_floor_usage":[50,50],"damage_taken":[{"damage":6.0,"enemies":"Jaw Worm","floor":1.0,"turns":3.0},{"damage":9.0,"enemies":"2 Louse","floor":4.0,"turns":3.0},{"damage":6.0,"enemies":"Cultist","floor":5.0,"turns":3.0},{"damage":36.0,"enemies":"The Mushroom Lair","floor":7.0,"turns":5.0},{"damage":0.0,"enemies":"Looter","floor":11.0,"turns":4.0},{"damage":0.0,"enemies":"HollowMod:MossKnight","floor":12.0,"turns":4.0},{"damage":0.0,"enemies":"Large Slime","floor":13.0,"turns":5.0},{"damage":8.0,"enemies":"Gremlin Nob","floor":14.0,"turns":4.0},{"damage":51.0,"enemies":"Slime Boss","floor":16.0,"turns":11.0},{"damage":33.0,"enemies":"3 Byrds","floor":18.0,"turns":5.0},{"damage":6.0,"enemies":"Shell Parasite","floor":21.0,"turns":5.0},{"damage":51.0,"enemies":"Slavers","floor":23.0,"turns":7.0},{"damage":16.0,"enemies":"Centurion and Healer","floor":25.0,"turns":3.0},{"damage":0.0,"enemies":"Snake Plant","floor":29.0,"turns":3.0},{"damage":0.0,"enemies":"Champ","floor":33.0,"turns":12.0},{"damage":0.0,"enemies":"3 Darklings","floor":35.0,"turns":4.0},{"damage":0.0,"enemies":"2 Orb Walkers","floor":37.0,"turns":6.0},{"damage":0.0,"enemies":"3 Shapes","floor":39.0,"turns":4.0},{"damage":0.0,"enemies":"Reptomancer","floor":41.0,"turns":6.0},{"damage":0.0,"enemies":"Maw","floor":44.0,"turns":6.0},{"damage":0.0,"enemies":"Transient","floor":45.0,"turns":5.0},{"damage":0.0,"enemies":"Jaw Worm Horde","floor":48.0,"turns":8.0},{"damage":0,"enemies":"Donu and Deca","floor":50,"turns":7}],"seed_played":"-5461460004943212767","potions_obtained":[{"floor":1.0,"key":"LiquidMemories"},{"floor":12.0,"key":"Guardian:BlockOnCardUsePotion"},{"floor":13.0,"key":"blueLaboratory:BottleOfRum"},{"floor":14.0,"key":"Block Potion"},{"floor":18.0,"key":"Block Potion"},{"floor":23.0,"key":"Doom Potion"},{"floor":29.0,"key":"blueLaboratory:FruitPreserves"},{"floor":33.0,"key":"sneckomod:DiceRollPotion"},{"floor":35.0,"key":"SteroidPotion"},{"floor":44.0,"key":"GamblersBrew"},{"floor":48.0,"key":"Strength Potion"}],"is_trial":false,"path_per_floor":["M","?","?","M","M","R","?","R","T","R","M","E","M","E","R","B",null,"M","$","?","M","?","E","R","M","T","?","$","M","?","T","R","B",null,"M","?","?","?","M","R","E","?","T","M","M","$","?","M","R","B",null],"character_chosen":"THE_SNECKO","items_purchased":["Replay:Ringing Soul","sneckomod:UnknownEthereal","sneckomod:DiceBlock","Medical Kit"],"campfire_rested":2,"item_purchase_floors":[19,19,28,46],"current_hp_per_floor":[93,86,86,78,72,72,36,36,36,36,37,37,38,30,60,10,103,71,76,80,85,91,48,86,89,89,1,1,1,1,1,1,1,1,1,1,1,1,1,1,1,1,1,1,1,1,1,1,1,1],"gold":462,"neow_bonus":"TEN_PERCENT_HP_BONUS","is_daily":false,"chose_seed":false,"campfire_upgraded":6,"win_rate":0.0,"timestamp":1608918780,"path_taken":["M","?","?","M","?","R","?","R","T","R","M","E","M","E","R","BOSS","M","$","?","M","?","E","R","M","T","?","?","M","?","?","R","BOSS","M","?","?","?","?","R","E","?","T","M","?","$","?","M","R","BOSS"],"items_purchased_type":["Relic","Card","Card","Relic"],"build_version":"2020-12-22","purchased_purges":0,"victory":true,"max_hp_per_floor":[99,99,99,100,100,100,100,100,100,100,101,101,102,102,102,103,103,104,109,113,117,123,127,127,131,131,1,1,1,1,1,1,1,1,1,1,1,1,1,1,1,1,1,1,1,1,1,1,1,1],"relic_stats":{"counters":[23,123],"Golden Idol":28,"Eternal Feather":0,"Black Star":1,"Medical Kit":[0],"obtain_stats":[{"ReplayFunnel":41,"Calipers":14,"hubris:VirtuousBlindfold":17,"sneckomod:SneckoSoul":0,"Pet Ghost":43,"Replay:Ringing Soul":19,"Replay:Bandana":47,"Iron Hammer":12,"Replay:Bottled Eggs":31,"Replay:Drink Me":34,"Golden Idol":47,"Replay:Grab Bag":34,"Eternal Feather":26,"Ring of Greed":47,"Odd Mushroom":7,"Medical Kit":46,"sneckomod:BabySnecko":30,"ReplayTheSpireMod:Shallot":9,"hubris:BottledHeart":27,"ChewingGum":34,"hubris:TenFootPole":23,"Coffee Dripper":34,"Black Star":34,"ReplayTheSpireMod:Ring of Challenge":47,"StrikeDummy":41,"FossilizedHelix":37},{"ReplayFunnel":19,"Calipers":8,"hubris:VirtuousBlindfold":9,"sneckomod:SneckoSoul":0,"Pet Ghost":19,"Replay:Ringing Soul":10,"Replay:Bandana":21,"Iron Hammer":6,"Replay:Bottled Eggs":14,"Replay:Drink Me":15,"Golden Idol":21,"Replay:Grab Bag":15,"Eternal Feather":13,"Ring of Greed":21,"Odd Mushroom":4,"Medical Kit":21,"sneckomod:BabySnecko":14,"ReplayTheSpireMod:Shallot":4,"hubris:BottledHeart":13,"ChewingGum":15,"hubris:TenFootPole":12,"Coffee Dripper":15,"Black Star":15,"ReplayTheSpireMod:Ring of Challenge":21,"StrikeDummy":19,"FossilizedHelix":17},{"ReplayFunnel":97,"Calipers":31,"hubris:VirtuousBlindfold":42,"sneckomod:SneckoSoul":0,"Pet Ghost":97,"Replay:Ringing Soul":47,"Replay:Bandana":108,"Iron Hammer":22,"Replay:Bottled Eggs":65,"Replay:Drink Me":77,"Golden Idol":108,"Replay:Grab Bag":77,"Eternal Feather":62,"Ring of Greed":108,"Odd Mushroom":14,"Medical Kit":108,"sneckomod:BabySnecko":65,"ReplayTheSpireMod:Shallot":14,"hubris:BottledHeart":62,"ChewingGum":77,"hubris:TenFootPole":59,"Coffee Dripper":77,"Black Star":77,"ReplayTheSpireMod:Ring of Challenge":108,"StrikeDummy":97,"FossilizedHelix":87}]},"card_choices":[{"not_picked":["sneckomod:SoulDraw","sneckomod:Nope","sneckomod:RainOfDice"],"picked":"SKIP","floor":1.0},{"not_picked":["sneckomod:UnknownBlock","sneckomod:TrashToTreasure"],"picked":"sneckomod:Unknown0Cost","floor":4.0},{"not_picked":["sneckomod:Nope","sneckomod:ImprovisedAttack"],"picked":"sneckomod:DiceCrush","floor":5.0},{"not_picked":["sneckomod:DefensiveFlair","sneckomod:QuickBite"],"picked":"sneckomod:DiceCrush","floor":7.0},{"not_picked":["sneckomod:Nope","sneckomod:DefensiveFlair"],"picked":"sneckomod:UnknownClassTHE_CHAMP_GRAY","floor":11.0},{"not_picked":["sneckomod:DiceCrush","sneckomod:Mudshield"],"picked":"sneckomod:QuickMove","floor":12.0},{"not_picked":["sneckomod:UnknownCommonAttack","sneckomod:UnknownClassTHE_CHAMP_GRAY"],"picked":"sneckomod:UnknownClassGUARDIAN","floor":13.0},{"not_picked":["sneckomod:UnknownClassBLUE","sneckomod:UnknownClassTHE_CHAMP_GRAY"],"picked":"sneckomod:DiceCrush","floor":14.0},{"not_picked":["sneckomod:SoulExchange","sneckomod:UnknownRareAttack"],"picked":"sneckomod:UnknownRareSkill","floor":16.0},{"not_picked":["sneckomod:Nope","sneckomod:SlitherStrike+1"],"picked":"sneckomod:UnknownBlock+1","floor":18.0},{"not_picked":["sneckomod:UnknownCommonAttack","sneckomod:IronFang+1"],"picked":"sneckomod:UnknownX","floor":21.0},{"not_picked":["sneckomod:CheapStock","sneckomod:SoulDraw+1"],"picked":"sneckomod:UnknownUncommonAttack","floor":23.0},{"not_picked":["sneckomod:DiceBlock","sneckomod:CheapStock"],"picked":"sneckomod:UnknownVulnerable","floor":25.0},{"not_picked":["sneckomod:UnknownClassRED","sneckomod:QuickMove","sneckomod:ImprovisedGuard+1"],"picked":"SKIP","floor":29.0},{"not_picked":["sneckomod:SerpentMind","sneckomod:Mudshield"],"picked":"sneckomod:UnlimitedRolls","floor":33.0},{"not_picked":["sneckomod:UnknownCommonSkill","sneckomod:UnknownStrike+1"],"picked":"sneckomod:SnakeSap+1","floor":35.0},{"not_picked":["sneckomod:RainOfDice+1","sneckomod:IronFang+1"],"picked":"sneckomod:MasterEye+1","floor":37.0},{"not_picked":["sneckomod:QuickMove+1","sneckomod:WideSting+1","sneckomod:IronFang"],"picked":"SKIP","floor":39.0},{"not_picked":["sneckomod:Unknown1Cost+1","sneckomod:Nope"],"picked":"sneckomod:CheapStock+1","floor":41.0},{"not_picked":["sneckomod:UnlimitedRolls","sneckomod:IronFang","sneckomod:UnknownWeak+1"],"picked":"SKIP","floor":44.0},{"not_picked":["sneckomod:QuickMove+1","sneckomod:SoulRoll+1","sneckomod:SoulDraw"],"picked":"SKIP","floor":45.0},{"not_picked":["sneckomod:RainOfDice","sneckomod:Unknown0Cost"],"picked":"sneckomod:DiceBoulder+1","floor":48.0}],"player_experience":910380,"relics_obtained":[{"floor":7.0,"key":"Odd Mushroom"},{"floor":9.0,"key":"ReplayTheSpireMod:Shallot"},{"floor":12.0,"key":"Iron Hammer"},{"floor":14.0,"key":"Calipers"},{"floor":23.0,"key":"hubris:TenFootPole"},{"floor":26.0,"key":"Eternal Feather"},{"floor":31.0,"key":"Replay:Bottled Eggs"},{"floor":37.0,"key":"FossilizedHelix"},{"floor":41.0,"key":"StrikeDummy"},{"floor":41.0,"key":"ReplayFunnel"},{"floor":43.0,"key":"Pet Ghost"},{"floor":47.0,"key":"ReplayTheSpireMod:Ring of Challenge"},{"floor":47.0,"key":"Ring of Greed"},{"floor":47.0,"key":"Golden Idol"},{"floor":47.0,"key":"Replay:Bandana"}],"event_choices":[{"cards_removed":["sneckomod:Defend"],"damage_healed":0.0,"max_hp_gain":0.0,"max_hp_loss":0.0,"gold_gain":0.0,"event_name":"Golden Wing","player_choice":"Card Removal","floor":2.0,"gold_loss":0.0,"damage_taken":7.0},{"damage_healed":0.0,"max_hp_gain":0.0,"max_hp_loss":0.0,"gold_gain":0.0,"event_name":"Match and Keep!","player_choice":"1 cards matched","floor":3.0,"gold_loss":0.0,"damage_taken":0.0,"cards_obtained":["sneckomod:MasterEye"]},{"damage_healed":0.0,"max_hp_gain":0.0,"max_hp_loss":0.0,"gold_gain":0.0,"event_name":"Mushrooms","player_choice":"Fought Mushrooms","floor":7.0,"gold_loss":0.0,"damage_taken":0.0},{"damage_healed":0.0,"max_hp_gain":0.0,"max_hp_loss":0.0,"gold_gain":0.0,"cards_transformed":["sneckomod:Strike","sneckomod:Strike"],"event_name":"Drug Dealer","player_choice":"Became Test Subject","floor":20.0,"gold_loss":0.0,"damage_taken":0.0,"cards_obtained":["sneckomod:TrashToTreasure","sneckomod:UnknownRareSkill"]},{"damage_healed":0.0,"max_hp_gain":0.0,"max_hp_loss":0.0,"gold_gain":0.0,"event_name":"Winding Halls","player_choice":"Max HP","floor":36.0,"gold_loss":0.0,"damage_taken":0.0},{"damage_healed":0.0,"max_hp_gain":0.0,"max_hp_loss":0.0,"gold_gain":0.0,"event_name":"Mysterious Sphere","player_choice":"Fight","floor":37.0,"gold_loss":0.0,"damage_taken":0.0},{"damage_healed":0.0,"max_hp_gain":0.0,"max_hp_loss":0.0,"gold_gain":100.0,"event_name":"Golden Shrine","player_choice":"Pray","floor":42.0,"gold_loss":0.0,"damage_taken":0.0}],"is_beta":false,"boss_relics":[{"not_picked":["SacredBark","hubris:Stopwatch"],"picked":"hubris:VirtuousBlindfold"},{"not_picked":["hubris:GrandSneckoEye","Pandora\u0027s Box"],"picked":"Replay:Grab Bag"},{"not_picked":["hubris:RunicObelisk","hubris:TerracottaHorce"],"picked":"Coffee Dripper"},{"not_picked":["Philosopher\u0027s Stone","Replay:Wanted Poster"],"picked":"ChewingGum"},{"not_picked":["hubris:HollowSoul","Runic Pyramid"],"picked":"Black Star"},{"not_picked":["hubris:Backtick","hubris:BlackHole"],"picked":"Replay:Drink Me"}],"items_purged_floors":[],"is_endless":false,"potions_floor_spawned":[1,12,13,14,18,23,29,35,41,44,48],"ascension_level":0}}