{"host":"e4wnmsyty9uvvtwf","time":1608900844,"event":{"mods":["Aspiration","BaseMod","Colored Map","Colored Powertips","Marisa£®ÏF”Í°°ƒß¿Ì…≥£©","Minty Spire (QoL Compilation)","Rare Cards Sparkle","Replay The Spire","StSLib"],"gold_per_floor":[115,125,138,138,138,138,95,95,141,155,165,165,179,206,206,206,206],"floor_reached":16,"playtime":428,"items_purged":[],"score":194,"play_id":"6d4c8b8f-7d52-4ae6-9844-183611e08433","local_time":"20201225205404","is_ascension_mode":true,"campfire_choices":[{"data":"Uppercut","floor":6,"key":"SMITH"},{"data":"Rage","floor":8,"key":"SMITH"},{"data":"Cleave","floor":12,"key":"SMITH"},{"data":"Replay:Undeath\u0027s Touch","floor":15,"key":"SMITH"}],"circlet_count":0,"master_deck":["AscendersBane","Strike_R","Strike_R","Strike_R","Strike_R","Defend_R","Defend_R","Defend_R","Bash","Rage+1","Shrug It Off","Cleave+1","Uppercut+1","Armaments+1","Replay:Undeath\u0027s Touch+1"],"relics":["Burning Blood","ReplayFunnel","Ancient Tea Set","King of Hearts"],"acts_visited":[],"potions_floor_usage":[14,16],"damage_taken":[{"damage":3,"enemies":"2 Louse","floor":1,"turns":3},{"damage":2,"enemies":"Jaw Worm","floor":2,"turns":6},{"damage":0,"enemies":"Small Slimes","floor":3,"turns":4},{"damage":18,"enemies":"Exordium Thugs","floor":10,"turns":8},{"damage":11,"enemies":"Lots of Slimes","floor":11,"turns":4},{"damage":0,"enemies":"Blue Slaver","floor":13,"turns":2},{"damage":20,"enemies":"Lagavulin","floor":14,"turns":6},{"damage":11,"enemies":"Slime Boss","floor":16,"turns":6}],"seed_played":"-6146592532387724761","potions_obtained":[{"floor":3,"key":"Venom Potion"},{"floor":11,"key":"GamblersBrew"},{"floor":14,"key":"LifebloodPotion"}],"is_trial":false,"path_per_floor":["M","M","M","?","?","R","$","R","T","M","M","R","M","E","R","B"],"character_chosen":"IRONCLAD","items_purchased":["Armaments+1"],"campfire_rested":0,"item_purchase_floors":[7],"current_hp_per_floor":[71,75,75,75,75,75,75,75,75,63,58,58,64,50,50,39,39],"gold":206,"neow_bonus":"RANDOM_COMMON_RELIC","is_daily":false,"chose_seed":false,"campfire_upgraded":4,"win_rate":0.0,"timestamp":1608900844,"path_taken":["M","M","M","?","?","R","$","R","T","M","M","R","M","E","R","BOSS"],"items_purchased_type":["Card"],"build_version":"2020-12-22","purchased_purges":0,"victory":false,"max_hp_per_floor":[75,75,75,75,75,75,75,75,75,75,75,75,75,75,75,75,75],"card_choices":[{"not_picked":["Heavy Blade","Disarm"],"picked":"Rage","floor":1},{"not_picked":["Heavy Blade","True Grit"],"picked":"Shrug It Off","floor":2},{"not_picked":["Perfected Strike","Havoc"],"picked":"Cleave","floor":3},{"not_picked":["Sever Soul","Warcry","Headbutt"],"picked":"SKIP","floor":10},{"not_picked":["Clash","Blood for Blood","ReplayReversal"],"picked":"SKIP","floor":11},{"not_picked":["ReplayTheSpireMod:Strike From Hell","Armaments","Havoc"],"picked":"SKIP","floor":13},{"not_picked":["Life Link","Corruption"],"picked":"Replay:Undeath\u0027s Touch","floor":14}],"player_experience":646524,"relics_obtained":[{"floor":9,"key":"Ancient Tea Set"},{"floor":14,"key":"King of Hearts"}],"event_choices":[{"damage_healed":0,"gold_gain":0,"cards_transformed":["Strike_R"],"player_choice":"Change","damage_taken":0,"max_hp_gain":0,"max_hp_loss":0,"event_name":"Living Wall","floor":4,"gold_loss":0,"cards_obtained":["Uppercut"]}],"is_beta":false,"boss_relics":[],"items_purged_floors":[],"is_endless":false,"potions_floor_spawned":[3,11,14],"killed_by":"Slime Boss","ascension_level":18}}