{"host":"3a1ypf1irl30q4k8","time":1608900432,"event":{"mods":["AchievementEnabler","BaseMod","Bestiary","Colored Map","Minty Spire (QoL Compilation)","Relic Stats"],"gold_per_floor":[119,135,148,148,166,166,198,198,221,239,265,275,275,285,285,285,285],"floor_reached":16,"playtime":697,"items_purged":[],"score":200,"play_id":"fadf3f04-5032-48d9-a357-66c728d0aeb3","local_time":"20201225124712","is_ascension_mode":true,"campfire_choices":[{"data":"Whirlwind","floor":6,"key":"SMITH"},{"floor":8,"key":"REST"},{"data":"Entrench","floor":15,"key":"SMITH"}],"circlet_count":0,"master_deck":["AscendersBane","Strike_R","Strike_R+1","Strike_R","Strike_R","Strike_R","Defend_R","Defend_R","Defend_R","Defend_R","Bash","Bludgeon","Warcry","Intimidate","Anger+1","Whirlwind+1","Hemokinesis","Spot Weakness","Burning Pact","Feed","Entrench+1"],"relics":["Burning Blood","Red Skull","Whetstone","Vajra"],"acts_visited":["Exordium"],"potions_floor_usage":[7,16],"damage_taken":[{"damage":3,"enemies":"Cultist","floor":1,"turns":3},{"damage":6,"enemies":"Small Slimes","floor":2,"turns":3},{"damage":3,"enemies":"2 Louse","floor":3,"turns":3},{"damage":33,"enemies":"Lots of Slimes","floor":5,"turns":6},{"damage":8,"enemies":"Gremlin Nob","floor":7,"turns":3},{"damage":0,"enemies":"3 Louse","floor":10,"turns":1},{"damage":37,"enemies":"Lagavulin","floor":11,"turns":6},{"damage":14,"enemies":"Red Slaver","floor":12,"turns":2},{"damage":0,"enemies":"Large Slime","floor":14,"turns":2},{"damage":49,"enemies":"The Guardian","floor":16,"turns":4}],"seed_played":"-6794859271439161090","potions_obtained":[{"floor":3,"key":"Ancient Potion"},{"floor":5,"key":"GamblersBrew"},{"floor":7,"key":"Regen Potion"}],"is_trial":false,"path_per_floor":["M","M","M","?","M","R","E","R","T","M","E","M","?","M","R","B"],"character_chosen":"IRONCLAD","items_purchased":[],"campfire_rested":1,"item_purchase_floors":[],"current_hp_per_floor":[71,71,74,67,40,40,38,60,60,66,35,27,27,33,33,0,0],"gold":285,"neow_bonus":"THREE_RARE_CARDS","is_daily":false,"chose_seed":false,"campfire_upgraded":2,"win_rate":0.0,"timestamp":1608900432,"path_taken":["M","M","M","?","M","R","E","R","T","M","E","M","?","M","R","BOSS"],"items_purchased_type":[],"build_version":"2020-12-22","purchased_purges":0,"victory":false,"max_hp_per_floor":[75,75,75,75,75,75,75,75,75,75,75,75,75,75,75,75,75],"relic_stats":{"counters":[10,33],"Whetstone":["Anger","Strike_R"],"obtain_stats":[{"Vajra":11,"Whetstone":9,"Burning Blood":0,"Red Skull":7},{"Vajra":7,"Whetstone":5,"Burning Blood":0,"Red Skull":5},{"Vajra":25,"Whetstone":18,"Burning Blood":0,"Red Skull":18}],"Burning Blood":54},"card_choices":[{"not_picked":["Reaper","Limit Break"],"picked":"Bludgeon","floor":0},{"not_picked":["Thunderclap","Flex"],"picked":"Warcry","floor":1},{"not_picked":["Heavy Blade","Sentinel"],"picked":"Intimidate","floor":2},{"not_picked":["Perfected Strike","Flex"],"picked":"Anger","floor":3},{"not_picked":["Shrug It Off","Thunderclap"],"picked":"Whirlwind","floor":5},{"not_picked":["Sentinel","Whirlwind"],"picked":"Hemokinesis","floor":7},{"not_picked":["Infernal Blade","Wild Strike"],"picked":"Spot Weakness","floor":10},{"not_picked":["Warcry","Twin Strike"],"picked":"Burning Pact","floor":11},{"not_picked":["Rupture","Wild Strike"],"picked":"Feed","floor":12},{"not_picked":["Iron Wave","Cleave"],"picked":"Entrench","floor":14}],"player_experience":885728,"relics_obtained":[{"floor":7,"key":"Red Skull"},{"floor":9,"key":"Whetstone"},{"floor":11,"key":"Vajra"}],"event_choices":[{"cards_removed":["Regret"],"damage_healed":0,"gold_gain":0,"player_choice":"Card Removal","damage_taken":7,"max_hp_gain":0,"max_hp_loss":0,"event_name":"Golden Wing","floor":4,"gold_loss":0},{"damage_healed":0,"gold_gain":0,"player_choice":"Leave","damage_taken":0,"max_hp_gain":0,"max_hp_loss":0,"event_name":"FaceTrader","floor":13,"gold_loss":0}],"is_beta":false,"boss_relics":[],"items_purged_floors":[],"is_endless":false,"potions_floor_spawned":[3,5,7,12,14],"killed_by":"The Guardian","ascension_level":15}}