{"host":"q5586ea2nrmr4nty","time":1608878654,"event":{"mods":["AchievementEnabler","BaseMod","Colored Map","Colored Powertips","Custom Start","Friendly Minions","Highlight Path","Minty Spire (QoL Compilation)","Quick Restart","StSLib","SuperFastMode"],"gold_per_floor":[18,18,36,49,66,66,92,92,141,167,182,182,147,161,161,257,257,270,304,36,0,0],"floor_reached":21,"playtime":2033,"items_purged":[],"score":198,"play_id":"778e083b-701f-4546-b424-6a3c334594f4","local_time":"20201225174414","is_ascension_mode":true,"campfire_choices":[{"data":"Creative AI","floor":6,"key":"SMITH"},{"floor":8,"key":"REST"},{"floor":12,"key":"REST"},{"data":"Fission","floor":15,"key":"SMITH"}],"circlet_count":0,"master_deck":["Strike_B","Strike_B","Strike_B","Defend_B","Defend_B","Defend_B","Defend_B","Zap","Dualcast","Core Surge","Consume","Creative AI+1","Coolheaded","Auto Shields","Ball Lightning","Fission+1","Defragment","Turbo","Creative AI","Chaos","Stack","Leap"],"relics":["Cracked Core","Letter Opener","Vajra","Nunchaku","Sozu","Red Mask","Pear"],"acts_visited":["Exordium","TheCity"],"potions_floor_usage":[10,10,10,16],"damage_taken":[{"damage":0,"enemies":"Small Slimes","floor":1,"turns":2},{"damage":1,"enemies":"Cultist","floor":3,"turns":3},{"damage":0,"enemies":"2 Louse","floor":4,"turns":1},{"damage":21,"enemies":"Exordium Thugs","floor":5,"turns":8},{"damage":27,"enemies":"Lagavulin","floor":7,"turns":9},{"damage":16,"enemies":"Gremlin Nob","floor":10,"turns":3},{"damage":4,"enemies":"2 Fungi Beasts","floor":11,"turns":3},{"damage":2,"enemies":"Red Slaver","floor":14,"turns":3},{"damage":20,"enemies":"Hexaghost","floor":16,"turns":10},{"damage":11,"enemies":"Spheric Guardian","floor":18,"turns":4},{"damage":63,"enemies":"Masked Bandits","floor":19,"turns":6},{"damage":13,"enemies":"2 Thieves","floor":21,"turns":2}],"seed_played":"-6519348995710534595","potions_obtained":[{"floor":1,"key":"CultistPotion"},{"floor":4,"key":"GamblersBrew"},{"floor":5,"key":"Swift Potion"},{"floor":14,"key":"AttackPotion"}],"is_trial":false,"path_per_floor":["M","?","M","M","M","R","E","R","T","E","M","R","?","M","R","B",null,"M","?","$","M"],"character_chosen":"DEFECT","items_purchased":["Pear","Leap"],"campfire_rested":2,"item_purchase_floors":[20,20],"current_hp_per_floor":[75,75,74,74,53,53,26,48,48,32,28,50,68,66,66,46,75,64,1,11,0,0],"gold":0,"neow_bonus":"THREE_RARE_CARDS","is_daily":false,"chose_seed":false,"campfire_upgraded":2,"win_rate":0.0,"timestamp":1608878654,"path_taken":["M","?","M","?","M","R","E","R","T","E","M","R","?","M","R","BOSS","M","?","?","M"],"items_purchased_type":["Relic","Card"],"build_version":"2020-12-22","purchased_purges":0,"victory":false,"max_hp_per_floor":[75,75,75,75,75,75,75,75,75,75,75,75,75,75,75,75,75,75,75,85,85,85],"card_choices":[{"not_picked":["Machine Learning","Buffer"],"picked":"Core Surge","floor":0},{"not_picked":["Leap","Ball Lightning"],"picked":"Consume","floor":1},{"not_picked":["Compile Driver","Hello World"],"picked":"Creative AI","floor":3},{"not_picked":["Compile Driver","Steam"],"picked":"Coolheaded","floor":4},{"not_picked":["Compile Driver","Redo"],"picked":"Auto Shields","floor":5},{"not_picked":["Streamline","Compile Driver"],"picked":"Ball Lightning","floor":7},{"not_picked":["Conserve Battery","Seek"],"picked":"Fission","floor":10},{"not_picked":["Barrage","Double Energy"],"picked":"Defragment","floor":11},{"not_picked":["Leap","Beam Cell"],"picked":"Turbo","floor":14},{"not_picked":["Biased Cognition","Rainbow"],"picked":"Creative AI","floor":16},{"not_picked":["Steam Power+1","Recycle"],"picked":"Chaos","floor":18},{"not_picked":["Redo","Ball Lightning"],"picked":"Stack","floor":19}],"player_experience":104383,"relics_obtained":[{"floor":7,"key":"Letter Opener"},{"floor":9,"key":"Vajra"},{"floor":10,"key":"Nunchaku"},{"floor":19,"key":"Red Mask"}],"event_choices":[{"cards_removed":["Strike_B"],"damage_healed":0,"gold_gain":0,"player_choice":"Purged","damage_taken":0,"max_hp_gain":0,"max_hp_loss":0,"event_name":"Purifier","floor":2,"gold_loss":0},{"damage_healed":18,"gold_gain":0,"player_choice":"Healed","damage_taken":0,"max_hp_gain":0,"max_hp_loss":0,"event_name":"The Cleric","floor":13,"gold_loss":35},{"damage_healed":0,"gold_gain":0,"player_choice":"Fought Bandits","damage_taken":0,"max_hp_gain":0,"max_hp_loss":0,"event_name":"Masked Bandits","floor":19,"gold_loss":0}],"is_beta":false,"boss_relics":[{"not_picked":["SlaversCollar","Empty Cage"],"picked":"Sozu"}],"items_purged_floors":[],"is_endless":false,"potions_floor_spawned":[1,4,5,14,18],"killed_by":"2 Thieves","ascension_level":1}}