{"host":"uae2ry9d6rl7cq98","time":1608860952,"event":{"mods":["AchievementEnabler","BaseMod","BetterRewards","Colored Map","Custom Start","Hermit","Hubris","Infinite Spire","Minty Spire (QoL Compilation)","Replay The Spire","Shop Mod","StSLib","SuperFastMode","The Animator","The Hierophant","The Servant 0.9.4"],"gold_per_floor":[118,136,411,425,425,751,128,128,128,128,128,146,146,158,158,261,261,277,277],"floor_reached":18,"playtime":491,"items_purged":["Regret"],"score":162,"play_id":"d89f41b8-b770-49d7-9431-701e3df38360","local_time":"20201224174912","is_ascension_mode":false,"campfire_choices":[{"data":"Barrage","floor":8,"key":"SMITH"},{"data":"Sweeping Beam","floor":10,"key":"SMITH"},{"floor":13,"key":"REST"},{"data":"Chaos","floor":15,"key":"SMITH"}],"circlet_count":0,"master_deck":["Strike_B","Strike_B","Strike_B","Strike_B","Defend_B","Defend_B","Defend_B","Defend_B","Zap+1","Dualcast","Barrage+1","Double Energy+1","Sweeping Beam+1","ReplayTheSpireMod:GoodbyeWorld+1","Streamline","Chaos+1","ReplayRNGCard","Scrape"],"relics":["Cracked Core","NeowsBlessing","Old Coin","hubris:OldNail","hubris:RGBLights","Guide Book","Mercury Hourglass","Velvet Choker"],"acts_visited":["Exordium","TheCity"],"potions_floor_usage":[],"damage_taken":[{"damage":0,"enemies":"Small Slimes","floor":1,"turns":1},{"damage":0,"enemies":"Cultist","floor":2,"turns":1},{"damage":0,"enemies":"2 Louse","floor":4,"turns":1},{"damage":41,"enemies":"Lagavulin","floor":6,"turns":6},{"damage":19,"enemies":"Blue Slaver","floor":12,"turns":3},{"damage":5,"enemies":"Looter","floor":14,"turns":3},{"damage":21,"enemies":"Slime Boss","floor":16,"turns":7},{"damage":26,"enemies":"Spheric Guardian","floor":18,"turns":5}],"seed_played":"-3958746178157925874","potions_obtained":[{"floor":4,"key":"ColorlessPotion"},{"floor":12,"key":"FearPotion"},{"floor":18,"key":"Dexterity Potion"}],"is_trial":false,"path_per_floor":["M","M","?","M","?","E","$","R","T","R","?","M","R","M","R","B",null,"M"],"character_chosen":"DEFECT","items_purchased":["hubris:OldNail","hubris:RGBLights","Guide Book"],"campfire_rested":1,"item_purchase_floors":[7,7,7],"current_hp_per_floor":[75,75,75,75,75,34,34,34,34,34,34,15,37,32,32,11,75,49,49],"gold":277,"neow_bonus":"THREE_ENEMY_KILL","is_daily":false,"chose_seed":false,"campfire_upgraded":3,"win_rate":0.0,"timestamp":1608860952,"path_taken":["M","M","?","?","?","E","$","R","T","R","?","?","R","M","R","BOSS","M"],"items_purchased_type":["Relic","Relic","Relic"],"build_version":"2020-12-22","purchased_purges":1,"victory":false,"max_hp_per_floor":[75,75,75,75,75,75,75,75,75,75,75,75,75,75,75,75,75,75,75],"card_choices":[{"not_picked":["ReplayTheSpireMod:Calculation Training","Stack"],"picked":"Barrage","floor":1},{"not_picked":["FTL","Melter"],"picked":"Double Energy","floor":2},{"not_picked":["Stack","Hologram"],"picked":"Sweeping Beam","floor":4},{"not_picked":["Redo","Undo"],"picked":"ReplayTheSpireMod:GoodbyeWorld","floor":6},{"not_picked":["Coolheaded","ReplayTheSpireMod:Omega Cannon"],"picked":"Streamline","floor":12},{"not_picked":["Hologram","Heatsinks"],"picked":"Chaos","floor":14},{"not_picked":["Thunder Strike","Reboot"],"picked":"ReplayRNGCard","floor":16},{"not_picked":["Hologram+1","Turbo"],"picked":"Scrape","floor":18}],"player_experience":244594,"relics_obtained":[{"floor":6,"key":"Old Coin"},{"floor":9,"key":"Mercury Hourglass"}],"event_choices":[{"damage_healed":0,"gold_gain":275,"player_choice":"Desecrate","damage_taken":0,"max_hp_gain":0,"max_hp_loss":0,"event_name":"Golden Shrine","floor":3,"gold_loss":0,"cards_obtained":["Regret"]},{"damage_healed":0,"gold_gain":0,"player_choice":"Leave","damage_taken":0,"max_hp_gain":0,"max_hp_loss":0,"event_name":"The Cleric","floor":5,"gold_loss":0},{"damage_healed":0,"gold_gain":0,"player_choice":"Upgraded","damage_taken":0,"max_hp_gain":0,"max_hp_loss":0,"event_name":"Upgrade Shrine","floor":11,"gold_loss":0,"cards_upgraded":["Zap"]}],"is_beta":false,"boss_relics":[{"not_picked":["hubris:VirtuousBlindfold","Ectoplasm"],"picked":"Velvet Choker"}],"items_purged_floors":[7],"is_endless":false,"potions_floor_spawned":[4,12,18],"killed_by":"Spheric Guardian","ascension_level":0}}