{"host":"rnys9sj607vajavv","time":1608868993,"event":{"mods":["BaseMod","Colored Map","Downfall","Minty Spire (QoL Compilation)","StSLib"],"gold_per_floor":[99,99,199,199,199,225,225,241,270,145,70,103,103,118,135,236,236,236,251,251,268,6,6,6,18,50,50,69,88,118,135,155,258,258,258,271,288,288,288,288],"floor_reached":38,"playtime":2632,"items_purged":["champ:Strike","champ:Execute"],"score":615,"play_id":"1855229b-89d5-4386-9678-0766f9a3eb88","local_time":"20201224200313","is_ascension_mode":true,"campfire_choices":[{"data":"champ:Taunt","floor":1,"key":"SMITH"},{"data":"champ:ShieldWall","floor":11,"key":"SMITH"},{"data":"champ:EnGarde","floor":13,"key":"SMITH"},{"data":"champ:FalseCounter","floor":18,"key":"SMITH"},{"data":"champ:ShieldSigil","floor":27,"key":"SMITH"},{"data":"champ:HeavySlash","floor":35,"key":"PURGE"}],"circlet_count":0,"master_deck":["champ:Strike","champ:Strike","champ:Defend","champ:Defend","champ:Defend","champ:Defend","champ:Taunt+1","champ:ShieldSigil+1","champ:FlashCut+1","champ:Balance","champ:EnGarde+1","champ:ShieldWall+1","champ:FalseCounter+1","champ:EnchantShield","champ:Circumvent+1","champ:ShieldSigil+1","champ:Circumvent"],"relics":["champ:ChampionCrown","downfall:HeartsMalice","TungstenRod","Orichalcum","InkBottle","Peace Pipe","downfall:HeartBlessingGreen","Pear","Sozu","MutagenicStrength","champ:DefensiveTrainingManual","Happy Flower","White Beast Statue","Sundial","Black Star"],"acts_visited":["Exordium","TheCity","TheBeyond"],"potions_floor_usage":[12,16,26,30],"damage_taken":[{"damage":0,"enemies":"Small Slimes","floor":2,"turns":1},{"damage":0,"enemies":"Jaw Worm","floor":5,"turns":1},{"damage":0,"enemies":"Gremlin Nob","floor":6,"turns":1},{"damage":8,"enemies":"Cultist","floor":8,"turns":3},{"damage":34,"enemies":"Lagavulin","floor":9,"turns":5},{"damage":8,"enemies":"downfall:FleeingMerchant","floor":10,"turns":4},{"damage":17,"enemies":"Gremlin Nob","floor":12,"turns":5},{"damage":1,"enemies":"Blue Slaver","floor":14,"turns":3},{"damage":14,"enemies":"Large Slime","floor":15,"turns":6},{"damage":47,"enemies":"downfall:Ironclad","floor":16,"turns":10},{"damage":11,"enemies":"Chosen","floor":19,"turns":5},{"damage":5,"enemies":"Spheric Guardian","floor":21,"turns":3},{"damage":0,"enemies":"downfall:FleeingMerchant","floor":22,"turns":4},{"damage":3,"enemies":"Snake Plant","floor":25,"turns":2},{"damage":25,"enemies":"Slavers","floor":26,"turns":6},{"damage":0,"enemies":"Cultist and Chosen","floor":28,"turns":3},{"damage":12,"enemies":"Snecko","floor":29,"turns":4},{"damage":0,"enemies":"Gremlin Leader","floor":30,"turns":9},{"damage":0,"enemies":"Shelled Parasite and Fungi","floor":31,"turns":2},{"damage":0,"enemies":"Chosen and Byrds","floor":32,"turns":4},{"damage":0,"enemies":"downfall:Watcher","floor":33,"turns":6},{"damage":32,"enemies":"3 Darklings","floor":36,"turns":6},{"damage":9,"enemies":"Orb Walker","floor":37,"turns":2},{"damage":60,"enemies":"Transient","floor":38,"turns":4}],"seed_played":"-6677374795772706568","potions_obtained":[{"floor":6,"key":"BlessingOfTheForge"},{"floor":9,"key":"SpeedPotion"},{"floor":12,"key":"Energy Potion"},{"floor":14,"key":"champ:OpenerPotion"},{"floor":16,"key":"Regen Potion"}],"is_trial":false,"path_per_floor":["R","M","?","T","M","E","T","M","E","$","R","E","R","M","M","B",null,"R","M","?","M","$","?","T","M","E","R","M","M","E","M","M","B",null,"R","M","M","M"],"character_chosen":"THE_CHAMP","items_purchased":["champ:ShieldWall","champ:DefensiveTrainingManual"],"campfire_rested":0,"item_purchase_floors":[10,22],"current_hp_per_floor":[90,90,90,90,90,90,90,90,71,73,73,66,66,65,56,19,100,100,89,89,84,84,77,77,74,49,49,49,37,52,52,52,52,100,100,68,59,0,0,0],"gold":288,"neow_bonus":"THREE_ENEMY_KILL","is_daily":false,"chose_seed":false,"campfire_upgraded":5,"win_rate":0.0,"timestamp":1608868993,"path_taken":["R","M","?","?","M","E","T","M","E","?","R","E","R","M","M","BOSS","R","M","?","M","$","?","T","M","E","R","M","?","E","M","M","BOSS","R","M","M","M"],"items_purchased_type":["Card","Relic"],"build_version":"2020-12-22","purchased_purges":2,"victory":false,"max_hp_per_floor":[90,90,90,90,90,90,90,90,90,90,90,100,100,100,100,100,100,100,100,100,100,100,100,100,100,100,100,100,100,100,100,100,100,100,100,100,100,100,100,100],"card_choices":[{"not_picked":["champ:IronFortress","champ:TornadoPunch"],"picked":"champ:ShieldSigil","floor":2},{"not_picked":["champ:PerfectedStrike","champ:Haymaker"],"picked":"champ:FlashCut","floor":5},{"not_picked":["champ:GutPunch","champ:PerfectedStrike"],"picked":"champ:Balance","floor":6},{"not_picked":["champ:FanOfKnives","champ:IgnorePain","champ:GladiatorsShout"],"picked":"SKIP","floor":8},{"not_picked":["champ:BerserkerStyle","champ:TornadoPunch"],"picked":"champ:EnGarde","floor":9},{"not_picked":["champ:ShieldSigil","champ:BladeFlurry","champ:EndlessRage"],"picked":"SKIP","floor":10},{"not_picked":["champ:FocusedGladiator","champ:EnGarde","champ:BerserkerStyle"],"picked":"SKIP","floor":12},{"not_picked":["champ:MurderStrike","champ:SkillfulDodge"],"picked":"champ:FalseCounter","floor":14},{"not_picked":["champ:StanceDance","champ:DefensiveShout","champ:Aggression"],"picked":"SKIP","floor":15},{"not_picked":["champ:IgnorePain","champ:CrownThrow"],"picked":"champ:EnchantShield","floor":16},{"not_picked":["champ:StanceDance+1","champ:EnragedBash"],"picked":"champ:Circumvent+1","floor":19},{"not_picked":["champ:AdrenalArmor+1","champ:RapidStrikes","champ:StanceDance"],"picked":"SKIP","floor":21},{"not_picked":["champ:Haymaker","champ:Balance+1"],"picked":"champ:ShieldSigil+1","floor":22},{"not_picked":["champ:GutPunch","champ:BringItOn","champ:HeartStrike"],"picked":"SKIP","floor":25},{"not_picked":["champ:HeartStrike","champ:StanceDance+1"],"picked":"champ:HeavySlash","floor":26},{"not_picked":["champ:GladiatorsShout","champ:TornadoPunch","champ:Haymaker"],"picked":"SKIP","floor":28},{"not_picked":["champ:AdrenalArmor","champ:RecklessLeap","champ:ShieldSigil+1"],"picked":"SKIP","floor":29},{"not_picked":["champ:ShieldSigil","champ:Shatter","champ:FocusedGladiator"],"picked":"SKIP","floor":30},{"not_picked":["champ:FocusedGladiator+1","champ:CheapShot"],"picked":"champ:Circumvent","floor":31},{"not_picked":["champ:ShieldSigil","champ:HeartStrike","champ:BladeFlurry"],"picked":"SKIP","floor":32},{"not_picked":["champ:PerfectedStrike+1","champ:DefensiveShout","champ:Haymaker"],"picked":"SKIP","floor":36},{"not_picked":["champ:RageSigil","champ:StanceDance","champ:GladiatorStyle+1"],"picked":"SKIP","floor":37}],"player_experience":613119,"relics_obtained":[{"floor":4,"key":"TungstenRod"},{"floor":6,"key":"Orichalcum"},{"floor":7,"key":"InkBottle"},{"floor":9,"key":"Peace Pipe"},{"floor":12,"key":"Pear"},{"floor":24,"key":"Happy Flower"},{"floor":26,"key":"White Beast Statue"},{"floor":30,"key":"Sundial"}],"event_choices":[{"damage_healed":0,"gold_gain":0,"player_choice":"Inject Mutagens","damage_taken":0,"relics_obtained":["MutagenicStrength"],"max_hp_gain":0,"max_hp_loss":0,"event_name":"Drug Dealer","floor":20,"gold_loss":0}],"is_beta":false,"boss_relics":[{"not_picked":["Fusion Hammer","Snecko Eye"],"picked":"Sozu"},{"not_picked":["SacredBark","Coffee Dripper"],"picked":"Black Star"}],"items_purged_floors":[10,22],"is_endless":false,"potions_floor_spawned":[6,9,12,14,16,19,25,26,28,29,30,31,32,33,36,37],"killed_by":"Transient","ascension_level":2}}