{"host":"nox","time":1608905489,"event":{"mods":["Act Like it!","Aspiration","BaseMod","Better Altar","Better Match","Better Note","Better Sensory Stone","Better Skull","Better Third Choice","BetterRewards","Colored Powertips","Conspire","Energized Spire","GifTheSpireLib","Hubris","Infinite Spire","Minty Spire (QoL Compilation)","Pale of the Ancients","Quick Restart","Rare Cards Sparkle","Replay The Spire","Shop Mod","Spikes Relics","StSLib","Stuff the Spire","SuperFastMode","The Alterego","vexMod"],"gold_per_floor":[115,135,146,160,175,208,208,237,262,282,282,296,296,310,310,406,406,418,418,428,448,224,224,224],"floor_reached":23,"playtime":715,"items_purged":[],"score":279,"play_id":"ac6c4869-7590-49a2-ba0f-996f8779d3c9","local_time":"20201225211129","is_ascension_mode":true,"campfire_choices":[{"data":"Flex","floor":7.0,"key":"SMITH"},{"data":"ReplayTheSpireMod:Omega Cannon","floor":11.0,"key":"SMITH"},{"floor":15.0,"key":"REST"}],"circlet_count":0,"master_deck":["Strike_B","Strike_B","Strike_B","Strike_B","Defend_B","Defend_B","Defend_B","Defend_B","Zap","Dualcast","Cold Snap","Flex+1","ReplayTheSpireMod:Omega Cannon+1","Ball Lightning","ReplayTheSpireMod:Muscle Training","Madness","Electrodynamics","Capacitor","StuffTheSpire:Synthwave","StuffTheSpire:CelestialWarden"],"relics":["Cracked Core","aspiration:Nostalgia","Iron Core","infinitespire:Eraser","StuffTheSpire:RubySignet","MiniBlackHole","Pen Nib","Philosopher\u0027s Stone","vexMod:MysteryBossChallenge","Ring of Chaos"],"acts_visited":["Exordium","TheCity"],"potions_floor_usage":[],"damage_taken":[{"damage":1.0,"enemies":"infinitespire:Voidling","floor":1.0,"turns":2.0},{"damage":0.0,"enemies":"conspire:RoseBush","floor":2.0,"turns":3.0},{"damage":0.0,"enemies":"Small Slimes","floor":3.0,"turns":3.0},{"damage":2.0,"enemies":"Exordium Wildlife","floor":4.0,"turns":5.0},{"damage":12.0,"enemies":"Gremlin Gang","floor":5.0,"turns":5.0},{"damage":9.0,"enemies":"Gremlin Nob","floor":6.0,"turns":4.0},{"damage":6.0,"enemies":"Replay:BlueRogue","floor":8.0,"turns":5.0},{"damage":7.0,"enemies":"Red Slaver","floor":10.0,"turns":2.0},{"damage":0.0,"enemies":"Blue Slaver","floor":12.0,"turns":1.0},{"damage":1.0,"enemies":"Exordium Thugs","floor":14.0,"turns":3.0},{"damage":29.0,"enemies":"The Guardian","floor":16.0,"turns":7.0},{"damage":24.0,"enemies":"2 Thieves","floor":18.0,"turns":2.0},{"damage":7.0,"enemies":"conspire:FuzzyDice","floor":20.0,"turns":2.0},{"damage":22.0,"enemies":"3 Cultists","floor":21.0,"turns":4.0},{"damage":7,"enemies":"Replay:Snechameleon","floor":23,"turns":1}],"seed_played":"7380628501379474647","potions_obtained":[{"floor":1.0,"key":"LifebloodPotion"},{"floor":5.0,"key":"BlessingOfTheForge"},{"floor":8.0,"key":"Languid Potion"},{"floor":10.0,"key":"Energy Potion"},{"floor":12.0,"key":"Fire Potion"},{"floor":16.0,"key":"PowerPotion"},{"floor":20.0,"key":"Block Potion"}],"is_trial":false,"path_per_floor":["M","M","M","M","M","E","R","E","T","M","R","M","?","M","R","B",null,"M","AVR","M","M","?","E"],"character_chosen":"DEFECT","items_purchased":[],"campfire_rested":1,"item_purchase_floors":[],"current_hp_per_floor":[67,67,67,65,53,44,44,38,38,31,31,31,13,12,34,5,58,34,34,27,5,5,0,0],"gold":224,"neow_bonus":"NOSTALGIA","is_daily":false,"chose_seed":false,"campfire_upgraded":2,"win_rate":0.0,"timestamp":1608905489,"path_taken":["M","M","M","M","M","E","R","E","T","?","R","M","?","M","R","BOSS","M","AVR","M","M","?","E"],"items_purchased_type":[],"build_version":"2020-11-17","purchased_purges":0,"victory":false,"max_hp_per_floor":[75,75,75,75,75,75,75,75,75,75,75,75,75,75,75,75,75,75,75,75,75,75,75,75],"card_choices":[{"not_picked":["Panic Button","conspire:Rain"],"picked":"Cold Snap","floor":1.0},{"not_picked":["Turbo","StuffTheSpire:Rend","ReplayTheSpireMod:System Scan"],"picked":"SKIP","floor":2.0},{"not_picked":["Reprogram","BasicCrystalCard","Glacier"],"picked":"SKIP","floor":3.0},{"not_picked":["Redo","Time Bomb","StuffTheSpire:LoadUp"],"picked":"SKIP","floor":4.0},{"not_picked":["Panic Button","Streamline","Aggregate"],"picked":"SKIP","floor":5.0},{"not_picked":["ReplayTheSpireMod:Muscle Training","Doom and Gloom"],"picked":"Flex","floor":6.0},{"not_picked":["Headbutt","Doom and Gloom"],"picked":"ReplayTheSpireMod:Omega Cannon","floor":8.0},{"not_picked":["Iron Wave","Heavy Blade"],"picked":"Ball Lightning","floor":10.0},{"not_picked":["StuffTheSpire:LoadUp","Gash"],"picked":"ReplayTheSpireMod:Muscle Training","floor":12.0},{"not_picked":["Steam","Flex"],"picked":"StuffTheSpire:SnapShoot","floor":14.0},{"not_picked":["Hyperbeam","Reboot"],"picked":"Electrodynamics","floor":16.0},{"not_picked":["Clash","Headbutt"],"picked":"Capacitor","floor":18.0},{"not_picked":["ReplayTheSpireMod:Dual Polarity","Body Slam+1"],"picked":"StuffTheSpire:Synthwave","floor":20.0},{"not_picked":["Fusion","Compile Driver","Heavy Blade"],"picked":"SKIP","floor":21.0}],"player_experience":253305,"relics_obtained":[{"floor":6.0,"key":"infinitespire:Eraser"},{"floor":8.0,"key":"StuffTheSpire:RubySignet"},{"floor":9.0,"key":"MiniBlackHole"}],"event_choices":[{"damage_healed":0.0,"max_hp_gain":0.0,"max_hp_loss":0.0,"gold_gain":0.0,"event_name":"betterThird:BetterScrap","player_choice":"Relic ","floor":13.0,"gold_loss":0.0,"damage_taken":18.0,"cards_obtained":["Sanctity"]}],"is_beta":true,"boss_relics":[{"not_picked":["hubris:BlackHole","Runic Pyramid"],"picked":"Philosopher\u0027s Stone"}],"items_purged_floors":[],"is_endless":false,"potions_floor_spawned":[1,5,8,10,12,16,20],"killed_by":"Replay:Snechameleon","ascension_level":7}}