{"host":"dazi714svy9she3p","time":1608936406,"event":{"mods":["AchievementEnabler","Act Like it!","BaseMod","Better Skull","CapriCore","CatGirl Mod","Colored Map","Downfall","Friendly Minions","GifTheSpireLib","Highlight Path","Hubris","Infinite Spire","Jorbs\u0027s Wanderer Trilogy","Koishi","Lobotomy","LobotomyExtend","Mad Scientist","Minty Spire (QoL Compilation)","Random Character Button","Rare Cards Sparkle","Relic Sorter","RemiliaÅiÂQïƒ‰ª?Åj","Replay The Spire","StSLib","The Animator","The Blackbeard","The Bladedancer","The Construct","The Cursed","The Druid","The Forsaken","The Gatherer","The Immortal","The Juggle","The Marked","The Mystic","The Wild Card"],"gold_per_floor":[118,135,135,155,169,204,130,147,147,147,147,147,158,176,176,281,381,391,391,391,391,391,391,391,391],"floor_reached":24,"playtime":11680,"items_purged":[],"score":196,"play_id":"1e3832bf-eaaa-4744-a370-1edbd2c90214","local_time":"20201225144646","is_ascension_mode":false,"campfire_choices":[{"floor":10.0,"key":"REST"},{"floor":12.0,"key":"REST"},{"data":"theCatGirl:LuckyBlow","floor":15.0,"key":"SMITH"}],"circlet_count":0,"master_deck":["theCatGirl:Strike","theCatGirl:Strike","theCatGirl:Strike","theCatGirl:Strike","theCatGirl:Defend","theCatGirl:Defend","theCatGirl:Defend","theCatGirl:Defend","theCatGirl:ClawStrike","theCatGirl:Evasion","theCatGirl:ClawScratch+1","VoidDream","theCatGirl:Misfire","HappyTeddy","BigBadWolf","theCatGirl:LuckyBlow+1","OSAHOGD","theCatGirl:SearchBackpack","WallGazer","theCatGirl:HungerClaw","theCatGirl:Prepared","Wellcheers","theCatGirl:Misfire","ShyLook","theCatGirl:LearnByMistake","SpiderBud","theCatGirl:AngryForm","OldLady","theCatGirl:Meow","Bloodbath","theCatGirl:HungerClaw"],"relics":["theCatGirl:TrainedRelic","CogitoBucket","LetterFromLob","Centennial Puzzle","ResearcherNote","Regal Pillow","Gaze_r","Replay:Wanted Poster","hubris:HollowSoul"],"acts_visited":["Exordium","TheCity"],"potions_floor_usage":[24,24,24],"damage_taken":[{"damage":0.0,"enemies":"Small Slimes","floor":1.0,"turns":4.0},{"damage":0.0,"enemies":"Cultist","floor":2.0,"turns":4.0},{"damage":4.0,"enemies":"Jaw Worm","floor":4.0,"turns":3.0},{"damage":3.0,"enemies":"Blue Slaver","floor":5.0,"turns":5.0},{"damage":43.0,"enemies":"Lagavulin","floor":6.0,"turns":6.0},{"damage":15.0,"enemies":"Gremlin Gang","floor":8.0,"turns":5.0},{"damage":21.0,"enemies":"2 Fungi Beasts","floor":11.0,"turns":3.0},{"damage":1.0,"enemies":"2 Fungi Beasts","floor":13.0,"turns":2.0},{"damage":4.0,"enemies":"Lots of Slimes","floor":14.0,"turns":5.0},{"damage":25.0,"enemies":"Fading Forest","floor":16.0,"turns":11.0},{"damage":1.0,"enemies":"Shell Parasite","floor":18.0,"turns":6.0},{"damage":54,"enemies":"2 Thieves","floor":24,"turns":6}],"seed_played":"-4476722897637526922","potions_obtained":[{"floor":4.0,"key":"Weak Potion"},{"floor":5.0,"key":"champ:CounterPotion"},{"floor":6.0,"key":"DuplicationPotion"},{"floor":13.0,"key":"Adrenaline Potion"},{"floor":14.0,"key":"champ:CounterPotion"}],"is_trial":false,"path_per_floor":["M","M","?","M","M","E","$","M","T","R","M","R","M","M","R","B",null,"M","AVR","PTL","PTL","?","?","M"],"character_chosen":"THE_CATGIRL","items_purchased":["theCatGirl:HungerClaw"],"campfire_rested":2,"item_purchase_floors":[7],"current_hp_per_floor":[70,70,70,66,63,20,20,8,8,44,26,62,67,69,69,53,79,79,79,79,79,79,79,30,30],"gold":391,"neow_bonus":"","is_daily":false,"chose_seed":false,"campfire_upgraded":1,"win_rate":0.0,"timestamp":1608936406,"path_taken":["M","M","?","M","?","E","?","M","T","R","?","R","M","M","R","BOSS","M","AVR","PTL","PTL","?","?","?"],"items_purchased_type":["Card"],"build_version":"2020-12-22","purchased_purges":0,"victory":false,"max_hp_per_floor":[70,70,70,70,70,70,70,73,73,73,73,73,76,79,79,79,79,79,79,79,79,79,79,79,79],"card_choices":[{"not_picked":["theCatGirl:ClenchYourTeeth","theCatGirl:ScratchFlurry"],"picked":"theCatGirl:ClawScratch","floor":1.0},{"not_picked":["LaLuna","OSAHOGD"],"picked":"VoidDream","floor":1.0},{"not_picked":["theCatGirl:RecoveryBlow","theCatGirl:GoddessOfMisfortune"],"picked":"theCatGirl:Misfire","floor":2.0},{"not_picked":["WhitesApple","FairyFestival"],"picked":"HappyTeddy","floor":2.0},{"not_picked":["theCatGirl:LearnByMistake","theCatGirl:Misfire"],"picked":"theCatGirl:BloodBath","floor":4.0},{"not_picked":["SingingMachine","FairyFestival"],"picked":"BigBadWolf","floor":4.0},{"not_picked":["theCatGirl:Slip","theCatGirl:FumblingBlow"],"picked":"theCatGirl:LuckyBlow","floor":5.0},{"not_picked":["MeatLantern","FairyFestival"],"picked":"OSAHOGD","floor":5.0},{"not_picked":["theCatGirl:SevenLives","theCatGirl:LuckyBlow"],"picked":"theCatGirl:SearchBackpack","floor":6.0},{"not_picked":["SpiderBud","Bloodbath"],"picked":"WallGazer","floor":6.0},{"not_picked":["theCatGirl:ExtremeSpeed","theCatGirl:SmellFear"],"picked":"theCatGirl:Prepared","floor":8.0},{"not_picked":["UniverseFragment","WhitesApple"],"picked":"Wellcheers","floor":8.0},{"not_picked":["theCatGirl:LostTrinket","theCatGirl:AccidentalSlap"],"picked":"theCatGirl:Misfire","floor":13.0},{"not_picked":["CherryBlossoms","Laetitia"],"picked":"ShyLook","floor":13.0},{"not_picked":["theCatGirl:Stalk","theCatGirl:AccidentalSlap"],"picked":"theCatGirl:LearnByMistake","floor":14.0},{"not_picked":["FairyFestival","Porccubus"],"picked":"SpiderBud","floor":14.0},{"not_picked":["theCatGirl:SevenLives","theCatGirl:PoiseStance"],"picked":"theCatGirl:AngryForm","floor":16.0},{"not_picked":["UniverseFragment","Murderer"],"picked":"OldLady","floor":16.0},{"not_picked":["theCatGirl:SearchBackpack","theCatGirl:PoisedStrike"],"picked":"theCatGirl:Meow","floor":18.0},{"not_picked":["FairyFestival","MeatLantern"],"picked":"Bloodbath","floor":18.0}],"player_experience":11899,"relics_obtained":[{"floor":1.0,"key":"LetterFromLob"},{"floor":6.0,"key":"Centennial Puzzle"},{"floor":9.0,"key":"Regal Pillow"}],"event_choices":[{"damage_healed":0.0,"max_hp_gain":0.0,"max_hp_loss":0.0,"gold_gain":0.0,"event_name":"Upgrade Shrine","player_choice":"Upgraded","floor":3.0,"gold_loss":0.0,"damage_taken":0.0,"cards_upgraded":["theCatGirl:ClawScratch"]},{"damage_healed":0,"gold_gain":0,"player_choice":"Copied","damage_taken":0,"max_hp_gain":0,"max_hp_loss":0,"event_name":"Duplicator","floor":23,"gold_loss":0,"cards_obtained":["theCatGirl:HungerClaw"]}],"is_beta":false,"boss_relics":[{"not_picked":["hubris:Stopwatch","construct:WeddingRing"],"picked":"Replay:Wanted Poster"}],"items_purged_floors":[],"is_endless":false,"potions_floor_spawned":[4,5,6,13,14],"killed_by":"2 Thieves","ascension_level":0}}