{"host":"lxgv1wbl12oya7hr","time":1608874944,"event":{"mods":["BaseMod","Minty Spire (QoL Compilation)","Permanent Neow","StSLib"],"gold_per_floor":[115,290,290,290,290,326,239,239,239,239,112,135,161,176,176,302,302,315,315,315,315,18,62,78,112,139,139,42,82,106,106,106],"floor_reached":31,"playtime":4202,"items_purged":[],"score":327,"play_id":"c986b278-0443-4526-a42b-ef6d26f0b11e","local_time":"20201224214224","is_ascension_mode":true,"campfire_choices":[{"floor":8,"key":"RECALL"},{"data":"Sadistic Nature","floor":10,"key":"SMITH"},{"floor":15,"key":"REST"},{"data":"Blind","floor":27,"key":"SMITH"}],"circlet_count":0,"master_deck":["Strike_G","Strike_G","Strike_G","Strike_G","Strike_G","Defend_G","Defend_G","Defend_G","Defend_G","Defend_G","Survivor","Neutralize","Sadistic Nature+1","Dodge and Roll","Backstab","Blind+1","PiercingWail+1","Poisoned Stab","Bane","Bane","Corpse Explosion+1","Escape Plan+1","Malaise+1","Discovery+1","Deadly Poison+1"],"relics":["Ring of the Snake","Golden Idol","Spirit Poop","Snake Skull","Toxic Egg 2","Busted Crown","Bronze Scales","Torii","Ornamental Fan","Omamori","Potion Belt","Gremlin Horn"],"acts_visited":["Exordium","TheCity"],"potions_floor_usage":[6,16,25,31,31],"damage_taken":[{"damage":0,"enemies":"2 Louse","floor":1,"turns":3},{"damage":39,"enemies":"Gremlin Nob","floor":6,"turns":6},{"damage":0,"enemies":"Jaw Worm","floor":12,"turns":3},{"damage":0,"enemies":"Small Slimes","floor":14,"turns":3},{"damage":26,"enemies":"The Guardian","floor":16,"turns":12},{"damage":11,"enemies":"Spheric Guardian","floor":18,"turns":5},{"damage":28,"enemies":"Gremlin Leader","floor":23,"turns":7},{"damage":0,"enemies":"Shell Parasite","floor":24,"turns":4},{"damage":3,"enemies":"Slavers","floor":25,"turns":5},{"damage":8,"enemies":"Book of Stabbing","floor":29,"turns":4},{"damage":1,"enemies":"Centurion and Healer","floor":30,"turns":5},{"damage":0,"enemies":"Colosseum Slavers","floor":31,"turns":3},{"damage":33,"enemies":"Colosseum Nobs","floor":31,"turns":3}],"seed_played":"3699236451473678365","potions_obtained":[{"floor":1,"key":"FearPotion"},{"floor":14,"key":"SkillPotion"},{"floor":24,"key":"Energy Potion"},{"floor":25,"key":"Ancient Potion"},{"floor":30,"key":"SteroidPotion"}],"is_trial":false,"path_per_floor":["M","?","?","?","?","E","$","R","T","R","$","M","T","M","R","B",null,"M","?","?","?","$","E","M","E","T","R","$","E","M","?"],"character_chosen":"THE_SILENT","items_purchased":["Blind","PiercingWail+1","Poisoned Stab","Bane","Torii","Discovery+1"],"campfire_rested":1,"item_purchase_floors":[7,11,11,11,22,28],"current_hp_per_floor":[70,70,53,53,53,14,14,14,14,14,14,14,14,14,35,9,70,59,59,59,59,59,31,31,28,28,28,28,20,19,0,0],"gold":106,"neow_bonus":"RANDOM_COLORLESS_2","is_daily":false,"chose_seed":false,"campfire_upgraded":2,"win_rate":0.0,"timestamp":1608874944,"path_taken":["M","?","?","?","?","E","$","R","T","R","$","?","?","M","R","BOSS","M","?","?","?","$","E","M","E","T","R","$","E","?","?"],"items_purchased_type":["Card","Card","Card","Card","Relic","Card"],"build_version":"2020-12-22","purchased_purges":0,"victory":false,"max_hp_per_floor":[70,70,70,70,70,70,70,70,70,70,70,70,70,70,70,70,70,70,70,70,70,70,70,70,70,70,70,70,70,70,70,70],"card_choices":[{"not_picked":["Secret Weapon","Chrysalis"],"picked":"Sadistic Nature","floor":0},{"not_picked":["Outmaneuver","Flechettes"],"picked":"Dodge and Roll","floor":1},{"not_picked":["Deflect","Blade Dance"],"picked":"Backstab","floor":6},{"not_picked":["Predator","All Out Attack","Choke"],"picked":"SKIP","floor":12},{"not_picked":["Slice","Prepared+1"],"picked":"Bane","floor":14},{"not_picked":["Wraith Form v2","Glass Knife"],"picked":"Corpse Explosion+1","floor":16},{"not_picked":[],"picked":"Escape Plan+1","floor":18},{"not_picked":[],"picked":"Malaise+1","floor":23},{"not_picked":["Infinite Blades"],"picked":"SKIP","floor":24},{"not_picked":["Tactician+1"],"picked":"SKIP","floor":25},{"not_picked":["Underhanded Strike"],"picked":"SKIP","floor":29},{"not_picked":[],"picked":"Deadly Poison+1","floor":30}],"player_experience":2179978,"relics_obtained":[{"floor":6,"key":"Snake Skull"},{"floor":9,"key":"Toxic Egg 2"},{"floor":23,"key":"Ornamental Fan"},{"floor":25,"key":"Omamori"},{"floor":26,"key":"Potion Belt"},{"floor":29,"key":"Gremlin Horn"}],"event_choices":[{"damage_healed":0,"gold_gain":175,"player_choice":"AGREE","damage_taken":0,"max_hp_gain":0,"max_hp_loss":0,"event_name":"Liars Game","floor":2,"gold_loss":0,"cards_obtained":["Doubt"]},{"damage_healed":0,"gold_gain":0,"player_choice":"Take Damage","damage_taken":17,"relics_obtained":["Golden Idol"],"max_hp_gain":0,"max_hp_loss":0,"event_name":"Golden Idol","floor":3,"gold_loss":0},{"cards_removed":["Doubt"],"damage_healed":0,"gold_gain":0,"player_choice":"Forget","damage_taken":0,"max_hp_gain":0,"max_hp_loss":0,"event_name":"Living Wall","floor":4,"gold_loss":0},{"cards_removed":["Decay"],"damage_healed":0,"gold_gain":0,"player_choice":"Offered Curse","damage_taken":0,"relics_obtained":["Spirit Poop"],"max_hp_gain":0,"max_hp_loss":0,"event_name":"Bonfire Elementals","floor":5,"gold_loss":0},{"damage_healed":0,"gold_gain":0,"player_choice":"Ignored","damage_taken":0,"max_hp_gain":0,"max_hp_loss":0,"event_name":"Ghosts","floor":19,"gold_loss":0},{"damage_healed":0,"gold_gain":0,"player_choice":"Stole Relic","damage_taken":0,"relics_obtained":["Bronze Scales"],"max_hp_gain":0,"max_hp_loss":0,"event_name":"Addict","floor":20,"gold_loss":0,"cards_obtained":["Shame"]},{"cards_removed":["Shame"],"damage_healed":0,"gold_gain":0,"player_choice":"Removed Curses","damage_taken":0,"max_hp_gain":0,"max_hp_loss":0,"event_name":"Fountain of Cleansing","floor":21,"gold_loss":0},{"damage_healed":0,"gold_gain":0,"player_choice":"Fight","damage_taken":0,"max_hp_gain":0,"max_hp_loss":0,"event_name":"Colosseum","floor":31,"gold_loss":0},{"damage_healed":0,"gold_gain":0,"player_choice":"Fought Nobs","damage_taken":0,"max_hp_gain":0,"max_hp_loss":0,"event_name":"Colosseum","floor":31,"gold_loss":0}],"is_beta":false,"boss_relics":[{"not_picked":["Fusion Hammer","Philosopher\u0027s Stone"],"picked":"Busted Crown"}],"items_purged_floors":[],"is_endless":false,"potions_floor_spawned":[1,14,24,25,30],"killed_by":"Colosseum Nobs","ascension_level":1}}