{"host":"18wi9kpcl4eah7pe","time":1608893940,"event":{"mods":["BaseMod","Colored Powertips","Downfall","Minty Spire (QoL Compilation)","StSLib"],"gold_per_floor":[199,209,209,220,239,339,339,264,275,302,313,588,498,509,521,624,624,549,564,564,582,582,594,594,594,594,594],"floor_reached":25,"playtime":1374,"items_purged":["Regret"],"score":205,"play_id":"16293893-5c84-4be9-a01d-ed734f8aab56","local_time":"20201225045900","is_ascension_mode":false,"campfire_choices":[{"floor":1.0,"key":"RECALL"},{"floor":8.0,"key":"REST"},{"data":"champ:StrikeOfGenius","floor":18.0,"key":"SMITH"}],"circlet_count":0,"master_deck":["champ:Strike","champ:Strike","champ:Strike","champ:Strike","champ:Defend","champ:Defend","champ:Defend","champ:Defend","champ:Execute","champ:Taunt","champ:DefensiveStyle","champ:GladiatorStyle","champ:RisingSlash","champ:FlashCut","champ:TornadoPunch","champ:FanOfKnives","champ:PerfectedStrike","champ:StrikeOfGenius+1","champ:CrookedStrike","champ:Haymaker","champ:SteelEdge","champ:PreciseThrust","champ:Circumvent","champ:IronFortress"],"relics":["champ:ChampionCrown","champ:LiftRelic","White Beast Statue","downfall:HeartBlessingRed","Juzu Bracelet","Black Star","downfall:HeartBlessingGreen","downfall:RedIOU"],"acts_visited":["Exordium","TheCity"],"potions_floor_usage":[25,25],"damage_taken":[{"damage":7.0,"enemies":"Small Slimes","floor":2.0,"turns":3.0},{"damage":8.0,"enemies":"Jaw Worm","floor":4.0,"turns":5.0},{"damage":11.0,"enemies":"Cultist","floor":5.0,"turns":3.0},{"damage":54.0,"enemies":"downfall:LadyInBlue","floor":6.0,"turns":9.0},{"damage":9.0,"enemies":"Red Slaver","floor":9.0,"turns":2.0},{"damage":19.0,"enemies":"Gremlin Nob","floor":10.0,"turns":3.0},{"damage":10.0,"enemies":"3 Louse","floor":11.0,"turns":3.0},{"damage":6.0,"enemies":"downfall:FleeingMerchant","floor":13.0,"turns":4.0},{"damage":10.0,"enemies":"Blue Slaver","floor":14.0,"turns":3.0},{"damage":11.0,"enemies":"Gremlin Gang","floor":15.0,"turns":3.0},{"damage":29.0,"enemies":"downfall:Watcher","floor":16.0,"turns":8.0},{"damage":43.0,"enemies":"Chosen","floor":19.0,"turns":6.0},{"damage":11.0,"enemies":"Snecko","floor":21.0,"turns":3.0},{"damage":78.0,"enemies":"Chosen and Byrds","floor":23.0,"turns":7.0},{"damage":23,"enemies":"Book of Stabbing","floor":25,"turns":3}],"seed_played":"4581257334010992985","potions_obtained":[{"floor":4.0,"key":"Strength Potion"},{"floor":5.0,"key":"FearPotion"},{"floor":6.0,"key":"EntropicBrew"},{"floor":6.0,"key":"champ:UltimateStancePotion"},{"floor":6.0,"key":"SpeedPotion"},{"floor":9.0,"key":"GamblersBrew"},{"floor":10.0,"key":"FearPotion"},{"floor":11.0,"key":"Strength Potion"},{"floor":13.0,"key":"FearPotion"},{"floor":14.0,"key":"champ:OpenerPotion"},{"floor":15.0,"key":"champ:TechniquePotion"},{"floor":16.0,"key":"sneckomod:MuddlingPotion"},{"floor":19.0,"key":"DuplicationPotion"},{"floor":21.0,"key":"ColorlessPotion"},{"floor":23,"key":"Slimebound:ThreeZeroPotion"}],"is_trial":false,"path_per_floor":["R","M","?","M","M","?","T","R","M","E","M","?","$","M","M","B",null,"R","M","?","M","?","M","T","E"],"character_chosen":"THE_CHAMP","items_purchased":[],"campfire_rested":1,"item_purchase_floors":[],"current_hp_per_floor":[90,88,88,85,79,40,40,67,72,58,48,48,47,42,36,12,90,90,59,89,83,83,23,23,0,0,0],"gold":594,"neow_bonus":"HUNDRED_GOLD","is_daily":false,"chose_seed":false,"campfire_upgraded":1,"win_rate":0.0,"timestamp":1608893940,"path_taken":["R","M","?","M","M","?","T","R","M","E","M","?","?","M","M","BOSS","R","M","?","M","?","M","T","E"],"items_purchased_type":[],"build_version":"2020-12-22","purchased_purges":1,"victory":false,"max_hp_per_floor":[90,90,90,90,90,90,90,90,90,90,90,90,90,90,90,90,90,90,90,90,90,90,90,90,90,90,90],"card_choices":[{"not_picked":["champ:PerfectedStrike","champ:TornadoPunch"],"picked":"champ:DefensiveStyle","floor":2.0},{"not_picked":["champ:TornadoPunch","champ:FaceSlap"],"picked":"champ:GladiatorStyle","floor":4.0},{"not_picked":["champ:StanceDance","champ:DefensiveShout"],"picked":"champ:RisingSlash","floor":5.0},{"not_picked":["champ:FocusedBerserking","champ:Haymaker"],"picked":"champ:FlashCut","floor":6.0},{"not_picked":["champ:SkillfulDodge","champ:HeartStrike"],"picked":"champ:TornadoPunch","floor":9.0},{"not_picked":["champ:TornadoPunch","champ:SkillfulDodge"],"picked":"champ:FanOfKnives","floor":10.0},{"not_picked":["champ:DefensiveShout","champ:SkillfulDodge"],"picked":"champ:PerfectedStrike","floor":11.0},{"not_picked":["champ:PerfectedStrike","champ:FanOfKnives"],"picked":"champ:StrikeOfGenius","floor":13.0},{"not_picked":["champ:FocusedDefense","champ:RisingSlash"],"picked":"champ:CrookedStrike","floor":14.0},{"not_picked":["champ:FalseCounter","champ:HeartStrike"],"picked":"champ:Haymaker","floor":15.0},{"not_picked":["champ:Devastate","champ:IgnorePain"],"picked":"champ:SteelEdge","floor":16.0},{"not_picked":["champ:BladeFlurry+1","champ:FanOfKnives"],"picked":"champ:PreciseThrust","floor":19.0},{"not_picked":["champ:CrookedStrike","champ:BladeFlurry+1"],"picked":"champ:Circumvent","floor":21.0},{"not_picked":["champ:BerserkersShout","champ:AdrenalArmor+1"],"picked":"champ:IronFortress","floor":23}],"player_experience":850406,"relics_obtained":[{"floor":6.0,"key":"Potion Belt"},{"floor":7.0,"key":"White Beast Statue"},{"floor":10.0,"key":"Juzu Bracelet"}],"event_choices":[{"damage_healed":30.0,"max_hp_gain":0.0,"max_hp_loss":0.0,"gold_gain":0.0,"event_name":"The Library","player_choice":"Heal","floor":20.0,"gold_loss":0.0,"damage_taken":0.0}],"is_beta":false,"boss_relics":[{"not_picked":["champ:ChampionCrownUpgraded","Busted Crown"],"picked":"Black Star"}],"items_purged_floors":[13],"is_endless":false,"potions_floor_spawned":[4,5,9,10,11,13,14,15,16,19,21,23],"killed_by":"Book of Stabbing","ascension_level":0}}