{"host":"qxeepl7ydvsgmfdb","time":1608886667,"event":{"mods":["AchievementEnabler","BaseMod","Colored Powertips","Minty Spire (QoL Compilation)","Quick Restart","slay the spire mod where everything is the same but ironclad has a cowboy hat"],"gold_per_floor":[116,116,116,40,40,80,93,106,106,127,202,226,242,266,266,266,266],"floor_reached":16,"playtime":610,"items_purged":[],"score":161,"play_id":"6505555c-be51-4e70-bd35-47b995b97a42","local_time":"20201225035747","is_ascension_mode":true,"campfire_choices":[{"floor":15,"key":"REST"}],"circlet_count":0,"master_deck":["Strike_G","Strike_G","Strike_G","Strike_G+1","Strike_G","Defend_G","Defend_G","Defend_G","Defend_G","Defend_G","Survivor","Neutralize+1","Dagger Spray","Footwork","Backstab","Sucker Punch","All Out Attack","Blade Dance"],"relics":["Ring of the Snake","NeowsBlessing","Golden Idol","Bottled Tornado","Paper Crane"],"acts_visited":["Exordium"],"potions_floor_usage":[13,16],"damage_taken":[{"damage":0,"enemies":"Jaw Worm","floor":1,"turns":1},{"damage":0,"enemies":"3 Sentries","floor":6,"turns":1},{"damage":0,"enemies":"2 Louse","floor":7,"turns":1},{"damage":0,"enemies":"Small Slimes","floor":8,"turns":3},{"damage":0,"enemies":"Looter","floor":10,"turns":4},{"damage":0,"enemies":"Lots of Slimes","floor":12,"turns":2},{"damage":4,"enemies":"Large Slime","floor":13,"turns":5},{"damage":1,"enemies":"Red Slaver","floor":14,"turns":4},{"damage":45,"enemies":"Hexaghost","floor":16,"turns":16}],"seed_played":"8295317393467704780","potions_obtained":[{"floor":7,"key":"FearPotion"},{"floor":8,"key":"Fire Potion"},{"floor":12,"key":"Explosive Potion"}],"is_trial":false,"path_per_floor":["M","?","?","$","?","E","M","M","T","M","?","M","M","M","R","B"],"character_chosen":"THE_SILENT","items_purchased":["Footwork"],"campfire_rested":1,"item_purchase_floors":[4],"current_hp_per_floor":[70,70,56,56,39,39,39,39,39,39,28,28,24,23,44,0,0],"gold":266,"neow_bonus":"THREE_ENEMY_KILL","is_daily":false,"chose_seed":false,"campfire_upgraded":0,"win_rate":0.0,"timestamp":1608886667,"path_taken":["M","?","?","$","?","E","M","?","T","M","?","M","M","M","R","BOSS"],"items_purchased_type":["Card"],"build_version":"2020-12-22","purchased_purges":0,"victory":false,"max_hp_per_floor":[70,70,70,70,70,70,70,70,70,70,70,70,70,70,70,70,70],"card_choices":[{"not_picked":["Dodge and Roll","Dagger Throw"],"picked":"Dagger Spray","floor":1},{"not_picked":["Well Laid Plans","Backstab","Prepared"],"picked":"SKIP","floor":6},{"not_picked":["Glass Knife","Backflip"],"picked":"Backstab","floor":7},{"not_picked":["Escape Plan","Choke"],"picked":"Sucker Punch","floor":8},{"not_picked":["Dagger Throw","Prepared"],"picked":"All Out Attack","floor":10},{"not_picked":["Flying Knee","Bouncing Flask","Sucker Punch"],"picked":"SKIP","floor":12},{"not_picked":["Eviscerate","Footwork","Underhanded Strike"],"picked":"SKIP","floor":13},{"not_picked":["Distraction","Setup"],"picked":"Blade Dance","floor":14}],"player_experience":373473,"relics_obtained":[{"floor":6,"key":"Bottled Tornado"},{"floor":9,"key":"Paper Crane"}],"event_choices":[{"damage_healed":0,"gold_gain":0,"player_choice":"Leave","damage_taken":0,"max_hp_gain":0,"max_hp_loss":0,"event_name":"The Cleric","floor":2,"gold_loss":0},{"damage_healed":0,"gold_gain":0,"player_choice":"Entered Light","damage_taken":14,"max_hp_gain":0,"max_hp_loss":0,"event_name":"Shining Light","floor":3,"gold_loss":0,"cards_upgraded":["Strike_G","Neutralize"]},{"damage_healed":0,"gold_gain":0,"player_choice":"Take Damage","damage_taken":17,"relics_obtained":["Golden Idol"],"max_hp_gain":0,"max_hp_loss":0,"event_name":"Golden Idol","floor":5,"gold_loss":0},{"damage_healed":0,"gold_gain":75,"player_choice":"Gather Gold","damage_taken":11,"max_hp_gain":0,"max_hp_loss":0,"event_name":"World of Goop","floor":11,"gold_loss":0}],"is_beta":false,"boss_relics":[],"items_purged_floors":[],"is_endless":false,"potions_floor_spawned":[7,8,12],"killed_by":"Hexaghost","ascension_level":5}}