{"host":"j5gdvqtwmxqn6tw6","time":1608918283,"event":{"mods":["BaseMod","Colored Map","Colored Powertips","Downfall","Minty Spire (QoL Compilation)","Replay The Spire","StSLib","SuperFastMode"],"gold_per_floor":[99,110,110,2,12,47,47,47,147,147,162,176,176,176,189,189,189,189],"floor_reached":16,"playtime":612,"items_purged":[],"score":100,"play_id":"e20fe23e-a610-4e40-b63c-0d4dcdc64762","local_time":"20201225184443","is_ascension_mode":false,"campfire_choices":[{"data":"hexamod:ExtraCrispy","floor":8,"key":"SMITH"},{"data":"hexamod:Firestarter","floor":13,"key":"SMITH"}],"circlet_count":0,"master_deck":["hexamod:Strike","hexamod:Strike","hexamod:Strike","hexamod:Strike","hexamod:Defend+1","hexamod:Defend+1","hexamod:Defend+1","hexamod:Defend+1","hexamod:Sear","hexamod:TurnItUp","hexamod:Firestarter+1","hexamod:FourthSeal","Panacea","hexamod:ExtraCrispy+1","hexamod:SecondSeal","hexamod:BurningTouch+1","hexamod:FirstSeal","hexamod:ThermalTransfer"],"relics":["hexamod:SpiritBrand","ReplayTheSpireMod:Lightbulb","Replay:Bottled Eggs","Mirror","Toxic Egg 2","NlothsMask"],"acts_visited":["Exordium"],"potions_floor_usage":[6,6,6,15,16],"damage_taken":[{"damage":0,"enemies":"Cultist","floor":2,"turns":4},{"damage":2,"enemies":"downfall:FleeingMerchant","floor":4,"turns":4},{"damage":3,"enemies":"Jaw Worm","floor":5,"turns":5},{"damage":1,"enemies":"Lagavulin","floor":6,"turns":7},{"damage":9,"enemies":"Small Slimes","floor":11,"turns":3},{"damage":5,"enemies":"3 Louse","floor":12,"turns":7},{"damage":23,"enemies":"Gremlin Gang","floor":15,"turns":7},{"damage":21,"enemies":"downfall:Defect","floor":16,"turns":4}],"seed_played":"6663505163328613469","potions_obtained":[{"floor":2,"key":"Milkshake"},{"floor":5,"key":"Languid Potion"},{"floor":5,"key":"FearPotion"},{"floor":11,"key":"Guardian:BlockOnCardUsePotion"},{"floor":12,"key":"Block Potion"},{"floor":15,"key":"GamblersBrew"}],"is_trial":false,"path_per_floor":["R_BF","M","T","$","M","E","T","R","?","?","M","M","R","?","M","B"],"character_chosen":"THE_SPIRIT","items_purchased":["Panacea"],"campfire_rested":0,"item_purchase_floors":[4],"current_hp_per_floor":[70,70,70,68,65,64,64,64,64,64,55,50,50,43,20,0,0,0],"gold":189,"neow_bonus":"RANDOM_COMMON_RELIC","is_daily":false,"chose_seed":false,"campfire_upgraded":2,"win_rate":0.0,"timestamp":1608918283,"path_taken":["R_BF","M","?","?","M","E","T","R","?","?","?","M","R","?","M","BOSS"],"items_purchased_type":["Card"],"build_version":"2020-12-22","purchased_purges":0,"victory":false,"max_hp_per_floor":[70,70,70,70,70,70,70,70,70,70,70,70,70,70,70,70,70,70],"card_choices":[{"not_picked":["hexamod:PhantomFireball","hexamod:InspiringFlames"],"picked":"hexamod:Firestarter","floor":2},{"not_picked":["hexamod:GhostOfSpirePast","hexamod:BacktrackSmack"],"picked":"hexamod:FourthSeal","floor":4},{"not_picked":["hexamod:Rewind","hexamod:BacktrackSmack"],"picked":"hexamod:ExtraCrispy","floor":5},{"not_picked":["hexamod:InspiringFlames","hexamod:ShieldOfDarkness","hexamod:FastForward"],"picked":"SKIP","floor":6},{"not_picked":["hexamod:SpectersWail","hexamod:NightmareStrike"],"picked":"hexamod:SecondSeal","floor":11},{"not_picked":["hexamod:ThermalTransfer","hexamod:RainOfEmbers"],"picked":"hexamod:BurningTouch+1","floor":12},{"not_picked":["hexamod:FastForward+1","hexamod:RecurringNightmare+1"],"picked":"hexamod:ThermalTransfer","floor":15}],"player_experience":55883,"relics_obtained":[{"floor":3,"key":"Replay:Bottled Eggs"},{"floor":6,"key":"Mirror"},{"floor":7,"key":"Toxic Egg 2"}],"event_choices":[{"damage_healed":0,"gold_gain":0,"player_choice":"Trade","damage_taken":0,"relics_obtained":["NlothsMask"],"max_hp_gain":0,"max_hp_loss":0,"event_name":"FaceTrader","floor":10,"gold_loss":0}],"is_beta":false,"boss_relics":[],"items_purged_floors":[],"is_endless":false,"potions_floor_spawned":[2,5],"killed_by":"downfall:Defect","ascension_level":0}}