{"host":"2461dio7vetlq1z3","time":1608906156,"event":{"mods":["2.2 Compatiblity","AchievementEnabler","Aspiration","BaseMod","Better Third Choice","Hermit","Minty Spire (QoL Compilation)","Relic Stats","Spicy Shops","StSLib","The Runesmith","Waifu the Spire"],"gold_per_floor":[117,117,127,127,127,127,169,193,193,118,118,155,175,199,199,280,280,300,63,89,109,137,137,176,176,176,176,185,196,209,220,220,220,220],"floor_reached":33,"playtime":1438,"items_purged":["Strike_R"],"score":558,"play_id":"8ddc5b85-78b2-4882-8b66-875609234221","local_time":"20201225152236","is_ascension_mode":true,"campfire_choices":[{"data":"Bash","floor":6,"key":"SMITH"},{"floor":11,"key":"REST"},{"data":"Flame Barrier","floor":15,"key":"SMITH"},{"floor":23,"key":"REST"},{"floor":25,"key":"REST"},{"data":"Whirlwind","floor":27,"key":"SMITH"},{"data":"Juggernaut","floor":32,"key":"SMITH"}],"circlet_count":0,"master_deck":["AscendersBane","Strike_R","Strike_R","Strike_R+1","Defend_R","Defend_R","Defend_R","Defend_R","Bash+1","Flash of Steel","Rampage+1","Spot Weakness","Swivel","Shrug It Off","Headbutt","Flame Barrier+1","Shrug It Off","Whirlwind+1","Brutality","Burning Pact","Twin Strike+1","Inflame","Juggernaut+1","Warcry","Headbutt"],"relics":["Burning Blood","CeramicFish","Shuriken","Torii","aspiration:ChemicalBlood","aspiration:PoetsPen_weak","Anchor","aspiration:Stabinomicon","White Beast Statue"],"acts_visited":["Exordium","TheCity"],"potions_floor_usage":[16,18,20,21,22,22,24,24,33,33],"damage_taken":[{"damage":2,"enemies":"2 Louse","floor":1,"turns":4},{"damage":1,"enemies":"Small Slimes","floor":3,"turns":3},{"damage":30,"enemies":"Lagavulin","floor":7,"turns":6},{"damage":2,"enemies":"Jaw Worm","floor":8,"turns":4},{"damage":28,"enemies":"Gremlin Nob","floor":12,"turns":4},{"damage":2,"enemies":"Red Slaver","floor":13,"turns":3},{"damage":20,"enemies":"Exordium Wildlife","floor":14,"turns":5},{"damage":11,"enemies":"Hexaghost","floor":16,"turns":9},{"damage":3,"enemies":"Shell Parasite","floor":18,"turns":3},{"damage":7,"enemies":"3 Byrds","floor":20,"turns":4},{"damage":22,"enemies":"Shelled Parasite and Fungi","floor":21,"turns":5},{"damage":32,"enemies":"Chosen and Byrds","floor":22,"turns":5},{"damage":30,"enemies":"Book of Stabbing","floor":24,"turns":5},{"damage":0,"enemies":"Snake Plant","floor":29,"turns":2},{"damage":5,"enemies":"Centurion and Healer","floor":30,"turns":4},{"damage":20,"enemies":"Chosen and Byrds","floor":31,"turns":4},{"damage":32,"enemies":"Automaton","floor":33,"turns":6}],"seed_played":"1754418227654455123","potions_obtained":[{"floor":12,"key":"CultistPotion"},{"floor":13,"key":"EssenceOfSteel"},{"floor":16,"key":"AttackPotion"},{"floor":18,"key":"SkillPotion"},{"floor":21,"key":"SneckoOil"},{"floor":29,"key":"Dexterity Potion"}],"is_trial":false,"path_per_floor":["M","?","M","?","?","R","E","M","T","?","R","E","M","M","R","B",null,"M","$","M","M","M","R","E","R","T","R","?","M","M","M","R","B"],"character_chosen":"IRONCLAD","items_purchased":["Anchor"],"campfire_rested":3,"item_purchase_floors":[19],"current_hp_per_floor":[72,49,54,21,46,46,22,26,26,26,48,26,30,16,16,11,59,62,62,61,45,19,41,17,39,39,39,39,45,46,32,32,0,0],"gold":220,"neow_bonus":"RANDOM_COLORLESS","is_daily":false,"chose_seed":false,"campfire_upgraded":4,"win_rate":0.0,"timestamp":1608906156,"path_taken":["M","?","M","?","?","R","E","M","T","?","R","E","M","M","R","BOSS","M","$","M","M","M","R","E","R","T","R","?","?","M","M","R","BOSS"],"items_purchased_type":["Relic"],"build_version":"2020-12-22","purchased_purges":1,"victory":false,"max_hp_per_floor":[75,75,75,75,75,75,75,75,75,75,75,75,75,75,75,75,75,75,75,75,75,75,75,75,75,75,75,75,75,75,75,75,75,75],"relic_stats":{"Torii":23,"counters":[17,75],"Shuriken":[28],"CeramicFish":108,"obtain_stats":[{"Anchor":19,"Torii":9,"Shuriken":7,"CeramicFish":4,"aspiration:PoetsPen_weak":17,"aspiration:Stabinomicon":24,"Burning Blood":0,"White Beast Statue":26,"aspiration:ChemicalBlood":12},{"Anchor":9,"Torii":4,"Shuriken":3,"CeramicFish":2,"aspiration:PoetsPen_weak":8,"aspiration:Stabinomicon":13,"Burning Blood":0,"White Beast Statue":13,"aspiration:ChemicalBlood":5},{"Anchor":41,"Torii":17,"Shuriken":13,"CeramicFish":7,"aspiration:PoetsPen_weak":38,"aspiration:Stabinomicon":60,"Burning Blood":0,"White Beast Statue":60,"aspiration:ChemicalBlood":21}],"Burning Blood":96},"card_choices":[{"not_picked":["Panacea","Dramatic Entrance"],"picked":"Flash of Steel","floor":0},{"not_picked":["Flex","Perfected Strike"],"picked":"Rampage","floor":1},{"not_picked":["Intimidate","Flame Barrier"],"picked":"Spot Weakness","floor":3},{"not_picked":["Armaments","Havoc"],"picked":"Shrug It Off","floor":7},{"not_picked":["Flex","Bloodletting"],"picked":"Headbutt","floor":8},{"not_picked":["Pummel","True Grit"],"picked":"Flame Barrier","floor":12},{"not_picked":["Clash","Cleave"],"picked":"Shrug It Off","floor":13},{"not_picked":["Perfected Strike","Anger"],"picked":"Whirlwind","floor":14},{"not_picked":["Bludgeon","Demon Form"],"picked":"Brutality","floor":16},{"not_picked":["Evolve","Cleave"],"picked":"Burning Pact","floor":18},{"not_picked":["Anger","Seeing Red"],"picked":"Twin Strike+1","floor":20},{"not_picked":["Armaments","Clash"],"picked":"Inflame","floor":21},{"not_picked":["Twin Strike","True Grit"],"picked":"Juggernaut","floor":22},{"not_picked":["Clothesline","Shrug It Off"],"picked":"Warcry","floor":24},{"not_picked":["Sword Boomerang","Entrench","Armaments"],"picked":"SKIP","floor":29},{"not_picked":["Anger","Evolve","Body Slam"],"picked":"SKIP","floor":30},{"not_picked":["Sword Boomerang","Flex","Intimidate+1"],"picked":"SKIP","floor":31}],"player_experience":935115,"relics_obtained":[{"floor":7,"key":"Shuriken"},{"floor":9,"key":"Torii"},{"floor":12,"key":"aspiration:ChemicalBlood"},{"floor":24,"key":"aspiration:Stabinomicon"},{"floor":26,"key":"White Beast Statue"}],"event_choices":[{"damage_healed":72,"gold_gain":0,"player_choice":"Upgrade","damage_taken":23,"max_hp_gain":0,"max_hp_loss":75,"event_name":"betterThird:BetterShining","floor":2,"gold_loss":0,"cards_upgraded":["Strike_R","Rampage"]},{"damage_healed":25,"gold_gain":0,"player_choice":"Banana","damage_taken":0,"max_hp_gain":0,"max_hp_loss":0,"event_name":"Big Fish","floor":5,"gold_loss":0},{"cards_removed":["Strike_R"],"damage_healed":0,"gold_gain":0,"player_choice":"Card Removal","damage_taken":0,"max_hp_gain":0,"max_hp_loss":0,"event_name":"The Cleric","floor":10,"gold_loss":75},{"damage_healed":0,"gold_gain":0,"player_choice":"Copied","damage_taken":0,"max_hp_gain":0,"max_hp_loss":0,"event_name":"Duplicator","floor":28,"gold_loss":0,"cards_obtained":["Headbutt"]}],"is_beta":false,"boss_relics":[{"not_picked":["Ectoplasm","Empty Cage"],"picked":"aspiration:PoetsPen_weak"}],"items_purged_floors":[19],"is_endless":false,"potions_floor_spawned":[12,13,14,16,18,22,29,30,31],"killed_by":"Automaton","ascension_level":20}}