{"host":"lh9qfzqeqctr28d2","time":1608868191,"event":{"mods":["BaseMod","Minty Spire (QoL Compilation)","Quick Restart","Relic Stats","Remilia£®¿Ÿ√◊¿Ú—«£©","StSLib"],"gold_per_floor":[112,138,138,138,138,171,171,195,195,234,83,83,104,104,104,229,229,249,249,264,179,34,34,78,3,28,28,28,41,77,97,97,221,221,234,303,303,636,650,32,63,78,78,78,78,113,113,131,131,131],"floor_reached":51,"playtime":3180,"items_purged":["Defend_RM","Strike_RM"],"score":964,"play_id":"b937049a-c831-4242-80fe-a7845bdbc195","local_time":"20201225114951","is_ascension_mode":true,"campfire_choices":[{"data":"UnderTheZenith","floor":7.0,"key":"SMITH"},{"data":"BombardNight","floor":15.0,"key":"SMITH"},{"data":"DemonKingCradle","floor":23,"key":"SMITH"},{"data":"ScarletImprint","floor":28,"key":"SMITH"},{"data":"RedMoon","floor":32,"key":"SMITH"},{"data":"ScarletImprint","floor":45,"key":"SMITH"},{"floor":47,"key":"DIG"},{"floor":49,"key":"DIG"}],"circlet_count":0,"master_deck":["Strike_RM","Strike_RM","Defend_RM","Defend_RM","Defend_RM","RedMoon+1","ScarletShoot","UnderTheZenith+1","UnderTheZenith+1","BombardNight+1","UnstableMagic","ScarletDevil","DiffusionOfMisfortune","DemonKingCradle+1","MastersStateliness","ScarletImprint+1","EndlessAdversity+1","TwelveNightmare+1","BloodHunter","ScarletImprint+1","LeisurelyOfLord+1","StarOfDavid+1","ScarletImprint+1"],"relics":["ScarletHat","NeowsBlessing","ScarletDevilRocket","TypeBBloodRedTea","Eternal Feather","Blood Vial","Happy Flower","APieceOfRedMist","Ginger","HandDrill","Nunchaku","Nloth\u0027s Gift","MealTicket","ScarletEmblem","Shovel","Ornamental Fan","Kunai","Torii","Omamori","Pocketwatch","Blue Candle","Vajra"],"acts_visited":["Exordium","TheCity","TheBeyond"],"potions_floor_usage":[16,16,33,35,50,50,50,50],"damage_taken":[{"damage":0.0,"enemies":"Cultist","floor":1.0,"turns":1.0},{"damage":0.0,"enemies":"Gremlin Nob","floor":6.0,"turns":1.0},{"damage":0.0,"enemies":"Small Slimes","floor":8.0,"turns":1.0},{"damage":0.0,"enemies":"3 Sentries","floor":10.0,"turns":6.0},{"damage":0.0,"enemies":"Jaw Worm","floor":13.0,"turns":4.0},{"damage":19,"enemies":"The Guardian","floor":16,"turns":13},{"damage":0,"enemies":"Spheric Guardian","floor":18,"turns":1},{"damage":0,"enemies":"3 Byrds","floor":20,"turns":6},{"damage":16,"enemies":"Slavers","floor":24,"turns":4},{"damage":0,"enemies":"Snecko","floor":29,"turns":4},{"damage":8,"enemies":"Book of Stabbing","floor":30,"turns":6},{"damage":12,"enemies":"Snake Plant","floor":31,"turns":4},{"damage":20,"enemies":"Automaton","floor":33,"turns":7},{"damage":0,"enemies":"3 Shapes","floor":35,"turns":1},{"damage":19,"enemies":"2 Orb Walkers","floor":36,"turns":5},{"damage":12,"enemies":"Orb Walker","floor":39,"turns":5},{"damage":0,"enemies":"Giant Head","floor":41,"turns":5},{"damage":0,"enemies":"Maw","floor":42,"turns":5},{"damage":0,"enemies":"Reptomancer","floor":46,"turns":6},{"damage":9,"enemies":"Spire Growth","floor":48,"turns":5},{"damage":29,"enemies":"Time Eater","floor":50,"turns":5}],"seed_played":"5524515074160722431","potions_obtained":[{"floor":6.0,"key":"SkillPotion"},{"floor":10.0,"key":"SmokeBomb"},{"floor":13.0,"key":"Dexterity Potion"},{"floor":16,"key":"FearPotion"},{"floor":18,"key":"GamblersBrew"},{"floor":20,"key":"Explosive Potion"},{"floor":24,"key":"PowerPotion"},{"floor":33,"key":"Dexterity Potion"},{"floor":42,"key":"Ancient Potion"},{"floor":46,"key":"CultistPotion"}],"is_trial":false,"path_per_floor":["M","T","?","?","?","E","R","M","T","E","$","?","M","$","R","B",null,"M","?","M","?","$","R","E","$","T","?","R","M","E","M","R","B",null,"M","?","?","?","M","$","E","M","T","$","R","E","R","M","R","B",null],"character_chosen":"REMILIA","items_purchased":["Happy Flower","HandDrill","Ornamental Fan","Kunai","ScarletImprint"],"campfire_rested":0,"item_purchase_floors":[11,22,40,40,40],"current_hp_per_floor":[75,75,75,68,50,50,50,53,53,56,56,56,61,61,70,62,75,75,75,75,75,75,75,62,62,62,62,71,75,71,66,75,75,75,75,59,59,59,63,75,75,75,75,75,75,75,75,70,75,51],"gold":131,"neow_bonus":"THREE_ENEMY_KILL","is_daily":false,"chose_seed":false,"campfire_upgraded":6,"win_rate":0.0,"timestamp":1608868191,"path_taken":["M","?","?","?","?","E","R","?","T","E","$","?","M","?","R","BOSS","M","?","?","?","$","R","E","?","T","?","R","M","E","?","R","BOSS","M","?","?","?","M","$","E","M","T","?","R","E","R","M","R","BOSS"],"items_purchased_type":["Relic","Relic","Relic","Relic","Card"],"build_version":"2020-12-22","purchased_purges":2,"victory":true,"max_hp_per_floor":[75,75,75,75,75,75,75,75,75,75,75,75,75,75,75,75,75,75,75,75,75,75,75,75,75,75,75,75,75,75,75,75,75,75,75,75,75,75,75,75,75,75,75,75,75,75,75,75,75,75],"relic_stats":{"Happy Flower":[28],"Torii":3,"counters":[21,95],"Blue Candle":[0],"Eternal Feather":32,"Ginger":[10],"Blood Vial":10,"Nunchaku":[14],"Shovel":2,"Ornamental Fan":[56],"MealTicket":12,"HandDrill":[12],"Nloth\u0027s Gift":1,"Kunai":[14],"obtain_stats":[{"Potion Belt":24,"TypeBBloodRedTea":6,"ScarletDevilRocket":2,"NeowsBlessing":0,"Happy Flower":11,"Torii":41,"Golden Idol":5,"Blue Candle":47,"Vajra":49,"Eternal Feather":9,"Omamori":43,"Ginger":21,"ScarletEmblem":34,"ScarletHat":0,"Blood Vial":10,"APieceOfRedMist":17,"Nunchaku":26,"Shovel":36,"Ornamental Fan":40,"MealTicket":30,"HandDrill":22,"Nloth\u0027s Gift":27,"Kunai":40,"Pocketwatch":46},{"Potion Belt":9,"TypeBBloodRedTea":2,"ScarletDevilRocket":1,"NeowsBlessing":0,"Happy Flower":4,"Torii":17,"Golden Idol":1,"Blue Candle":19,"Vajra":20,"Eternal Feather":3,"Omamori":18,"Ginger":8,"ScarletEmblem":13,"ScarletHat":0,"Blood Vial":4,"APieceOfRedMist":6,"Nunchaku":9,"Shovel":15,"Ornamental Fan":16,"MealTicket":11,"HandDrill":8,"Nloth\u0027s Gift":9,"Kunai":16,"Pocketwatch":19},{"Potion Belt":37,"TypeBBloodRedTea":2,"ScarletDevilRocket":1,"NeowsBlessing":0,"Happy Flower":9,"Torii":74,"Golden Idol":1,"Blue Candle":85,"Vajra":90,"Eternal Feather":3,"Omamori":79,"Ginger":33,"ScarletEmblem":58,"ScarletHat":0,"Blood Vial":9,"APieceOfRedMist":26,"Nunchaku":37,"Shovel":64,"Ornamental Fan":69,"MealTicket":47,"HandDrill":33,"Nloth\u0027s Gift":37,"Kunai":69,"Pocketwatch":85}],"Pocketwatch":[3]},"card_choices":[{"not_picked":["MiserableFate","CharismaGuard"],"picked":"UnderTheZenith","floor":1.0},{"not_picked":["MiserableFate","CharismaGuard"],"picked":"UnderTheZenith","floor":1.0},{"not_picked":["SuperhumanBloodyKnife","VampirishNight"],"picked":"BombardNight","floor":6.0},{"not_picked":["EndlessAdversity","AfternoonTea"],"picked":"UnstableMagic","floor":8.0},{"not_picked":["Maim","CeilingFear"],"picked":"ScarletDevil","floor":10.0},{"not_picked":["RedMagic","NightDance"],"picked":"DiffusionOfMisfortune","floor":13.0},{"not_picked":["BloodRain","CurseOfVladTepes"],"picked":"DemonKingCradle","floor":16},{"not_picked":["AfternoonTea","ScarletImprint"],"picked":"MastersStateliness","floor":18},{"not_picked":["ScarletDevil","StarOfDavid"],"picked":"ScarletImprint","floor":20},{"not_picked":["DemonKingCradle","DiffusionOfMisfortune"],"picked":"EndlessAdversity+1","floor":24},{"not_picked":["BlasphemousPunishment","MastersStateliness"],"picked":"TwelveNightmare+1","floor":29},{"not_picked":["BloodyCatastrophe","ScarletDream"],"picked":"BloodHunter","floor":30},{"not_picked":["ScarletDevil","BloodHunter","BombardNight"],"picked":"SKIP","floor":31},{"not_picked":["TwelveNightmare","ScarletDevil","EndlessAdversity+1"],"picked":"SKIP","floor":35},{"not_picked":["CharismaGuard","VampirishNight","Stigmanizer"],"picked":"SKIP","floor":39},{"not_picked":["DevilSight","MiserableFate+1"],"picked":"LeisurelyOfLord+1","floor":41},{"not_picked":["VampireSweep","UnstableMagic+1"],"picked":"StarOfDavid+1","floor":42},{"not_picked":["EternalNight","ForbiddenFruit"],"picked":"ScarletImprint+1","floor":46},{"not_picked":["BloodyTrap+1","BloodRain","HunterOfTheNight+1"],"picked":"SKIP","floor":48}],"player_experience":357785,"relics_obtained":[{"floor":2.0,"key":"ScarletDevilRocket"},{"floor":6.0,"key":"TypeBBloodRedTea"},{"floor":9.0,"key":"Eternal Feather"},{"floor":10.0,"key":"Blood Vial"},{"floor":24,"key":"Potion Belt"},{"floor":26,"key":"Nunchaku"},{"floor":30,"key":"MealTicket"},{"floor":36,"key":"Shovel"},{"floor":41,"key":"Torii"},{"floor":43,"key":"Omamori"},{"floor":46,"key":"Pocketwatch"},{"floor":47,"key":"Blue Candle"},{"floor":49,"key":"Vajra"}],"event_choices":[{"damage_healed":0.0,"max_hp_gain":0.0,"max_hp_loss":0.0,"gold_gain":0.0,"event_name":"The Cleric","player_choice":"Leave","floor":3.0,"gold_loss":0.0,"damage_taken":0.0},{"cards_removed":["Strike_RM"],"damage_healed":0.0,"max_hp_gain":0.0,"max_hp_loss":0.0,"gold_gain":0.0,"event_name":"Golden Wing","player_choice":"Card Removal","floor":4.0,"gold_loss":0.0,"damage_taken":7.0},{"damage_healed":0.0,"max_hp_gain":0.0,"max_hp_loss":0.0,"gold_gain":0.0,"event_name":"Golden Idol","player_choice":"Take Damage","floor":5.0,"gold_loss":0.0,"damage_taken":18.0,"relics_obtained":["Golden Idol"]},{"damage_healed":0.0,"max_hp_gain":0.0,"max_hp_loss":0.0,"gold_gain":0.0,"event_name":"Liars Game","player_choice":"Ignored","floor":12.0,"gold_loss":0.0,"damage_taken":0.0},{"damage_healed":0,"gold_gain":0,"player_choice":"Bought 0 Potions","damage_taken":0,"max_hp_gain":0,"max_hp_loss":0,"event_name":"The Woman in Blue","floor":19,"gold_loss":0},{"damage_healed":0,"gold_gain":0,"player_choice":"Obtained Relic","damage_taken":0,"relics_obtained":["Ginger"],"max_hp_gain":0,"max_hp_loss":0,"event_name":"Addict","floor":21,"gold_loss":85},{"damage_healed":0,"gold_gain":0,"player_choice":"Traded Relic","damage_taken":0,"relics_obtained":["Nloth\u0027s Gift"],"max_hp_gain":0,"max_hp_loss":0,"event_name":"N\u0027loth","floor":27,"relics_lost":["Potion Belt"],"gold_loss":0},{"damage_healed":0,"gold_gain":0,"player_choice":"Fight","damage_taken":0,"max_hp_gain":0,"max_hp_loss":0,"event_name":"Mysterious Sphere","floor":36,"gold_loss":0},{"damage_healed":0,"gold_gain":0,"player_choice":"Memory 1","damage_taken":0,"max_hp_gain":0,"max_hp_loss":0,"event_name":"SensoryStone","floor":37,"gold_loss":0},{"damage_healed":0,"gold_gain":333,"player_choice":"Gave Idol","damage_taken":0,"max_hp_gain":0,"max_hp_loss":0,"event_name":"The Moai Head","floor":38,"relics_lost":["Golden Idol"],"gold_loss":0}],"is_beta":false,"boss_relics":[{"not_picked":["Velvet Choker","Fusion Hammer"],"picked":"APieceOfRedMist"},{"not_picked":["Philosopher\u0027s Stone","Cursed Key"],"picked":"ScarletEmblem"}],"items_purged_floors":[25,40],"is_endless":false,"potions_floor_spawned":[6,10,13,16,18,20,24,33,42,46],"ascension_level":1}}