{"host":"yn17ruofed46ymbq","time":1608924922,"event":{"mods":["AchievementEnabler","BaseMod","Colored Map","Colored Powertips","DeckTracker","Highlight Path","Keyboard Shortcuts","Minty Spire (QoL Compilation)","Permanent Neow","Quick Restart","Rare Cards Sparkle","Relic Stats","SuperFastMode"],"gold_per_floor":[114,124,143,159,159,184,184,219,242,270,270,286,317,335,335,436,436,448,465,465,484,499,119,135,55,55,55,55,74,84,100,100,100,100],"floor_reached":33,"playtime":8403,"items_purged":["Strike_R"],"score":382,"play_id":"2e0542e9-246f-40d3-8bdf-f26fbe268b06","local_time":"20201226043522","is_ascension_mode":true,"campfire_choices":[{"floor":7.0,"key":"REST"},{"floor":11.0,"key":"REST"},{"data":"Second Wind","floor":15.0,"key":"SMITH"},{"floor":27.0,"key":"REST"},{"floor":32.0,"key":"REST"}],"circlet_count":0,"master_deck":["Defend_R","Defend_R","Defend_R","Bash","Cleave","Wild Strike","Burning Pact","Battle Trance","Infernal Blade","Immolate","Second Wind+1","Carnage","Juggernaut","Flame Barrier","Exhume","Dual Wield+1","Limit Break+1","Disarm+1","Rage+1","Body Slam","Havoc+1","Reckless Charge","Rupture+1","Blood for Blood"],"relics":["Burning Blood","NeowsBlessing","Lantern","Red Skull","Toy Ornithopter","Ancient Tea Set","Bag of Preparation","Astrolabe","ClockworkSouvenir","Nunchaku","Smiling Mask"],"acts_visited":["Exordium","TheCity"],"potions_floor_usage":[33,33],"damage_taken":[{"damage":0.0,"enemies":"Jaw Worm","floor":1.0,"turns":1.0},{"damage":0.0,"enemies":"Small Slimes","floor":2.0,"turns":1.0},{"damage":0.0,"enemies":"Cultist","floor":3.0,"turns":1.0},{"damage":16.0,"enemies":"Blue Slaver","floor":4.0,"turns":4.0},{"damage":35.0,"enemies":"3 Sentries","floor":6.0,"turns":9.0},{"damage":18.0,"enemies":"Gremlin Nob","floor":8.0,"turns":3.0},{"damage":10.0,"enemies":"3 Sentries","floor":10.0,"turns":3.0},{"damage":0.0,"enemies":"2 Fungi Beasts","floor":12.0,"turns":1.0},{"damage":18.0,"enemies":"Gremlin Nob","floor":13.0,"turns":3.0},{"damage":4.0,"enemies":"Red Slaver","floor":14.0,"turns":2.0},{"damage":61.0,"enemies":"Hexaghost","floor":16.0,"turns":9.0},{"damage":27.0,"enemies":"Shell Parasite","floor":18.0,"turns":8.0},{"damage":10.0,"enemies":"3 Byrds","floor":19.0,"turns":3.0},{"damage":8.0,"enemies":"Snake Plant","floor":21.0,"turns":4.0},{"damage":31.0,"enemies":"Sentry and Sphere","floor":22.0,"turns":5.0},{"damage":30.0,"enemies":"Centurion and Healer","floor":24.0,"turns":8.0},{"damage":27.0,"enemies":"Shelled Parasite and Fungi","floor":29.0,"turns":9.0},{"damage":0.0,"enemies":"Snake Plant","floor":30.0,"turns":3.0},{"damage":12.0,"enemies":"Chosen and Byrds","floor":31.0,"turns":3.0},{"damage":63,"enemies":"Champ","floor":33,"turns":10}],"seed_played":"5551398389044374490","potions_obtained":[{"floor":4.0,"key":"LiquidBronze"},{"floor":6.0,"key":"AttackPotion"},{"floor":8.0,"key":"Strength Potion"},{"floor":13.0,"key":"Ancient Potion"},{"floor":14.0,"key":"Strength Potion"},{"floor":18.0,"key":"Explosive Potion"},{"floor":22.0,"key":"Dexterity Potion"},{"floor":30.0,"key":"Dexterity Potion"},{"floor":31.0,"key":"Strength Potion"}],"is_trial":false,"path_per_floor":["M","M","M","M","?","E","R","E","T","E","R","M","E","M","R","B",null,"M","M","?","M","M","$","M","$","T","R","?","M","M","M","R","B"],"character_chosen":"IRONCLAD","items_purchased":["ClockworkSouvenir","Nunchaku","Reckless Charge"],"campfire_rested":4,"item_purchase_floors":[23,23,25],"current_hp_per_floor":[78,80,80,70,63,34,58,46,46,47,71,77,65,67,67,22,66,45,46,72,70,45,45,26,26,26,50,50,29,35,29,53,0,0],"gold":100,"neow_bonus":"THREE_ENEMY_KILL","is_daily":false,"chose_seed":false,"campfire_upgraded":1,"win_rate":0.0,"timestamp":1608924922,"path_taken":["M","M","M","M","?","E","R","E","T","E","R","M","E","M","R","BOSS","M","M","?","M","M","$","M","$","T","R","?","M","?","M","R","BOSS"],"items_purchased_type":["Relic","Relic","Card"],"build_version":"2020-12-13","purchased_purges":1,"victory":false,"max_hp_per_floor":[80,80,80,80,80,80,80,80,80,80,80,80,80,80,80,80,80,80,80,80,80,80,80,80,80,80,80,80,80,80,80,80,80,80],"relic_stats":{"Nunchaku":[5],"counters":[20,90],"Astrolabe":["Dual Wield","Limit Break","Disarm"],"Bag of Preparation":[22],"Smiling Mask":0,"obtain_stats":[{"Lantern":6,"Nunchaku":23,"NeowsBlessing":0,"Astrolabe":17,"Bag of Preparation":13,"Ancient Tea Set":10,"Smiling Mask":26,"Burning Blood":0,"Red Skull":8,"Toy Ornithopter":9,"ClockworkSouvenir":23},{"Lantern":5,"Nunchaku":15,"NeowsBlessing":0,"Astrolabe":11,"Bag of Preparation":9,"Ancient Tea Set":7,"Smiling Mask":16,"Burning Blood":0,"Red Skull":6,"Toy Ornithopter":6,"ClockworkSouvenir":15},{"Lantern":16,"Nunchaku":57,"NeowsBlessing":0,"Astrolabe":37,"Bag of Preparation":26,"Ancient Tea Set":22,"Smiling Mask":65,"Burning Blood":0,"Red Skull":19,"Toy Ornithopter":19,"ClockworkSouvenir":57}],"Burning Blood":104,"Toy Ornithopter":35},"card_choices":[{"not_picked":["Armaments","Thunderclap"],"picked":"Cleave","floor":1.0},{"not_picked":["Heavy Blade","Twin Strike"],"picked":"Wild Strike","floor":2.0},{"not_picked":["Metallicize","Anger"],"picked":"Burning Pact","floor":3.0},{"not_picked":["Clothesline","Flex"],"picked":"Battle Trance","floor":4.0},{"not_picked":["Burning Pact","Cleave"],"picked":"Infernal Blade","floor":6.0},{"not_picked":["Dark Embrace","Perfected Strike"],"picked":"Immolate","floor":8.0},{"not_picked":["Thunderclap","Clash"],"picked":"Second Wind","floor":10.0},{"not_picked":["Anger","Clash"],"picked":"Carnage","floor":12.0},{"not_picked":["Battle Trance","Clothesline"],"picked":"Juggernaut","floor":13.0},{"not_picked":["Battle Trance","Anger"],"picked":"Flame Barrier","floor":14.0},{"not_picked":["Double Tap","Brutality"],"picked":"Exhume","floor":16.0},{"not_picked":["Twin Strike","Hemokinesis+1"],"picked":"Rage+1","floor":18.0},{"not_picked":["Pommel Strike","Clash","Second Wind"],"picked":"SKIP","floor":19.0},{"not_picked":["Clash","Second Wind"],"picked":"Body Slam","floor":21.0},{"not_picked":["Pommel Strike","Clothesline"],"picked":"Havoc+1","floor":22.0},{"not_picked":["Flex","Havoc+1","Sword Boomerang"],"picked":"SKIP","floor":24.0},{"not_picked":["Flex","Sword Boomerang+1"],"picked":"Rupture+1","floor":29.0},{"not_picked":["Armaments","Headbutt","Feed"],"picked":"SKIP","floor":30.0},{"not_picked":["Sword Boomerang","Heavy Blade"],"picked":"Blood for Blood","floor":31.0}],"player_experience":454302,"relics_obtained":[{"floor":6.0,"key":"Lantern"},{"floor":8.0,"key":"Red Skull"},{"floor":9.0,"key":"Toy Ornithopter"},{"floor":10.0,"key":"Ancient Tea Set"},{"floor":13.0,"key":"Bag of Preparation"},{"floor":26.0,"key":"Smiling Mask"}],"event_choices":[{"cards_removed":["Strike_R"],"damage_healed":0.0,"max_hp_gain":0.0,"max_hp_loss":0.0,"gold_gain":0.0,"event_name":"Golden Wing","player_choice":"Card Removal","floor":5.0,"gold_loss":0.0,"damage_taken":7.0},{"damage_healed":26.0,"max_hp_gain":0.0,"max_hp_loss":0.0,"gold_gain":0.0,"event_name":"The Library","player_choice":"Heal","floor":20.0,"gold_loss":0.0,"damage_taken":0.0},{"cards_removed":["Strike_R"],"damage_healed":0.0,"max_hp_gain":0.0,"max_hp_loss":0.0,"gold_gain":0.0,"event_name":"Purifier","player_choice":"Purged","floor":28.0,"gold_loss":0.0,"damage_taken":0.0}],"is_beta":false,"boss_relics":[{"not_picked":["Snecko Eye","Mark of Pain"],"picked":"Astrolabe"}],"items_purged_floors":[23],"is_endless":false,"potions_floor_spawned":[4,6,8,13,14,18,22,30,31],"killed_by":"Champ","ascension_level":7}}