{"host":"Melcetto","time":1608860910,"event":{"mods":["AlwaysNeverKeys","BaseMod","Better Vampires","Colored Map","Colored Powertips","DeckTracker","Emptier Cage","Minty Spire (QoL Compilation)","Permanent Neow","Quick Restart","Random Character Button","Rare Cards Sparkle","Relic Sorter","Relic Stats","StSLib","Transform Curses"],"gold_per_floor":[20,35,35,35,51,79,79,110,191,226,237,251,18,37,37,114,114,129,129,129,142,157,157,190,190,268,283,315,344,379,379,379,456,456,469,488,504,504,404,433,433,468,468,107,133,164,209,232,244,256,268,280,292,8,38,38,38],"floor_reached":56,"playtime":14539,"items_purged":["Strike_R","Anger","Strike_R"],"score":2205,"play_id":"4f2eba08-8608-42ef-9462-4cb675cbccf5","local_time":"20201224204830","is_ascension_mode":true,"campfire_choices":[{"data":"Armaments","floor":7.0,"key":"SMITH"},{"data":"Uppercut","floor":15.0,"key":"SMITH"},{"data":"Fiend Fire","floor":23.0,"key":"SMITH"},{"data":"Ghostly","floor":25,"key":"SMITH"},{"data":"Feel No Pain","floor":32,"key":"SMITH"},{"data":"Demon Form","floor":41,"key":"SMITH"},{"data":"Impervious","floor":49,"key":"SMITH"},{"data":"PanicButton","floor":53,"key":"SMITH"}],"circlet_count":0,"master_deck":["AscendersBane","Strike_R","Defend_R","Defend_R","Defend_R","Defend_R","Battle Trance","Uppercut+1","Armaments+1","Feel No Pain+1","Feed","Shrug It Off","Shockwave","Impervious+1","Fiend Fire+1","Shrug It Off","Ghostly+1","Ghostly","Ghostly","Corruption","Body Slam+1","Demon Form+1","Heavy Blade+1","Reaper+1","Dual Wield+1","PanicButton+1","Limit Break","Heavy Blade+1","Shockwave","Offering"],"relics":["Burning Blood","Charon\u0027s Ashes","Regal Pillow","Question Card","Meat on the Bone","Anchor","Velvet Choker","PreservedInsect","Molten Egg 2","Oddly Smooth Stone","Red Mask","Omamori","Philosopher\u0027s Stone","Potion Belt","Smiling Mask","FossilizedHelix","Brimstone","MawBank","The Courier","Happy Flower","Bronze Scales","Eternal Feather"],"acts_visited":["Exordium","TheCity","TheBeyond","TheEnding"],"potions_floor_usage":[33,56,56,56],"damage_taken":[{"damage":8.0,"enemies":"Small Slimes","floor":1.0,"turns":4.0},{"damage":3.0,"enemies":"2 Louse","floor":2.0,"turns":3.0},{"damage":0.0,"enemies":"Cultist","floor":5.0,"turns":3.0},{"damage":29.0,"enemies":"Gremlin Nob","floor":6.0,"turns":4.0},{"damage":19.0,"enemies":"Lagavulin","floor":8.0,"turns":5.0},{"damage":26.0,"enemies":"Gremlin Nob","floor":10.0,"turns":4.0},{"damage":3.0,"enemies":"Looter","floor":11.0,"turns":4.0},{"damage":7.0,"enemies":"Red Slaver","floor":12.0,"turns":3.0},{"damage":12.0,"enemies":"Gremlin Gang","floor":14.0,"turns":5.0},{"damage":45.0,"enemies":"Slime Boss","floor":16.0,"turns":10.0},{"damage":23.0,"enemies":"Spheric Guardian","floor":18.0,"turns":7.0},{"damage":0.0,"enemies":"3 Byrds","floor":21.0,"turns":5.0},{"damage":3.0,"enemies":"Snecko","floor":22.0,"turns":7.0},{"damage":4,"enemies":"Gremlin Leader","floor":24,"turns":6},{"damage":1,"enemies":"3 Cultists","floor":27,"turns":5},{"damage":0,"enemies":"Slavers","floor":28,"turns":4},{"damage":0,"enemies":"Masked Bandits","floor":29,"turns":3},{"damage":0,"enemies":"Book of Stabbing","floor":30,"turns":4},{"damage":17,"enemies":"Automaton","floor":33,"turns":14},{"damage":0,"enemies":"Orb Walker","floor":35,"turns":2},{"damage":0,"enemies":"3 Darklings","floor":36,"turns":7},{"damage":2,"enemies":"Transient","floor":37,"turns":6},{"damage":19,"enemies":"Nemesis","floor":40,"turns":4},{"damage":0,"enemies":"Giant Head","floor":42,"turns":6},{"damage":0,"enemies":"Spire Growth","floor":46,"turns":5},{"damage":14,"enemies":"Nemesis","floor":47,"turns":3},{"damage":0,"enemies":"Maw","floor":48,"turns":6},{"damage":14,"enemies":"Time Eater","floor":50,"turns":9},{"damage":9,"enemies":"Awakened One","floor":51,"turns":6},{"damage":12,"enemies":"Shield and Spear","floor":55,"turns":5},{"damage":71,"enemies":"The Heart","floor":56,"turns":5}],"seed_played":"2517991422979724535","potions_obtained":[{"floor":2.0,"key":"AttackPotion"},{"floor":8.0,"key":"Energy Potion"},{"floor":12.0,"key":"EntropicBrew"},{"floor":14.0,"key":"ElixirPotion"},{"floor":16.0,"key":"SteroidPotion"},{"floor":18.0,"key":"FairyPotion"},{"floor":36,"key":"FearPotion"},{"floor":46,"key":"PowerPotion"},{"floor":55,"key":"Weak Potion"}],"is_trial":false,"path_per_floor":["M","M","?","?","M","E","R","E","T","E","M","M","$","M","R","B",null,"M","?","?","M","M","R","E","R","T","M","E","?","E","?","R","B",null,"M","M","M","?","$","E","R","E","T","$","T","M","E","M","R","B","B",null,"R","$","E","B"],"character_chosen":"IRONCLAD","items_purchased":["Anchor","Brimstone","Swift Potion","PanicButton","Happy Flower","Bronze Scales","Swift Potion"],"campfire_rested":0,"item_purchase_floors":[13,44,44,44,54,54,54],"current_hp_per_floor":[66,69,62,62,68,45,45,32,32,12,31,42,42,52,52,39,72,55,41,38,45,45,45,45,45,45,48,48,48,51,51,51,40,48,51,51,51,51,51,38,38,51,51,51,51,54,54,54,54,54,51,53,53,53,47,0,0],"gold":38,"neow_bonus":"TRANSFORM_TWO_CARDS","is_daily":false,"chose_seed":false,"campfire_upgraded":8,"win_rate":0.0,"timestamp":1608860910,"path_taken":["M","M","?","?","M","E","R","E","T","E","M","?","$","M","R","BOSS","M","?","?","?","?","R","E","R","T","M","E","?","E","?","R","BOSS","M","?","M","?","$","E","R","E","T","$","?","M","E","M","R","BOSS","BOSS","R","$","E","BOSS"],"items_purchased_type":["Relic","Relic","Potion","Card","Relic","Relic","Potion"],"build_version":"2020-12-18","purchased_purges":3,"victory":false,"max_hp_per_floor":[75,75,75,75,75,75,75,75,75,75,79,79,79,83,83,83,83,83,41,41,45,45,45,45,45,45,48,48,48,51,51,51,51,51,51,51,51,51,51,51,51,51,51,51,51,54,54,54,54,54,54,54,54,54,54,54,54],"relic_stats":{"Regal Pillow":0,"Happy Flower":[3],"counters":[31,164],"Eternal Feather":0,"Charon\u0027s Ashes":[1010],"PreservedInsect":390,"Question Card":23,"Smiling Mask":75,"MawBank":108,"Burning Blood":106,"Bronze Scales":[99],"obtain_stats":[{"Potion Belt":40,"Regal Pillow":8,"Happy Flower":54,"Velvet Choker":17,"Oddly Smooth Stone":28,"Eternal Feather":55,"Charon\u0027s Ashes":6,"PreservedInsect":24,"The Courier":47,"Omamori":30,"Question Card":9,"Smiling Mask":42,"MawBank":45,"Burning Blood":0,"Anchor":13,"Brimstone":44,"Bronze Scales":54,"Molten Egg 2":26,"Philosopher\u0027s Stone":34,"Red Mask":29,"FossilizedHelix":43,"Meat on the Bone":10},{"Potion Belt":23,"Regal Pillow":5,"Happy Flower":29,"Velvet Choker":10,"Oddly Smooth Stone":16,"Eternal Feather":30,"Charon\u0027s Ashes":4,"PreservedInsect":14,"The Courier":26,"Omamori":18,"Question Card":5,"Smiling Mask":24,"MawBank":24,"Burning Blood":0,"Anchor":8,"Brimstone":24,"Bronze Scales":29,"Molten Egg 2":14,"Philosopher\u0027s Stone":19,"Red Mask":17,"FossilizedHelix":24,"Meat on the Bone":6},{"Potion Belt":119,"Regal Pillow":19,"Happy Flower":154,"Velvet Choker":45,"Oddly Smooth Stone":79,"Eternal Feather":159,"Charon\u0027s Ashes":14,"PreservedInsect":70,"The Courier":133,"Omamori":86,"Question Card":19,"Smiling Mask":125,"MawBank":125,"Burning Blood":0,"Anchor":30,"Brimstone":125,"Bronze Scales":154,"Molten Egg 2":70,"Philosopher\u0027s Stone":100,"Red Mask":82,"FossilizedHelix":125,"Meat on the Bone":23}],"Meat on the Bone":48},"card_choices":[{"not_picked":["Clothesline","Dark Embrace"],"picked":"Anger","floor":1.0},{"not_picked":["Combust","Iron Wave"],"picked":"Uppercut","floor":2.0},{"not_picked":["Iron Wave","Pommel Strike"],"picked":"Armaments","floor":5.0},{"not_picked":["Clash","Bloodletting"],"picked":"Feel No Pain","floor":6.0},{"not_picked":["Rampage","Heavy Blade","Wild Strike"],"picked":"SKIP","floor":8.0},{"not_picked":["Evolve","Sword Boomerang","Infernal Blade"],"picked":"Feed","floor":10.0},{"not_picked":["Cleave","Clash","Metallicize"],"picked":"Shrug It Off","floor":11.0},{"not_picked":["Iron Wave","Flex","Bloodletting"],"picked":"Shockwave","floor":12.0},{"not_picked":["Second Wind","Wild Strike","Burning Pact"],"picked":"Impervious","floor":14.0},{"not_picked":["Impervious","Feed","Double Tap"],"picked":"Fiend Fire","floor":16.0},{"not_picked":["Power Through","Anger","Battle Trance"],"picked":"Shrug It Off","floor":18.0},{"not_picked":["Intimidate","Second Wind","Iron Wave","Cleave"],"picked":"SKIP","floor":21.0},{"not_picked":["Iron Wave","Sever Soul+1","Second Wind","Clothesline"],"picked":"SKIP","floor":22.0},{"not_picked":["Bludgeon","Carnage","Warcry","Sword Boomerang"],"picked":"SKIP","floor":24},{"not_picked":["Inflame","Clash+1","Blood for Blood+1"],"picked":"Corruption","floor":27},{"not_picked":["Heavy Blade+1","Pommel Strike+1","Fire Breathing","Shrug It Off"],"picked":"SKIP","floor":28},{"not_picked":["Anger+1","Blood for Blood+1","Sever Soul+1"],"picked":"Body Slam+1","floor":29},{"not_picked":["Carnage+1","Dropkick+1","Intimidate","Wild Strike+1"],"picked":"SKIP","floor":30},{"not_picked":["Berserk","Corruption","Limit Break"],"picked":"Demon Form","floor":33},{"not_picked":["Sever Soul+1","Havoc","Thunderclap+1","Clash+1"],"picked":"SKIP","floor":35},{"not_picked":["Twin Strike+1","Shrug It Off","Headbutt+1"],"picked":"Heavy Blade+1","floor":36},{"not_picked":["Dark Embrace","Bludgeon+1","Wild Strike+1","Armaments"],"picked":"SKIP","floor":37},{"not_picked":["Intimidate+1","Sever Soul+1","Perfected Strike+1"],"picked":"Reaper+1","floor":40},{"not_picked":["Perfected Strike+1","Iron Wave+1","Dark Embrace"],"picked":"Dual Wield+1","floor":42},{"not_picked":["True Grit","Second Wind","Pommel Strike+1"],"picked":"Limit Break","floor":46},{"not_picked":["Rupture","Brutality","Inflame"],"picked":"Heavy Blade+1","floor":47},{"not_picked":["Clash+1","Body Slam+1","Havoc"],"picked":"Shockwave","floor":48},{"not_picked":["Carnage+1","Searing Blow+1","Shrug It Off"],"picked":"Offering","floor":55}],"player_experience":18806124,"relics_obtained":[{"floor":6.0,"key":"Charon\u0027s Ashes"},{"floor":8.0,"key":"Regal Pillow"},{"floor":9.0,"key":"Question Card"},{"floor":10.0,"key":"Meat on the Bone"},{"floor":24,"key":"PreservedInsect"},{"floor":26,"key":"Molten Egg 2"},{"floor":28,"key":"Oddly Smooth Stone"},{"floor":29,"key":"Red Mask"},{"floor":30,"key":"Omamori"},{"floor":40,"key":"Potion Belt"},{"floor":42,"key":"Smiling Mask"},{"floor":43,"key":"FossilizedHelix"},{"floor":45,"key":"MawBank"},{"floor":47,"key":"The Courier"},{"floor":55,"key":"Eternal Feather"}],"event_choices":[{"cards_removed":["Perfected Strike"],"damage_healed":0.0,"max_hp_gain":0.0,"max_hp_loss":0.0,"gold_gain":0.0,"event_name":"Golden Wing","player_choice":"Card Removal","floor":3.0,"gold_loss":0.0,"damage_taken":7.0},{"cards_removed":["Bash"],"damage_healed":0.0,"max_hp_gain":0.0,"max_hp_loss":0.0,"gold_gain":0.0,"event_name":"Purifier","player_choice":"Purged","floor":4.0,"gold_loss":0.0,"damage_taken":0.0},{"damage_healed":0.0,"max_hp_gain":0.0,"max_hp_loss":42.0,"gold_gain":0.0,"event_name":"Ghosts","player_choice":"Became a Ghost","floor":19.0,"gold_loss":0.0,"damage_taken":0.0,"cards_obtained":["Ghostly","Ghostly","Ghostly"]},{"damage_healed":0.0,"max_hp_gain":0.0,"max_hp_loss":0.0,"gold_gain":0.0,"event_name":"The Woman in Blue","player_choice":"Bought 0 Potions","floor":20.0,"gold_loss":0.0,"damage_taken":0.0},{"damage_healed":0,"gold_gain":0,"player_choice":"Fought Bandits","damage_taken":0,"max_hp_gain":0,"max_hp_loss":0,"event_name":"Masked Bandits","floor":29,"gold_loss":0},{"damage_healed":0,"gold_gain":0,"player_choice":"Full Heal","damage_taken":0,"max_hp_gain":0,"max_hp_loss":0,"event_name":"Wheel of Change","floor":31,"gold_loss":0},{"damage_healed":0,"gold_gain":0,"player_choice":"Ignored","damage_taken":0,"max_hp_gain":0,"max_hp_loss":0,"event_name":"SecretPortal","floor":38,"gold_loss":0}],"is_beta":true,"boss_relics":[{"not_picked":["Black Blood","Tiny House"],"picked":"Velvet Choker"},{"not_picked":["Mark of Pain","Runic Dome"],"picked":"Philosopher\u0027s Stone"}],"items_purged_floors":[13,39,44],"is_endless":false,"potions_floor_spawned":[2,8,12,14,16,18,21,22,36,46,48,55],"killed_by":"The Heart","ascension_level":20}}