{"host":"wkq136ike0ligh15","time":1608871200,"event":{"mods":["Bard","BaseMod","Clockwork Mod","Minty Spire (QoL Compilation)","StSLib"],"gold_per_floor":[119,15,27,102,102,102,134,152,225,225,240,268,284,284,284,284,284],"floor_reached":16,"playtime":513,"items_purged":[],"score":135,"play_id":"36b95579-c85e-46de-b9f0-16fe98c7acf6","local_time":"20201224234000","is_ascension_mode":false,"campfire_choices":[{"floor":6.0,"key":"RECALL"},{"data":"Dagger Spray","floor":10.0,"key":"SMITH"},{"floor":15.0,"key":"REST"}],"circlet_count":0,"master_deck":["Strike_G","Strike_G","Strike_G","Strike_G","Defend_G","Defend_G","Defend_G","Defend_G","Defend_G","Survivor","Neutralize","Dagger Spray+1","Bane","Deadly Poison","Choke","Expertise","PiercingWail+1","Distraction+1","Dagger Throw"],"relics":["Ring of the Snake","NeowsBlessing","Regal Pillow","Toxic Egg 2","Unceasing Top"],"acts_visited":["Exordium"],"potions_floor_usage":[],"damage_taken":[{"damage":0.0,"enemies":"Small Slimes","floor":1.0,"turns":1.0},{"damage":0.0,"enemies":"2 Louse","floor":3.0,"turns":1.0},{"damage":0.0,"enemies":"Lagavulin","floor":7.0,"turns":1.0},{"damage":0.0,"enemies":"Cultist","floor":8.0,"turns":3.0},{"damage":10.0,"enemies":"Looter","floor":11.0,"turns":3.0},{"damage":45.0,"enemies":"3 Sentries","floor":12.0,"turns":8.0},{"damage":4.0,"enemies":"Exordium Thugs","floor":13.0,"turns":6.0},{"damage":61,"enemies":"The Guardian","floor":16,"turns":17}],"seed_played":"2102683885987144827","potions_obtained":[{"floor":1.0,"key":"Ancient Potion"},{"floor":3.0,"key":"GamblersBrew"},{"floor":8.0,"key":"SmokeBomb"}],"is_trial":false,"path_per_floor":["M","$","M","?","?","R","E","M","T","R","M","E","M","?","R","B"],"character_chosen":"THE_SILENT","items_purchased":["Dagger Spray","Bane"],"campfire_rested":1,"item_purchase_floors":[2,2],"current_hp_per_floor":[70,70,70,59,64,64,64,64,64,64,54,9,5,5,41,0,0],"gold":284,"neow_bonus":"THREE_ENEMY_KILL","is_daily":false,"chose_seed":false,"campfire_upgraded":1,"win_rate":0.0,"timestamp":1608871200,"path_taken":["M","$","M","?","?","R","E","?","T","R","M","E","M","?","R","BOSS"],"items_purchased_type":["Card","Card"],"build_version":"2020-12-22","purchased_purges":0,"victory":false,"max_hp_per_floor":[70,70,70,70,70,70,70,70,70,70,70,70,70,70,70,70,70],"card_choices":[{"not_picked":["Tactician","Deadly Poison"],"picked":"Acrobatics","floor":1.0},{"not_picked":["Bane","Finisher"],"picked":"Deadly Poison","floor":3.0},{"not_picked":["Backflip","Noxious Fumes"],"picked":"Choke","floor":7.0},{"not_picked":["Calculated Gamble","Backflip"],"picked":"Expertise","floor":8.0},{"not_picked":["Well Laid Plans","Noxious Fumes"],"picked":"PiercingWail+1","floor":11.0},{"not_picked":["Bouncing Flask+1","Crippling Poison+1"],"picked":"Distraction+1","floor":12.0},{"not_picked":["Bane","Quick Slash"],"picked":"Dagger Throw","floor":13.0}],"player_experience":236520,"relics_obtained":[{"floor":7.0,"key":"Regal Pillow"},{"floor":9.0,"key":"Toxic Egg 2"},{"floor":12.0,"key":"Unceasing Top"}],"event_choices":[{"damage_healed":0.0,"max_hp_gain":0.0,"max_hp_loss":0.0,"gold_gain":75.0,"event_name":"World of Goop","player_choice":"Gather Gold","floor":4.0,"gold_loss":0.0,"damage_taken":11.0},{"cards_removed":["Acrobatics"],"damage_healed":5.0,"max_hp_gain":0.0,"max_hp_loss":0.0,"gold_gain":0.0,"event_name":"Bonfire Elementals","player_choice":"Offered Common","floor":5.0,"gold_loss":0.0,"damage_taken":0.0},{"cards_removed":["Acrobatics"],"damage_healed":5.0,"max_hp_gain":0.0,"max_hp_loss":0.0,"gold_gain":0.0,"event_name":"Bonfire Elementals","player_choice":"Offered Special","floor":5.0,"gold_loss":0.0,"damage_taken":0.0},{"cards_removed":["Strike_G"],"damage_healed":0.0,"max_hp_gain":0.0,"max_hp_loss":0.0,"gold_gain":0.0,"event_name":"Purifier","player_choice":"Purged","floor":14.0,"gold_loss":0.0,"damage_taken":0.0}],"is_beta":false,"boss_relics":[],"items_purged_floors":[],"is_endless":false,"potions_floor_spawned":[1,3,8],"killed_by":"The Guardian","ascension_level":0}}