{"host":"4edbuligkc8x13l4","time":1608902032,"event":{"mods":["BaseMod","Minty Spire (QoL Compilation)","StSLib","SuperFastMode"],"gold_per_floor":[216,236,236,252,252,283,283,310,310,310,320,338,184,198,198,271,271,287,287,287,202,44,44,55,80,80,80,21,36,36,54,54,128,128,142,142,153,44,44,44],"floor_reached":39,"playtime":1215,"items_purged":["Strike_R","Defend_R"],"score":757,"play_id":"465a106e-4c53-4882-8f58-9b49fbfbfcc4","local_time":"20201225211352","is_ascension_mode":true,"campfire_choices":[{"floor":7.0,"key":"REST"},{"data":"Sword Boomerang","floor":10.0,"key":"SMITH"},{"data":"Rampage","floor":15.0,"key":"SMITH"},{"data":"True Grit","floor":23,"key":"SMITH"},{"floor":27,"key":"REST"},{"data":"Armaments","floor":30,"key":"SMITH"},{"floor":32,"key":"REST"}],"circlet_count":0,"master_deck":["AscendersBane","Strike_R","Strike_R+1","Strike_R","Strike_R+1","Defend_R","Defend_R","Defend_R","Bash","Rampage+1","Headbutt","Battle Trance","Pommel Strike","Sword Boomerang+1","Rage","Inflame","Fiend Fire","True Grit+1","Second Wind+1","Armaments+1","Body Slam+1","Entrench"],"relics":["Burning Blood","Singing Bowl","Red Skull","Pantograph","Busted Crown","Sundial","Molten Egg 2","Bottled Lightning","SlaversCollar"],"acts_visited":["Exordium","TheCity","TheBeyond"],"potions_floor_usage":[25,33],"damage_taken":[{"damage":7.0,"enemies":"Cultist","floor":1.0,"turns":4.0},{"damage":7.0,"enemies":"Jaw Worm","floor":2.0,"turns":3.0},{"damage":5.0,"enemies":"Small Slimes","floor":4.0,"turns":3.0},{"damage":16.0,"enemies":"Gremlin Nob","floor":6.0,"turns":3.0},{"damage":30.0,"enemies":"Lagavulin","floor":8.0,"turns":5.0},{"damage":0.0,"enemies":"2 Fungi Beasts","floor":11.0,"turns":2.0},{"damage":8.0,"enemies":"Exordium Wildlife","floor":12.0,"turns":3.0},{"damage":2.0,"enemies":"Gremlin Gang","floor":14.0,"turns":3.0},{"damage":45.0,"enemies":"Hexaghost","floor":16.0,"turns":6.0},{"damage":24.0,"enemies":"Spheric Guardian","floor":18.0,"turns":4.0},{"damage":27,"enemies":"3 Byrds","floor":24,"turns":5},{"damage":47,"enemies":"Slavers","floor":25,"turns":5},{"damage":31,"enemies":"Snake Plant","floor":29,"turns":4},{"damage":0,"enemies":"Snecko","floor":31,"turns":2},{"damage":37,"enemies":"Automaton","floor":33,"turns":11},{"damage":44,"enemies":"3 Darklings","floor":35,"turns":4},{"damage":0,"enemies":"Orb Walker","floor":37,"turns":2},{"damage":57,"enemies":"Jaw Worm Horde","floor":39,"turns":3}],"seed_played":"9111614499586414844","potions_obtained":[{"floor":2.0,"key":"SpeedPotion"},{"floor":8.0,"key":"Strength Potion"},{"floor":14.0,"key":"FearPotion"},{"floor":16.0,"key":"GamblersBrew"},{"floor":24,"key":"FairyPotion"},{"floor":31,"key":"Dexterity Potion"}],"is_trial":false,"path_per_floor":["M","M","?","M","?","E","R","E","T","R","M","M","$","M","R","B",null,"M","?","?","?","$","R","M","E","T","R","$","M","R","M","R","B",null,"M","$","M","$","M"],"character_chosen":"IRONCLAD","items_purchased":["Inflame","True Grit","Armaments","Body Slam+1","Entrench"],"campfire_rested":3,"item_purchase_floors":[13,22,28,38,38],"current_hp_per_floor":[67,66,66,67,44,34,56,32,32,32,40,38,38,44,44,30,67,51,67,67,67,67,67,46,32,32,56,56,33,33,41,67,58,81,45,45,53,53,0,0],"gold":44,"neow_bonus":"HUNDRED_GOLD","is_daily":false,"chose_seed":false,"campfire_upgraded":4,"win_rate":0.0,"timestamp":1608902032,"path_taken":["M","?","?","M","?","E","R","E","T","R","M","M","$","M","R","BOSS","M","?","?","?","$","R","M","E","T","R","$","?","R","M","R","BOSS","M","$","M","$","M"],"items_purchased_type":["Card","Card","Card","Card","Card"],"build_version":"2020-12-22","purchased_purges":2,"victory":false,"max_hp_per_floor":[75,75,75,75,75,75,75,75,75,75,77,77,77,79,79,79,79,81,81,81,81,81,81,81,83,83,83,83,85,85,87,87,89,89,91,91,93,93,93,93],"card_choices":[{"not_picked":["Iron Wave","Thunderclap"],"picked":"Rampage","floor":1.0},{"not_picked":["Combust","Heavy Blade"],"picked":"Headbutt","floor":2.0},{"not_picked":["Metallicize","Infernal Blade"],"picked":"Battle Trance","floor":4.0},{"not_picked":["Shockwave","Clothesline"],"picked":"Pommel Strike","floor":6.0},{"not_picked":["True Grit","Heavy Blade"],"picked":"Sword Boomerang","floor":8.0},{"not_picked":["Heavy Blade","Rupture","Uppercut"],"picked":"Singing Bowl","floor":11.0},{"not_picked":["Uppercut","Anger"],"picked":"Rage","floor":12.0},{"not_picked":["Wild Strike","Dropkick","Pommel Strike"],"picked":"Singing Bowl","floor":14.0},{"not_picked":["Feed","Immolate"],"picked":"Fiend Fire","floor":16.0},{"not_picked":["Flex"],"picked":"Singing Bowl","floor":18.0},{"not_picked":[],"picked":"Second Wind+1","floor":24},{"not_picked":["Berserk"],"picked":"Singing Bowl","floor":25},{"not_picked":["Shrug It Off"],"picked":"Singing Bowl","floor":29},{"not_picked":["Iron Wave+1"],"picked":"Singing Bowl","floor":31},{"not_picked":["Juggernaut"],"picked":"Singing Bowl","floor":33},{"not_picked":["Perfected Strike+1"],"picked":"Singing Bowl","floor":35},{"not_picked":["Headbutt+1"],"picked":"Singing Bowl","floor":37}],"player_experience":915045,"relics_obtained":[{"floor":6.0,"key":"Singing Bowl"},{"floor":8.0,"key":"Red Skull"},{"floor":9.0,"key":"Pantograph"},{"floor":25,"key":"Molten Egg 2"},{"floor":26,"key":"Bottled Lightning"}],"event_choices":[{"damage_healed":0.0,"max_hp_gain":0.0,"max_hp_loss":0.0,"gold_gain":0.0,"event_name":"Liars Game","player_choice":"Ignored","floor":3.0,"gold_loss":0.0,"damage_taken":0.0},{"damage_healed":0.0,"max_hp_gain":0.0,"max_hp_loss":0.0,"gold_gain":0.0,"event_name":"Shining Light","player_choice":"Entered Light","floor":5.0,"gold_loss":0.0,"damage_taken":23.0,"cards_upgraded":["Strike_R","Strike_R"]},{"damage_healed":16.0,"max_hp_gain":0.0,"max_hp_loss":0.0,"gold_gain":0.0,"event_name":"The Library","player_choice":"Heal","floor":19.0,"gold_loss":0.0,"damage_taken":0.0},{"damage_healed":0,"gold_gain":0,"player_choice":"Ignored","damage_taken":0,"max_hp_gain":0,"max_hp_loss":0,"event_name":"Cursed Tome","floor":20,"gold_loss":0},{"damage_healed":0,"gold_gain":0,"player_choice":"Obtained Relic","damage_taken":0,"relics_obtained":["Sundial"],"max_hp_gain":0,"max_hp_loss":0,"event_name":"Addict","floor":21,"gold_loss":85}],"is_beta":false,"boss_relics":[{"not_picked":["Black Star","Black Blood"],"picked":"Busted Crown"},{"not_picked":["Snecko Eye","Runic Dome"],"picked":"SlaversCollar"}],"items_purged_floors":[13,22],"is_endless":false,"potions_floor_spawned":[2,8,11,14,16,18,24,31],"killed_by":"Jaw Worm Horde","ascension_level":17}}