{"host":"2o3sockympbxxanu","time":1608893429,"event":{"mods":["AchievementEnabler","BaseMod","Colored Map","Colored Powertips","Marisa£®ÏF”Í°°ƒß¿Ì…≥£©","Minty Spire (QoL Compilation)","StSLib"],"gold_per_floor":[363,129,129,18,30,30,30,30,54,85,113,136,171,191,200,312,312,341,363,288,36,36,36,45,70,124,124,124],"floor_reached":27,"playtime":1051,"items_purged":["Defend_G"],"score":312,"play_id":"cc6a2171-7bcc-485c-91eb-3d365fe217ca","local_time":"20201225185029","is_ascension_mode":true,"campfire_choices":[{"data":"Terror","floor":6.0,"key":"SMITH"},{"floor":15.0,"key":"REST"},{"floor":24.0,"key":"REST"}],"circlet_count":0,"master_deck":["Strike_G","Strike_G","Strike_G","Defend_G","Defend_G","Defend_G","Survivor","Neutralize","Dagger Spray","Catalyst","Terror+1","Blade Dance","Accuracy","PiercingWail","Deadly Poison","Poisoned Stab","Bane","Die Die Die","Deflect+1","Cloak And Dagger","Backstab","Corpse Explosion"],"relics":["Ring of the Snake","Dream Catcher","CeramicFish","InkBottle","Boot","Shuriken"],"acts_visited":["Exordium","TheCity"],"potions_floor_usage":[],"damage_taken":[{"damage":0.0,"enemies":"Small Slimes","floor":1.0,"turns":3.0},{"damage":5.0,"enemies":"Cultist","floor":5.0,"turns":4.0},{"damage":40.0,"enemies":"Lagavulin","floor":10.0,"turns":8.0},{"damage":0.0,"enemies":"2 Louse","floor":11.0,"turns":2.0},{"damage":8.0,"enemies":"Exordium Thugs","floor":12.0,"turns":4.0},{"damage":14.0,"enemies":"3 Sentries","floor":13.0,"turns":7.0},{"damage":0.0,"enemies":"Large Slime","floor":14.0,"turns":5.0},{"damage":0.0,"enemies":"Slime Boss","floor":16.0,"turns":5.0},{"damage":26.0,"enemies":"Shell Parasite","floor":18.0,"turns":4.0},{"damage":21.0,"enemies":"3 Byrds","floor":19.0,"turns":4.0},{"damage":19.0,"enemies":"Snecko","floor":25.0,"turns":5.0},{"damage":34,"enemies":"Cultist and Chosen","floor":27,"turns":4}],"seed_played":"6763758955156379251","potions_obtained":[{"floor":10.0,"key":"Weak Potion"},{"floor":11.0,"key":"Dexterity Potion"},{"floor":14.0,"key":"ColorlessPotion"}],"is_trial":false,"path_per_floor":["M","$","?","$","M","R","?","$","T","E","M","M","E","M","R","B",null,"M","M","?","$","?","$","R","M","T","M"],"character_chosen":"THE_SILENT","items_purchased":["Catalyst","Dream Catcher","Terror","Shuriken"],"campfire_rested":2,"item_purchase_floors":[2,2,4,21],"current_hp_per_floor":[70,70,70,70,65,65,65,65,65,25,25,17,3,3,24,24,70,44,23,23,23,23,23,44,25,25,0,0],"gold":124,"neow_bonus":"TWO_FIFTY_GOLD","is_daily":false,"chose_seed":false,"campfire_upgraded":1,"win_rate":0.0,"timestamp":1608893429,"path_taken":["M","$","?","?","?","R","?","?","T","E","M","M","E","M","R","BOSS","M","M","?","$","?","$","R","?","T","?"],"items_purchased_type":["Card","Relic","Card","Relic"],"build_version":"2020-12-22","purchased_purges":1,"victory":false,"max_hp_per_floor":[70,70,70,70,70,70,70,70,70,70,70,70,70,70,70,70,70,70,70,70,70,70,70,70,70,70,70,70],"card_choices":[{"not_picked":["Dagger Throw","Escape Plan"],"picked":"Dagger Spray","floor":1.0},{"not_picked":["Heel Hook","Dagger Throw"],"picked":"Blade Dance","floor":5.0},{"not_picked":["Dagger Throw","Underhanded Strike","Expertise"],"picked":"SKIP","floor":10.0},{"not_picked":["Quick Slash","Terror"],"picked":"Accuracy","floor":11.0},{"not_picked":["Concentrate","Blur"],"picked":"PiercingWail","floor":12.0},{"not_picked":["Dagger Spray","Distraction"],"picked":"Deadly Poison","floor":13.0},{"not_picked":["Outmaneuver","Sucker Punch"],"picked":"Poisoned Stab","floor":14.0},{"not_picked":["Acrobatics","Escape Plan"],"picked":"Bane","floor":15.0},{"not_picked":["Malaise","Phantasmal Killer"],"picked":"Die Die Die","floor":16.0},{"not_picked":["Footwork","Cloak And Dagger"],"picked":"Deflect+1","floor":18.0},{"not_picked":["Underhanded Strike","Crippling Poison"],"picked":"Cloak And Dagger","floor":19.0},{"not_picked":["Dodge and Roll","Flying Knee"],"picked":"Backstab","floor":24.0},{"not_picked":["Outmaneuver","Backflip"],"picked":"Corpse Explosion","floor":25.0}],"player_experience":280188,"relics_obtained":[{"floor":9.0,"key":"CeramicFish"},{"floor":10.0,"key":"InkBottle"},{"floor":13.0,"key":"Boot"}],"event_choices":[{"cards_removed":["Strike_G"],"damage_healed":0.0,"max_hp_gain":0.0,"max_hp_loss":0.0,"gold_gain":0.0,"event_name":"Purifier","player_choice":"Purged","floor":3.0,"gold_loss":0.0,"damage_taken":0.0},{"cards_removed":["Strike_G"],"damage_healed":0.0,"max_hp_gain":0.0,"max_hp_loss":0.0,"gold_gain":0.0,"event_name":"Bonfire Elementals","player_choice":"Offered Basic","floor":7.0,"gold_loss":0.0,"damage_taken":0.0},{"cards_removed":["Defend_G"],"damage_healed":0.0,"max_hp_gain":0.0,"max_hp_loss":0.0,"gold_gain":0.0,"event_name":"Beggar","player_choice":"Gave Gold","floor":20.0,"gold_loss":75.0,"damage_taken":0.0},{"cards_removed":["Clumsy"],"damage_healed":0.0,"max_hp_gain":0.0,"max_hp_loss":0.0,"gold_gain":0.0,"event_name":"Fountain of Cleansing","player_choice":"Removed Curses","floor":22.0,"gold_loss":0.0,"damage_taken":0.0}],"is_beta":false,"boss_relics":[{"not_picked":["Coffee Dripper","Ectoplasm","Runic Dome"]}],"items_purged_floors":[4],"is_endless":false,"potions_floor_spawned":[10,11,14],"killed_by":"Cultist and Chosen","ascension_level":3}}