{"host":"2j5d0uw0vihq8b8w","time":1608912741,"event":{"mods":["2.2 Compatiblity","AchievementEnabler","BaseMod","BetterRewards","Colored Map","Colored Powertips","Custom Start","DeckTracker","Minty Spire (QoL Compilation)","Permanent Neow","Quick Restart","Rare Cards Sparkle","StSLib","SuperFastMode","The Dragon Tamer"],"gold_per_floor":[112,129,139,155,165,165,165,177,177,192,28,28,47,74,74,74,74],"floor_reached":16,"playtime":847,"items_purged":[],"score":212,"play_id":"0ac46c93-9eb9-409c-89b4-b10d553f260e","local_time":"20201226011221","is_ascension_mode":true,"campfire_choices":[{"data":"Skewer","floor":12,"key":"SMITH"},{"data":"Bullet Time","floor":15,"key":"SMITH"}],"circlet_count":0,"master_deck":["AscendersBane","Strike_G","Strike_G","Strike_G","Strike_G","Strike_G","Defend_G","Defend_G","Defend_G","Defend_G","Defend_G","Survivor","Neutralize","Doppelganger","Dagger Throw","Riddle With Holes","Skewer+1","Bullet Time+1","Well Laid Plans","Leg Sweep"],"relics":["Ring of the Snake","Pen Nib","Toy Ornithopter","StrikeDummy","Vajra","Bottled Flame"],"acts_visited":["Exordium"],"potions_floor_usage":[4,8,16],"damage_taken":[{"damage":0,"enemies":"Jaw Worm","floor":1,"turns":6},{"damage":6,"enemies":"Cultist","floor":2,"turns":4},{"damage":1,"enemies":"Small Slimes","floor":3,"turns":3},{"damage":0,"enemies":"3 Louse","floor":4,"turns":1},{"damage":2,"enemies":"Exordium Wildlife","floor":5,"turns":5},{"damage":1,"enemies":"Blue Slaver","floor":8,"turns":3},{"damage":12,"enemies":"Large Slime","floor":10,"turns":5},{"damage":0,"enemies":"Looter","floor":13,"turns":1},{"damage":14,"enemies":"Lagavulin","floor":14,"turns":5},{"damage":23,"enemies":"The Guardian","floor":16,"turns":8}],"seed_played":"-2764533941069763414","potions_obtained":[{"floor":1,"key":"Explosive Potion"},{"floor":2,"key":"Fire Potion"},{"floor":8,"key":"DistilledChaos"}],"is_trial":false,"path_per_floor":["M","M","M","M","M","?","T","M","T","M","$","R","M","E","R","B"],"character_chosen":"THE_SILENT","items_purchased":["Vajra"],"campfire_rested":0,"item_purchase_floors":[11],"current_hp_per_floor":[59,53,52,52,50,39,39,43,43,31,31,31,31,17,17,0,0],"gold":74,"neow_bonus":"ONE_RANDOM_RARE_CARD","is_daily":false,"chose_seed":false,"campfire_upgraded":2,"win_rate":0.0,"timestamp":1608912741,"path_taken":["M","M","M","M","M","?","?","?","T","M","?","R","M","E","R","BOSS"],"items_purchased_type":["Relic"],"build_version":"2020-12-22","purchased_purges":0,"victory":false,"max_hp_per_floor":[66,66,66,66,66,66,66,66,66,66,66,66,66,66,66,66,66],"card_choices":[{"not_picked":["Reflex","Accuracy"],"picked":"Dagger Throw","floor":1},{"not_picked":["Underhanded Strike","Slice"],"picked":"Riddle With Holes","floor":2},{"not_picked":["Caltrops","Sucker Punch"],"picked":"Skewer","floor":3},{"not_picked":["Prepared","Finisher","Caltrops"],"picked":"SKIP","floor":4},{"not_picked":["Eviscerate","PiercingWail"],"picked":"Bullet Time","floor":5},{"not_picked":["Crippling Poison","Sucker Punch","Flechettes"],"picked":"SKIP","floor":8},{"not_picked":["Expertise","PiercingWail"],"picked":"Well Laid Plans","floor":10},{"not_picked":["Dodge and Roll","Cloak And Dagger"],"picked":"Leg Sweep","floor":13},{"not_picked":["Backflip","Sucker Punch","Outmaneuver"],"picked":"SKIP","floor":14}],"player_experience":708437,"relics_obtained":[{"floor":7,"key":"Toy Ornithopter"},{"floor":9,"key":"StrikeDummy"},{"floor":14,"key":"Bottled Flame"}],"event_choices":[{"damage_healed":0,"gold_gain":0,"player_choice":"Success","damage_taken":11,"relics_obtained":["Pen Nib"],"max_hp_gain":0,"max_hp_loss":0,"event_name":"Scrap Ooze","floor":6,"gold_loss":0}],"is_beta":false,"boss_relics":[],"items_purged_floors":[],"is_endless":false,"potions_floor_spawned":[1,2,8],"killed_by":"The Guardian","ascension_level":20}}