{"host":"qxeepl7ydvsgmfdb","time":1608907556,"event":{"mods":["AchievementEnabler","BaseMod","Colored Powertips","Minty Spire (QoL Compilation)","Quick Restart","slay the spire mod where everything is the same but ironclad has a cowboy hat"],"gold_per_floor":[109,128,128,128,53,53,84,105,105,126,167,13,28,28,28,154,154,174,129,129,129,129,129,144,183,183,208,133,84,84,102,102,102,102],"floor_reached":33,"playtime":876,"items_purged":[],"score":373,"play_id":"cf2547f9-7e93-4897-9c38-5130803a3dc9","local_time":"20201225094556","is_ascension_mode":true,"campfire_choices":[{"data":"Noxious Fumes","floor":6.0,"key":"SMITH"},{"floor":15,"key":"REST"},{"data":"After Image","floor":23,"key":"SMITH"},{"floor":30,"key":"REST"},{"floor":32,"key":"REST"}],"circlet_count":0,"master_deck":["Strike_G","Strike_G","Strike_G","Strike_G","Defend_G","Defend_G","Defend_G","Defend_G","Survivor","Neutralize","Cloak And Dagger","Backflip","Noxious Fumes+1","Dagger Spray","Slice","PiercingWail","After Image+1","All Out Attack","Poisoned Stab","Deadly Poison+1","Deflect","Blade Dance"],"relics":["Ring of the Snake","NeowsBlessing","Golden Idol","Bag of Marbles","Bottled Tornado","Blue Candle","Lantern","Blood Vial","Tingsha"],"acts_visited":["Exordium","TheCity"],"potions_floor_usage":[16,16,25,25,27],"damage_taken":[{"damage":0.0,"enemies":"Small Slimes","floor":1.0,"turns":1.0},{"damage":0.0,"enemies":"2 Louse","floor":2.0,"turns":1.0},{"damage":0.0,"enemies":"Gremlin Nob","floor":7.0,"turns":1.0},{"damage":0,"enemies":"Cultist","floor":8,"turns":2},{"damage":7,"enemies":"Lots of Slimes","floor":10,"turns":2},{"damage":18,"enemies":"Lagavulin","floor":11,"turns":6},{"damage":6,"enemies":"Looter","floor":13,"turns":3},{"damage":20,"enemies":"Hexaghost","floor":16,"turns":9},{"damage":13,"enemies":"3 Byrds","floor":18,"turns":4},{"damage":20,"enemies":"Spheric Guardian","floor":24,"turns":6},{"damage":30,"enemies":"Slavers","floor":25,"turns":4},{"damage":8,"enemies":"3 Cultists","floor":27,"turns":4},{"damage":19,"enemies":"Snecko","floor":31,"turns":6},{"damage":71,"enemies":"Automaton","floor":33,"turns":6}],"seed_played":"971774184204685447","potions_obtained":[{"floor":1.0,"key":"DuplicationPotion"},{"floor":2.0,"key":"CunningPotion"},{"floor":13,"key":"SkillPotion"},{"floor":16,"key":"PowerPotion"},{"floor":24,"key":"Poison Potion"},{"floor":31,"key":"Energy Potion"}],"is_trial":false,"path_per_floor":["M","M","?","?","$","R","E","M","T","M","E","$","M","$","R","B",null,"M","$","?","?","?","R","M","E","T","M","?","$","R","M","R","B"],"character_chosen":"THE_SILENT","items_purchased":["Noxious Fumes","Lantern","Poisoned Stab","Blade Dance"],"campfire_rested":3,"item_purchase_floors":[5,12,19,29],"current_hp_per_floor":[70,70,53,53,53,53,53,53,53,46,28,28,22,22,43,23,58,45,45,45,45,70,70,50,20,20,14,14,14,35,18,39,0,0],"gold":102,"neow_bonus":"THREE_ENEMY_KILL","is_daily":false,"chose_seed":false,"campfire_upgraded":2,"win_rate":0.0,"timestamp":1608907556,"path_taken":["M","M","?","?","$","R","E","?","T","M","E","$","M","?","R","BOSS","M","$","?","?","?","R","?","E","T","M","?","?","R","?","R","BOSS"],"items_purchased_type":["Card","Relic","Card","Card"],"build_version":"2020-12-22","purchased_purges":0,"victory":false,"max_hp_per_floor":[70,70,70,70,70,70,70,70,70,70,70,70,70,70,70,70,70,70,70,70,70,70,70,70,70,70,70,70,70,70,70,70,70,70],"card_choices":[{"not_picked":["Reflex","Deflect"],"picked":"Cloak And Dagger","floor":1.0},{"not_picked":["Blur","Dagger Throw"],"picked":"Backflip","floor":2.0},{"not_picked":["Infinite Blades","Bane"],"picked":"Dagger Spray","floor":7.0},{"not_picked":["Escape Plan","Heel Hook"],"picked":"Slice","floor":8},{"not_picked":["Noxious Fumes","Finisher"],"picked":"PiercingWail","floor":10},{"not_picked":["Dash","Setup","Crippling Poison"],"picked":"SKIP","floor":11},{"not_picked":["Catalyst","Glass Knife","Acrobatics"],"picked":"SKIP","floor":13},{"not_picked":["Adrenaline","Burst"],"picked":"After Image","floor":16},{"not_picked":["Setup","Outmaneuver"],"picked":"All Out Attack","floor":18},{"not_picked":["Outmaneuver+1","Blade Dance"],"picked":"Deadly Poison+1","floor":24},{"not_picked":["Underhanded Strike","Blade Dance"],"picked":"Deflect","floor":25},{"not_picked":["Acrobatics","Bouncing Flask","Deflect"],"picked":"SKIP","floor":27},{"not_picked":["PiercingWail+1","Finisher","Deflect"],"picked":"SKIP","floor":31}],"player_experience":376488,"relics_obtained":[{"floor":7.0,"key":"Bag of Marbles"},{"floor":9,"key":"Bottled Tornado"},{"floor":11,"key":"Blue Candle"},{"floor":25,"key":"Blood Vial"},{"floor":26,"key":"Tingsha"}],"event_choices":[{"damage_healed":0.0,"max_hp_gain":0.0,"max_hp_loss":0.0,"gold_gain":0.0,"event_name":"Golden Idol","player_choice":"Take Damage","floor":3.0,"gold_loss":0.0,"damage_taken":17.0,"relics_obtained":["Golden Idol"]},{"cards_removed":["Defend_G"],"damage_healed":0.0,"max_hp_gain":0.0,"max_hp_loss":0.0,"gold_gain":0.0,"event_name":"Purifier","player_choice":"Purged","floor":4.0,"gold_loss":0.0,"damage_taken":0.0},{"damage_healed":0,"gold_gain":0,"player_choice":"Ignored","damage_taken":0,"max_hp_gain":0,"max_hp_loss":0,"event_name":"Ghosts","floor":20,"gold_loss":0},{"damage_healed":0,"gold_gain":0,"player_choice":"Read","damage_taken":0,"max_hp_gain":0,"max_hp_loss":0,"event_name":"The Library","floor":21,"gold_loss":0,"cards_obtained":["Footwork"]},{"cards_removed":["Footwork"],"damage_healed":25,"gold_gain":0,"player_choice":"Offered Uncommon","damage_taken":0,"max_hp_gain":0,"max_hp_loss":0,"event_name":"Bonfire Elementals","floor":22,"gold_loss":0},{"cards_removed":["Strike_G"],"damage_healed":0,"gold_gain":0,"player_choice":"Gave Gold","damage_taken":0,"max_hp_gain":0,"max_hp_loss":0,"event_name":"Beggar","floor":28,"gold_loss":75}],"is_beta":false,"boss_relics":[{"not_picked":["Coffee Dripper","Snecko Eye","Ring of the Serpent"]}],"items_purged_floors":[],"is_endless":false,"potions_floor_spawned":[1,2,13,16,24,31],"killed_by":"Automaton","ascension_level":5}}