{"host":"m77rrhbqzv44va4v","time":1608897732,"event":{"mods":["AchievementEnabler","BaseMod","Colored Map","DeckTracker","Minty Spire (QoL Compilation)","StSLib","SuperFastMode","everything is the same but u backflip on backflip"],"gold_per_floor":[109,31,31,31,31,63,63,73,73,73,99,118,131,158,158,158,253,253,238,248,263,263,275,303,303,303,303],"floor_reached":26,"playtime":707,"items_purged":[],"score":434,"play_id":"b2872e02-9f39-4f0c-9702-c15ff89be8a6","local_time":"20201225210212","is_ascension_mode":true,"campfire_choices":[{"data":"Blood for Blood","floor":7.0,"key":"SMITH"},{"floor":16.0,"key":"REST"}],"circlet_count":0,"master_deck":["AscendersBane","Strike_R","Defend_R","Defend_R","Bash","Twin Strike","Blood for Blood+1","Pommel Strike","Burning Pact","Shrug It Off","Reaper","Bludgeon","Reckless Charge+1","True Grit+1","Heavy Blade+1","Fire Breathing","Shrug It Off","Corruption"],"relics":["Burning Blood","NeowsBlessing","Darkstone Periapt","Paper Frog","Magic Flower","PreservedInsect","Astrolabe","Pantograph","MutagenicStrength"],"acts_visited":["Exordium","TheCity"],"potions_floor_usage":[],"damage_taken":[{"damage":0.0,"enemies":"2 Louse","floor":1.0,"turns":1.0},{"damage":0.0,"enemies":"Gremlin Nob","floor":6.0,"turns":1.0},{"damage":0.0,"enemies":"Jaw Worm","floor":8.0,"turns":1.0},{"damage":40.0,"enemies":"Lagavulin","floor":11.0,"turns":5.0},{"damage":8.0,"enemies":"Exordium Wildlife","floor":12.0,"turns":3.0},{"damage":8.0,"enemies":"3 Louse","floor":13.0,"turns":5.0},{"damage":40.0,"enemies":"Gremlin Nob","floor":14.0,"turns":5.0},{"damage":97.0,"enemies":"Slime Boss","floor":17.0,"turns":13.0},{"damage":17.0,"enemies":"2 Thieves","floor":19.0,"turns":4.0},{"damage":21.0,"enemies":"Chosen","floor":20.0,"turns":5.0},{"damage":22.0,"enemies":"Snecko","floor":21.0,"turns":4.0},{"damage":21.0,"enemies":"Centurion and Healer","floor":23.0,"turns":6.0},{"damage":26.0,"enemies":"Slavers","floor":24.0,"turns":4.0},{"damage":0,"enemies":"3 Cultists","floor":26,"turns":1}],"seed_played":"-7235332971574770693","potions_obtained":[{"floor":8.0,"key":"Fire Potion"},{"floor":13.0,"key":"Explosive Potion"},{"floor":14.0,"key":"BloodPotion"},{"floor":23.0,"key":"EntropicBrew"},{"floor":24.0,"key":"SmokeBomb"}],"is_trial":false,"path_per_floor":["M","$","?","?","$","E","R","M","M","T","E","M","M","E","?","R","B",null,"M","M","M","?","M","E","?","M"],"character_chosen":"IRONCLAD","items_purchased":["Blood for Blood"],"campfire_rested":1,"item_purchase_floors":[2],"current_hp_per_floor":[78,78,83,76,76,82,82,85,85,85,51,52,65,34,34,59,11,67,59,53,46,46,46,29,29,29,29],"gold":303,"neow_bonus":"THREE_ENEMY_KILL","is_daily":false,"chose_seed":false,"campfire_upgraded":1,"win_rate":0.0,"timestamp":1608897732,"path_taken":["M","$","?","?","?","E","R","M","M","T","E","M","M","E","?","R","BOSS","M","M","M","?","M","E","?","M"],"items_purchased_type":["Card"],"build_version":"2020-12-22","purchased_purges":0,"victory":false,"max_hp_per_floor":[80,80,85,85,85,85,85,85,85,85,85,85,85,85,85,85,85,85,85,85,85,85,85,85,85,85,85],"card_choices":[{"not_picked":["Heavy Blade","Iron Wave"],"picked":"Twin Strike","floor":1.0},{"not_picked":["Iron Wave","Warcry"],"picked":"Pommel Strike","floor":6.0},{"not_picked":["Iron Wave","True Grit"],"picked":"Burning Pact","floor":8.0},{"not_picked":["Armaments","True Grit"],"picked":"Shrug It Off","floor":11.0},{"not_picked":["Wild Strike","Warcry"],"picked":"Reaper","floor":12.0},{"not_picked":["Flex","Rampage","Iron Wave"],"picked":"SKIP","floor":13.0},{"not_picked":["Warcry","Iron Wave","Rupture"],"picked":"SKIP","floor":14.0},{"not_picked":["Exhume","Reaper"],"picked":"Bludgeon","floor":17.0},{"not_picked":["Shrug It Off","Heavy Blade+1","Perfected Strike"],"picked":"SKIP","floor":19.0},{"not_picked":["Dropkick","Rage"],"picked":"Fire Breathing","floor":20.0},{"not_picked":["Dual Wield","Clothesline"],"picked":"Shrug It Off","floor":21.0},{"not_picked":["True Grit","Anger","Combust"],"picked":"SKIP","floor":23.0},{"not_picked":["Anger","Rage"],"picked":"Corruption","floor":24.0}],"player_experience":803739,"relics_obtained":[{"floor":6.0,"key":"Darkstone Periapt"},{"floor":10.0,"key":"Paper Frog"},{"floor":11.0,"key":"Magic Flower"},{"floor":14.0,"key":"PreservedInsect"},{"floor":24.0,"key":"Pantograph"}],"event_choices":[{"damage_healed":0.0,"max_hp_gain":5.0,"max_hp_loss":0.0,"gold_gain":0.0,"event_name":"Big Fish","player_choice":"Donut","floor":3.0,"gold_loss":0.0,"damage_taken":0.0},{"cards_removed":["Strike_R"],"damage_healed":0.0,"max_hp_gain":0.0,"max_hp_loss":0.0,"gold_gain":0.0,"event_name":"Golden Wing","player_choice":"Card Removal","floor":4.0,"gold_loss":0.0,"damage_taken":7.0},{"cards_removed":["Strike_R"],"damage_healed":0.0,"max_hp_gain":0.0,"max_hp_loss":0.0,"gold_gain":0.0,"event_name":"Living Wall","player_choice":"Forget","floor":15.0,"gold_loss":0.0,"damage_taken":0.0},{"cards_removed":["Defend_R"],"damage_healed":0.0,"max_hp_gain":0.0,"max_hp_loss":0.0,"gold_gain":0.0,"event_name":"Back to Basics","player_choice":"Elegance","floor":22.0,"gold_loss":0.0,"damage_taken":0.0},{"damage_healed":0.0,"max_hp_gain":0.0,"max_hp_loss":0.0,"gold_gain":0.0,"event_name":"Drug Dealer","player_choice":"Inject Mutagens","floor":25.0,"gold_loss":0.0,"damage_taken":0.0,"relics_obtained":["MutagenicStrength"]}],"is_beta":false,"boss_relics":[{"not_picked":["SacredBark","Tiny House"],"picked":"Astrolabe"}],"items_purged_floors":[],"is_endless":false,"potions_floor_spawned":[8,13,14,23,24],"killed_by":"3 Cultists","ascension_level":12}}