{"host":"55yei7x27djrlaep","time":1608871966,"event":{"mods":["Act Like it!","BaseMod","Better Altar","Better Match","Better Note","Better Sensory Stone","Better Skull","Better Third Choice","BetterRewards","Colored Map","Downfall","Friendly Minions","GifTheSpireLib","Googly Eyes","Minty Spire (QoL Compilation)","Replay The Spire","StSLib","The Marked"],"gold_per_floor":[99,117,17,17,17,49,74,92,111,126,143,162,178,189,209,308,408,258,274,290,305,318,318,318,350,222,242,261,279,204,216,234,234,234],"floor_reached":33,"playtime":3458,"items_purged":["sneckomod:Strike"],"score":406,"play_id":"2527ad88-1673-4d4b-928d-665020a4d13f","local_time":"20201225075246","is_ascension_mode":false,"campfire_choices":[{"data":"sneckomod:SnekBite","floor":1.0,"key":"SMITH"},{"floor":18,"key":"DIG"},{"floor":23,"key":"RECALL"},{"data":"sneckomod:CheapStock","floor":30,"key":"SMITH"}],"circlet_count":0,"master_deck":["sneckomod:Strike","sneckomod:Strike","sneckomod:Defend","sneckomod:Defend","sneckomod:Defend","sneckomod:TailWhip+1","sneckomod:SnekBite+1","sneckomod:Unknown","sneckomod:Unknown","sneckomod:Unknown1Cost","sneckomod:ImprovisedGuard","sneckomod:DiceBoulder","sneckomod:Nope","sneckomod:MorePower","sneckomod:UnknownUncommonPower+1","sneckomod:SnekBeam","sneckomod:IronFang","sneckomod:UnknownStrength+1","sneckomod:UnknownCommonSkill","sneckomod:UnknownClassTHE_CHAMP_GRAY+1","sneckomod:SerpentIdol","sneckomod:Unknown0Cost+1","sneckomod:DiceBlock","sneckomod:UnknownUncommonAttack","sneckomod:UnknownRareSkill+1","Hyperbeam","sneckomod:UnknownClassGUARDIAN","sneckomod:QuickBite","sneckomod:Unknown2Cost","sneckomod:UnknownRareAttack","sneckomod:Unknown3Cost+1","sneckomod:UnknownRareSkill","sneckomod:UnknownClassTHE_CHAMP_GRAY+1","sneckomod:RainOfDice+1","sneckomod:UnknownClassTHE_CHAMP_GRAY","sneckomod:UnknownRarePower","sneckomod:ImprovisedGuard","sneckomod:UnknownUncommonPower+1","sneckomod:UnknownClassTHE_CHAMP_GRAY+1","sneckomod:QuickBite+1","sneckomod:UnknownRareAttack+1","sneckomod:UnknownExhaust","sneckomod:UnknownStrength+1","sneckomod:DiceBlock+1","sneckomod:DefensiveFlair","sneckomod:CheapStock+1","sneckomod:UnknownColorless+1","sneckomod:WideSting+1","sneckomod:DiceBlock+1","sneckomod:UnknownX+1","sneckomod:UnknownColorless+1","sneckomod:DiceCrush","sneckomod:DiceCrush","sneckomod:UnknownColorless+1","sneckomod:DiceCrush+1","sneckomod:UnknownRareAttack","sneckomod:SerpentIdol","sneckomod:DefensiveFlair"],"relics":["sneckomod:SneckoSoul","Toy Ornithopter","Prayer Wheel","Replay:Wanted Poster","downfall:HeartBlessingGreen","downfall:HeartBlessingBlue","ReplayTheSpireMod:Shallot","Replay:WaspNest","Replay:Multitool","downfall:HeartBlessingRed"],"acts_visited":["Exordium","TheCity"],"potions_floor_usage":[25,26,28,32,32,32,33,33],"damage_taken":[{"damage":10.0,"enemies":"Small Slimes","floor":2.0,"turns":3.0},{"damage":3.0,"enemies":"downfall:FleeingMerchant","floor":3.0,"turns":4.0},{"damage":41.0,"enemies":"Lagavulin","floor":6.0,"turns":9.0},{"damage":11.0,"enemies":"Jaw Worm","floor":8.0,"turns":3.0},{"damage":0.0,"enemies":"Cultist","floor":9.0,"turns":2.0},{"damage":33.0,"enemies":"Lots of Slimes","floor":10.0,"turns":6.0},{"damage":4.0,"enemies":"Blue Slaver","floor":11.0,"turns":4.0},{"damage":0.0,"enemies":"Large Slime","floor":12.0,"turns":4.0},{"damage":2.0,"enemies":"3 Louse","floor":13.0,"turns":5.0},{"damage":6.0,"enemies":"Exordium Wildlife","floor":14.0,"turns":2.0},{"damage":6.0,"enemies":"2 Fungi Beasts","floor":15.0,"turns":2.0},{"damage":6.0,"enemies":"downfall:Silent","floor":16.0,"turns":8.0},{"damage":0,"enemies":"Chosen","floor":19,"turns":4},{"damage":10,"enemies":"Snake Plant","floor":20,"turns":4},{"damage":20,"enemies":"Sentry and Sphere","floor":21,"turns":3},{"damage":27,"enemies":"Snecko","floor":22,"turns":5},{"damage":15,"enemies":"Book of Stabbing","floor":25,"turns":4},{"damage":13,"enemies":"downfall:FleeingMerchant","floor":26,"turns":4},{"damage":24,"enemies":"Cultist and Chosen","floor":27,"turns":6},{"damage":43,"enemies":"Shelled Parasite and Fungi","floor":28,"turns":5},{"damage":1,"enemies":"Centurion and Healer","floor":29,"turns":5},{"damage":2,"enemies":"3 Cultists","floor":31,"turns":4},{"damage":29,"enemies":"Snake Plant","floor":32,"turns":4},{"damage":78,"enemies":"downfall:Watcher","floor":33,"turns":8}],"seed_played":"-4507354092051825672","potions_obtained":[{"floor":8.0,"key":"LiquidMemories"},{"floor":11.0,"key":"Toxic Potion"},{"floor":13.0,"key":"AttackPotion"},{"floor":14.0,"key":"Toxic Potion"},{"floor":16.0,"key":"Milkshake"},{"floor":20,"key":"FearPotion"},{"floor":22,"key":"Regen Potion"},{"floor":25,"key":"champ:CounterPotion"},{"floor":28,"key":"FearPotion"},{"floor":31,"key":"PowerPotion"}],"is_trial":false,"path_per_floor":["R","M","$","?","?","E","T","M","M","M","M","M","M","M","M","B",null,"R_BF","M","M","M","M","R","T","E","$","M","M","M","R","M","M","B"],"character_chosen":"THE_SNECKO","items_purchased":["sneckomod:DiceBoulder","sneckomod:Nope","sneckomod:CheapStock"],"campfire_rested":0,"item_purchase_floors":[3,3,26],"current_hp_per_floor":[99,90,87,87,87,46,46,36,36,5,2,8,8,13,9,18,112,122,124,115,117,92,92,92,83,75,72,63,63,63,65,67,0,0],"gold":234,"neow_bonus":"TEN_PERCENT_HP_BONUS","is_daily":false,"chose_seed":false,"campfire_upgraded":2,"win_rate":0.0,"timestamp":1608871966,"path_taken":["R","M","$","?","?","E","T","M","M","M","M","M","M","?","M","BOSS","R_BF","M","?","M","M","R","T","E","$","M","M","M","R","M","M","BOSS"],"items_purchased_type":["Card","Card","Card"],"build_version":"2020-12-22","purchased_purges":1,"victory":false,"max_hp_per_floor":[99,100,100,100,100,100,100,101,101,103,104,105,107,108,110,112,112,122,124,125,127,129,129,129,130,130,131,132,133,133,135,135,135,135],"card_choices":[{"not_picked":["sneckomod:SoulDraw","sneckomod:UnknownClassHEXA_GHOST_PURPLE"],"picked":"sneckomod:Unknown1Cost","floor":2.0},{"not_picked":["sneckomod:TrashToTreasure","sneckomod:QuickBite"],"picked":"sneckomod:ImprovisedGuard","floor":3.0},{"not_picked":["sneckomod:UnknownCommonAttack","sneckomod:Unknown1Cost"],"picked":"sneckomod:MorePower","floor":6.0},{"not_picked":["sneckomod:UnknownExhaust+1","sneckomod:UnknownClassSLIMEBOUND+1"],"picked":"sneckomod:UnknownUncommonPower+1","floor":8.0},{"not_picked":["sneckomod:RainOfDice","sneckomod:SerpentIdol"],"picked":"sneckomod:SnekBeam","floor":8.0},{"not_picked":["sneckomod:Nope","sneckomod:Unknown1Cost"],"picked":"sneckomod:IronFang","floor":9.0},{"not_picked":["sneckomod:Unknown+1","sneckomod:UnknownClassBLUE+1"],"picked":"sneckomod:UnknownStrength+1","floor":10.0},{"not_picked":["sneckomod:SoulDraw","sneckomod:Unknown1Cost"],"picked":"sneckomod:UnknownCommonSkill","floor":10.0},{"not_picked":["sneckomod:UnknownClassGREEN+1","sneckomod:Unknown+1"],"picked":"sneckomod:UnknownClassTHE_CHAMP_GRAY+1","floor":11.0},{"not_picked":["sneckomod:Unknown2Cost","sneckomod:UnknownClassHEXA_GHOST_PURPLE"],"picked":"sneckomod:SerpentIdol","floor":11.0},{"not_picked":["sneckomod:UnknownClassDEFAULT_GRAY_COLOR+1","sneckomod:UnknownEthereal+1"],"picked":"sneckomod:Unknown0Cost+1","floor":12.0},{"not_picked":["sneckomod:UnknownWeak","sneckomod:SnekBeam"],"picked":"sneckomod:DiceBlock","floor":12.0},{"not_picked":["sneckomod:DiceBlock","sneckomod:UnknownWeak"],"picked":"sneckomod:UnknownUncommonAttack","floor":13.0},{"not_picked":["sneckomod:UnknownVulnerable+1","sneckomod:UnknownDexterity+1"],"picked":"sneckomod:UnknownRareSkill+1","floor":13.0},{"not_picked":["sneckomod:UnknownCommonAttack","sneckomod:UnknownClassHEXA_GHOST_PURPLE"],"picked":"sneckomod:UnknownClassGUARDIAN","floor":14.0},{"not_picked":["sneckomod:UnknownClassGUARDIAN","sneckomod:UnknownWeak"],"picked":"sneckomod:QuickBite","floor":14.0},{"not_picked":["sneckomod:SoulDraw","sneckomod:IronFang"],"picked":"sneckomod:Unknown2Cost","floor":15.0},{"not_picked":["sneckomod:UnknownVulnerable","sneckomod:UnknownCommonSkill"],"picked":"sneckomod:UnknownRareAttack","floor":15.0},{"not_picked":["sneckomod:UnknownExhaust+1","sneckomod:UnknownRareAttack+1"],"picked":"sneckomod:Unknown3Cost+1","floor":16.0},{"not_picked":["sneckomod:DangerNoodle","sneckomod:Unknown3Cost"],"picked":"sneckomod:UnknownRareSkill","floor":16.0},{"not_picked":["sneckomod:UnknownCommonSkill+1","sneckomod:UnknownUncommonSkill+1"],"picked":"sneckomod:UnknownClassTHE_CHAMP_GRAY+1","floor":19},{"not_picked":["sneckomod:Unknown1Cost","sneckomod:QuickBite"],"picked":"sneckomod:RainOfDice+1","floor":19},{"not_picked":["sneckomod:UnknownStrike","sneckomod:UnknownUncommonAttack"],"picked":"sneckomod:UnknownClassTHE_CHAMP_GRAY","floor":19},{"not_picked":["sneckomod:SoulRoll+1","sneckomod:WideSting"],"picked":"sneckomod:UnknownRarePower","floor":20},{"not_picked":["sneckomod:DiceBlock","sneckomod:Nope"],"picked":"sneckomod:ImprovisedGuard","floor":20},{"not_picked":["sneckomod:UnknownClassGREEN+1","sneckomod:UnknownVulnerable+1"],"picked":"sneckomod:UnknownUncommonPower+1","floor":21},{"not_picked":["sneckomod:UnknownClassPURPLE","sneckomod:UnknownWeak"],"picked":"sneckomod:UnknownClassTHE_CHAMP_GRAY+1","floor":21},{"not_picked":["sneckomod:SnekBeam+1","sneckomod:Nope"],"picked":"sneckomod:QuickBite+1","floor":21},{"not_picked":["sneckomod:UnknownCommonAttack+1","sneckomod:Unknown0Cost+1"],"picked":"sneckomod:UnknownRareAttack+1","floor":22},{"not_picked":["sneckomod:UnknownCommonSkill","sneckomod:UnknownCommonAttack"],"picked":"sneckomod:UnknownExhaust","floor":22},{"not_picked":["sneckomod:UnknownClassRED","sneckomod:Unknown0Cost","sneckomod:QuickBite"],"picked":"SKIP","floor":22},{"not_picked":["sneckomod:UnknownClassSLIMEBOUND+1","sneckomod:UnknownUncommonSkill+1"],"picked":"sneckomod:UnknownStrength+1","floor":25},{"not_picked":["sneckomod:UnknownWeak","sneckomod:UnknownVulnerable"],"picked":"sneckomod:DiceBlock+1","floor":25},{"not_picked":["sneckomod:SnekBeam","sneckomod:UnknownExhaust+1"],"picked":"sneckomod:DefensiveFlair","floor":26},{"not_picked":["sneckomod:UnknownUncommonSkill+1","sneckomod:UnknownClassBLUE+1"],"picked":"sneckomod:UnknownColorless+1","floor":27},{"not_picked":["sneckomod:DiceBlock+1","sneckomod:DiceBoulder"],"picked":"sneckomod:WideSting+1","floor":27},{"not_picked":["sneckomod:Unknown1Cost","sneckomod:UnknownWeak"],"picked":"sneckomod:DiceBlock+1","floor":27},{"not_picked":["sneckomod:UnknownClassPURPLE","sneckomod:CheapStock"],"picked":"sneckomod:UnknownX+1","floor":28},{"not_picked":["sneckomod:UnknownStrike","sneckomod:DiceBoulder","sneckomod:UnknownClassBLUE"],"picked":"SKIP","floor":28},{"not_picked":["sneckomod:Unknown+1","sneckomod:UnknownClassPURPLE+1"],"picked":"sneckomod:UnknownColorless+1","floor":29},{"not_picked":["sneckomod:RainOfDice","sneckomod:SoulCleanse"],"picked":"sneckomod:DiceCrush","floor":29},{"not_picked":["sneckomod:WideSting","sneckomod:QuickMove+1"],"picked":"sneckomod:DiceCrush","floor":29},{"not_picked":["sneckomod:UnknownClassGUARDIAN+1","sneckomod:UnknownClassHEXA_GHOST_PURPLE+1"],"picked":"sneckomod:UnknownColorless+1","floor":31},{"not_picked":["sneckomod:UnknownVulnerable","sneckomod:QuickBite"],"picked":"sneckomod:DiceCrush+1","floor":31},{"not_picked":["sneckomod:QuickBite","sneckomod:UnknownWeak"],"picked":"sneckomod:UnknownRareAttack","floor":31},{"not_picked":["sneckomod:DiceCrush+1","sneckomod:UnknownCommonAttack"],"picked":"sneckomod:SerpentIdol","floor":32},{"not_picked":["sneckomod:UnknownClassDEFAULT_GRAY_COLOR","sneckomod:DefensiveFlair","sneckomod:UnknownCommonAttack"],"picked":"SKIP","floor":32},{"not_picked":["sneckomod:UnknownClassDEFAULT_GRAY_COLOR","sneckomod:UnknownCommonAttack"],"picked":"sneckomod:DefensiveFlair","floor":32}],"player_experience":350860,"relics_obtained":[{"floor":6.0,"key":"Toy Ornithopter"},{"floor":18,"key":"ReplayTheSpireMod:Shallot"},{"floor":24,"key":"Replay:WaspNest"},{"floor":25,"key":"Replay:Multitool"}],"event_choices":[{"cards_removed":["sneckomod:SnekBite"],"damage_healed":0.0,"max_hp_gain":0.0,"max_hp_loss":0.0,"gold_gain":0.0,"event_name":"betterNote:BetterNote","player_choice":"Give","floor":5.0,"gold_loss":0.0,"damage_taken":0.0,"cards_obtained":["Writhe"]}],"is_beta":false,"boss_relics":[{"not_picked":["SacredBark","Velvet Choker"],"picked":"Replay:Wanted Poster"}],"items_purged_floors":[26],"is_endless":false,"potions_floor_spawned":[8,11,13,14,16,20,22,25,28,31],"killed_by":"downfall:Watcher","ascension_level":0}}