{"host":"rvh455abssmal91i","time":1608868733,"event":{"mods":["AchievementEnabler","Aspiration","BaseMod","BetterRewards","Colored Map","Colored Powertips","Gold Saver","Googly Eyes","Highlight Path","Infinite Spire","Mimic Mod","Minty Spire (QoL Compilation)","Spikes Relics","StSLib"],"gold_per_floor":[112,112,126,201,221,252,252,266,266,266,280,296,296,48,48,143,143,163,163,17,29,29,29,63,63,89,89,106,106,117,137,137,242,242,261,277,277,120,140,140,167,167,203,203,213,224,243,243,243,243],"floor_reached":51,"playtime":3901,"items_purged":["Strike_R"],"score":879,"play_id":"29d9d337-8b94-4468-b03b-b44d73296e8b","local_time":"20201224225853","is_ascension_mode":true,"campfire_choices":[{"floor":7,"key":"REST"},{"data":"Armaments","floor":10,"key":"SMITH"},{"data":"Carnage","floor":13,"key":"SMITH"},{"data":"Shrug It Off","floor":15,"key":"SMITH"},{"data":"Immolate","floor":23,"key":"SMITH"},{"data":"Rage","floor":25,"key":"SMITH"},{"floor":27,"key":"REST"},{"floor":32,"key":"REST"},{"data":"infinitespire:Gouge","floor":40,"key":"SMITH"},{"data":"Bash","floor":42,"key":"SMITH"},{"data":"Clothesline","floor":44,"key":"SMITH"},{"data":"Headbutt","floor":49,"key":"SMITH"}],"circlet_count":0,"master_deck":["Strike_R","Strike_R","Strike_R","Defend_R","Defend_R","Defend_R","Defend_R","Bash+1","Carnage+1","Headbutt+1","Armaments+1","Clothesline+1","Rage+1","Pommel Strike","Shrug It Off+1","Immolate+1","Infernal Blade+1","Flex+1","SandsOfTime+1","infinitespire:Gouge+1","FollowUp+1","Bash+1","Double Energy","Blur+1"],"relics":["Black Blood","Regal Pillow","aspiration:SeaSaltIceCream","aspiration:Nostalgia","Cracked Core","LugNut","PrismaticShard","Lantern","Kunai","Anchor","SlaversCollar","Omamori","Calling Bell","Bag of Marbles","White Beast Statue","infinitespire:Lychee Nut","Toolbox","Darkstone Periapt","Pocketwatch","infinitespire:Eraser"],"acts_visited":["Exordium","TheCity","TheBeyond"],"potions_floor_usage":[33,41,41,46,50],"damage_taken":[{"damage":12,"enemies":"2 Louse","floor":1,"turns":4},{"damage":6,"enemies":"Cultist","floor":3,"turns":3},{"damage":19,"enemies":"Jaw Worm","floor":5,"turns":4},{"damage":41,"enemies":"Lagavulin","floor":6,"turns":6},{"damage":8,"enemies":"Blue Slaver","floor":8,"turns":4},{"damage":0,"enemies":"Large Slime","floor":11,"turns":4},{"damage":0,"enemies":"2 Fungi Beasts","floor":12,"turns":2},{"damage":16,"enemies":"Slime Boss","floor":16,"turns":9},{"damage":18,"enemies":"2 Thieves","floor":18,"turns":3},{"damage":20,"enemies":"Shell Parasite","floor":21,"turns":3},{"damage":35,"enemies":"Slavers","floor":24,"turns":5},{"damage":6,"enemies":"3 Cultists","floor":28,"turns":3},{"damage":0,"enemies":"Centurion and Healer","floor":30,"turns":2},{"damage":27,"enemies":"Shelled Parasite and Fungi","floor":31,"turns":4},{"damage":58,"enemies":"Automaton","floor":33,"turns":7},{"damage":0,"enemies":"3 Shapes","floor":35,"turns":1},{"damage":4,"enemies":"3 Darklings","floor":36,"turns":3},{"damage":0,"enemies":"Spire Growth","floor":39,"turns":2},{"damage":30,"enemies":"Giant Head","floor":41,"turns":6},{"damage":9,"enemies":"Jaw Worm Horde","floor":43,"turns":9},{"damage":9,"enemies":"Jaw Worm Horde","floor":45,"turns":4},{"damage":6,"enemies":"Writhing Mass","floor":46,"turns":4},{"damage":3,"enemies":"Maw","floor":47,"turns":7},{"damage":38,"enemies":"Awakened One","floor":50,"turns":14}],"seed_played":"-4372613507805464544","potions_obtained":[{"floor":3,"key":"Swift Potion"},{"floor":8,"key":"Weak Potion"},{"floor":11,"key":"Fire Potion"},{"floor":21,"key":"SneckoOil"},{"floor":30,"key":"BloodPotion"},{"floor":33,"key":"PowerPotion"},{"floor":35,"key":"Fire Potion"},{"floor":41,"key":"Strength Potion"},{"floor":43,"key":"Energy Potion"},{"floor":46,"key":"SpeedPotion"},{"floor":47,"key":"Regen Potion"}],"is_trial":false,"path_per_floor":["M","?","M","?","M","E","R","M","T","R","M","M","R","$","R","B",null,"M","?","$","M","?","R","E","R","T","R","M","AVR","M","M","R","B",null,"M","M","?","$","M","R","E","R","MIM","R","M","M","M","T","R","B",null],"character_chosen":"IRONCLAD","items_purchased":["LugNut","Lantern","Toolbox"],"campfire_rested":3,"item_purchase_floors":[14,20,38],"current_hp_per_floor":[74,74,74,63,50,15,54,52,52,52,58,64,64,64,64,54,80,74,66,66,58,58,58,35,35,35,74,80,80,80,65,80,34,60,60,60,60,60,60,60,42,42,51,51,60,60,60,60,60,50],"gold":243,"neow_bonus":"UPGRADE_CARD","is_daily":false,"chose_seed":false,"campfire_upgraded":9,"win_rate":0.0,"timestamp":1608868733,"path_taken":["M","?","?","?","M","E","R","M","T","R","M","M","R","$","R","BOSS","M","?","$","M","?","R","E","R","T","R","M","AVR","M","M","R","BOSS","M","M","?","?","?","R","E","R","MIM","R","M","M","M","?","R","BOSS"],"items_purchased_type":["Relic","Relic","Relic"],"build_version":"2020-12-22","purchased_purges":1,"victory":true,"max_hp_per_floor":[80,80,80,80,80,80,80,80,80,80,80,80,80,80,80,80,80,80,80,80,80,80,80,80,80,80,80,80,80,80,80,80,80,60,60,60,60,60,60,60,60,60,60,60,60,60,60,60,60,60],"card_choices":[{"not_picked":["Sword Boomerang","Anger"],"picked":"Carnage","floor":1},{"not_picked":["Rupture","Metallicize"],"picked":"Headbutt","floor":3},{"not_picked":["Clash","Absolvement"],"picked":"Armaments","floor":5},{"not_picked":["Intimidate","Pummel"],"picked":"Clothesline","floor":6},{"not_picked":["Wild Strike","Twin Strike"],"picked":"Rage","floor":8},{"not_picked":["Iron Wave","Twin Strike"],"picked":"Pommel Strike","floor":11},{"not_picked":["Wild Strike","Hemokinesis"],"picked":"Shrug It Off","floor":12},{"not_picked":["Fiend Fire","Offering"],"picked":"Immolate","floor":16},{"not_picked":["Flex+1","Clash"],"picked":"Infernal Blade+1","floor":18},{"not_picked":["InfectiousVector","Dodge and Roll"],"picked":"Flex+1","floor":21},{"not_picked":["Crescendo","Sucker Punch+1"],"picked":"SandsOfTime+1","floor":24},{"not_picked":["Footwork+1","Pace","Anger"],"picked":"SKIP","floor":28},{"not_picked":["Rupture","Hemokinesis","Quick Slash"],"picked":"SKIP","floor":30},{"not_picked":["Backflip","Headbutt","Berserk"],"picked":"SKIP","floor":31},{"not_picked":["Blizzard","Sword Boomerang"],"picked":"FollowUp+1","floor":35},{"not_picked":["ReachHeaven","Skim+1","Acrobatics+1"],"picked":"SKIP","floor":36},{"not_picked":["Cloak And Dagger","FlurryOfBlows+1"],"picked":"Double Energy","floor":39},{"not_picked":["Sweeping Beam","Escape Plan+1","Discovery"],"picked":"SKIP","floor":41},{"not_picked":["Hologram+1","Prostrate+1"],"picked":"Blur+1","floor":43},{"not_picked":["Evaluate","CrushJoints+1","Pommel Strike+1"],"picked":"SKIP","floor":45},{"not_picked":["After Image","Study","Cold Snap+1"],"picked":"SKIP","floor":46},{"not_picked":["Sucker Punch","Pommel Strike","Backflip"],"picked":"SKIP","floor":47}],"player_experience":131453,"relics_obtained":[{"floor":6,"key":"Regal Pillow"},{"floor":9,"key":"aspiration:SeaSaltIceCream"},{"floor":19,"key":"PrismaticShard"},{"floor":24,"key":"Kunai"},{"floor":26,"key":"Anchor"},{"floor":34,"key":"Bag of Marbles"},{"floor":34,"key":"White Beast Statue"},{"floor":34,"key":"infinitespire:Lychee Nut"},{"floor":41,"key":"Darkstone Periapt"},{"floor":43,"key":"Pocketwatch"},{"floor":48,"key":"infinitespire:Eraser"}],"event_choices":[{"cards_removed":["Strike_R"],"damage_healed":0,"gold_gain":0,"player_choice":"Purged","damage_taken":0,"max_hp_gain":0,"max_hp_loss":0,"event_name":"Purifier","floor":2,"gold_loss":0},{"damage_healed":0,"gold_gain":75,"player_choice":"Gather Gold","damage_taken":11,"max_hp_gain":0,"max_hp_loss":0,"event_name":"World of Goop","floor":4,"gold_loss":0},{"damage_healed":0,"gold_gain":0,"player_choice":"1 cards matched","damage_taken":0,"max_hp_gain":0,"max_hp_loss":0,"event_name":"Match and Keep!","floor":37,"gold_loss":0,"cards_obtained":["Bash"]}],"is_beta":false,"boss_relics":[{"not_picked":["Tiny House","Runic Dome"],"picked":"Black Blood"},{"not_picked":["Black Star","aspiration:WatcherSkillbook"],"picked":"Calling Bell"}],"items_purged_floors":[29],"is_endless":false,"potions_floor_spawned":[3,8,11,21,28,30,31,33,35,36,39,41,43,45,46,47],"ascension_level":4}}