{"host":"sa7ebub27cgn5wai","time":1608911026,"event":{"mods":["BaseMod","Colored Map","Minty Spire (QoL Compilation)","SuperFastMode"],"gold_per_floor":[119,44,44,44,63,63,91,91,141,141,157,157,222,66,66,175,175,203,232,232,250,250,250,270,270,270,314,413,413,413,413],"floor_reached":30,"playtime":477,"items_purged":[],"score":390,"play_id":"6b86c96a-793e-4457-8238-936340b06a11","local_time":"20201226004346","is_ascension_mode":true,"campfire_choices":[{"data":"Inflame","floor":6,"key":"SMITH"},{"data":"Thunderclap","floor":8,"key":"SMITH"},{"data":"Cleave","floor":10,"key":"SMITH"},{"data":"Spot Weakness","floor":12,"key":"SMITH"},{"floor":15,"key":"REST"},{"floor":23,"key":"REST"},{"floor":25,"key":"REST"},{"floor":29,"key":"REST"}],"circlet_count":0,"master_deck":["AscendersBane","Strike_R","Strike_R","Strike_R","Strike_R","Strike_R","Defend_R","Defend_R+1","Defend_R","Defend_R","Bash+1","Cleave+1","Inflame+1","Spot Weakness+1","Flex","Thunderclap+1","Offering","Twin Strike","Seeing Red+1","Sword Boomerang"],"relics":["Burning Blood","Toy Ornithopter","CeramicFish","Nunchaku","Philosopher\u0027s Stone","MutagenicStrength","Letter Opener","PreservedInsect"],"acts_visited":["Exordium","TheCity"],"potions_floor_usage":[16,19,19,19,30],"damage_taken":[{"damage":6,"enemies":"Small Slimes","floor":1,"turns":4},{"damage":19,"enemies":"Jaw Worm","floor":5,"turns":4},{"damage":24,"enemies":"Gremlin Nob","floor":7,"turns":4},{"damage":0,"enemies":"2 Louse","floor":11,"turns":1},{"damage":43,"enemies":"Hexaghost","floor":16,"turns":7},{"damage":18,"enemies":"Spheric Guardian","floor":18,"turns":3},{"damage":47,"enemies":"3 Byrds","floor":19,"turns":3},{"damage":25,"enemies":"Cultist and Chosen","floor":21,"turns":4},{"damage":13,"enemies":"3 Cultists","floor":24,"turns":4},{"damage":63,"enemies":"Slavers","floor":27,"turns":4},{"damage":47,"enemies":"Centurion and Healer","floor":30,"turns":3}],"seed_played":"6272094189325856480","potions_obtained":[{"floor":1,"key":"LiquidBronze"},{"floor":7,"key":"SteroidPotion"},{"floor":11,"key":"Strength Potion"},{"floor":16,"key":"EntropicBrew"},{"floor":19,"key":"Fruit Juice"},{"floor":21,"key":"Ancient Potion"}],"is_trial":false,"path_per_floor":["M","$","?","?","M","R","E","R","T","R","M","R","?","$","R","B",null,"M","M","?","M","?","R","M","R","T","E","?","R","M"],"character_chosen":"IRONCLAD","items_purchased":["Spot Weakness","Nunchaku"],"campfire_rested":4,"item_purchase_floors":[2,14],"current_hp_per_floor":[72,72,77,60,47,47,29,29,29,29,35,35,35,35,60,28,71,59,38,38,19,19,46,39,66,66,9,9,36,0,0],"gold":413,"neow_bonus":"THREE_CARDS","is_daily":false,"chose_seed":false,"campfire_upgraded":4,"win_rate":0.0,"timestamp":1608911026,"path_taken":["M","$","?","?","M","R","E","R","T","R","M","R","?","?","R","BOSS","M","?","?","M","?","R","M","R","T","E","?","R","M"],"items_purchased_type":["Card","Relic"],"build_version":"2020-12-22","purchased_purges":0,"victory":false,"max_hp_per_floor":[80,80,85,85,85,85,85,85,85,85,85,85,85,85,85,85,85,85,90,90,90,90,90,90,90,90,90,90,90,90,90],"card_choices":[{"not_picked":["Havoc","Body Slam"],"picked":"Cleave","floor":0},{"not_picked":["Headbutt","Fire Breathing"],"picked":"Inflame","floor":1},{"not_picked":["Body Slam","Anger"],"picked":"Flex","floor":5},{"not_picked":["Feel No Pain","Evolve"],"picked":"Thunderclap","floor":7},{"not_picked":["Blood for Blood","Iron Wave","Rupture"],"picked":"SKIP","floor":11},{"not_picked":["Berserk","Immolate"],"picked":"Offering","floor":16},{"not_picked":["Flex","Second Wind"],"picked":"Twin Strike","floor":18},{"not_picked":["Body Slam","Warcry+1"],"picked":"Seeing Red+1","floor":19},{"not_picked":["Armaments","Feel No Pain","Pommel Strike+1"],"picked":"SKIP","floor":21},{"not_picked":["Armaments","Havoc","Disarm+1"],"picked":"SKIP","floor":24},{"not_picked":["Dropkick","Flame Barrier"],"picked":"Sword Boomerang","floor":27}],"player_experience":279225,"relics_obtained":[{"floor":7,"key":"Toy Ornithopter"},{"floor":9,"key":"CeramicFish"},{"floor":26,"key":"Letter Opener"},{"floor":27,"key":"PreservedInsect"}],"event_choices":[{"damage_healed":0,"gold_gain":0,"player_choice":"Donut","damage_taken":0,"max_hp_gain":5,"max_hp_loss":0,"event_name":"Big Fish","floor":3,"gold_loss":0},{"damage_healed":0,"gold_gain":0,"player_choice":"Entered Light","damage_taken":17,"max_hp_gain":0,"max_hp_loss":0,"event_name":"Shining Light","floor":4,"gold_loss":0,"cards_upgraded":["Bash","Defend_R"]},{"damage_healed":0,"gold_gain":65,"player_choice":"Gained Gold","damage_taken":0,"max_hp_gain":0,"max_hp_loss":0,"event_name":"Golden Wing","floor":13,"gold_loss":0},{"damage_healed":0,"gold_gain":0,"player_choice":"Inject Mutagens","damage_taken":0,"relics_obtained":["MutagenicStrength"],"max_hp_gain":0,"max_hp_loss":0,"event_name":"Drug Dealer","floor":20,"gold_loss":0},{"damage_healed":0,"gold_gain":0,"player_choice":"Ignored","damage_taken":0,"max_hp_gain":0,"max_hp_loss":0,"event_name":"Vampires","floor":22,"gold_loss":0},{"damage_healed":0,"gold_gain":99,"player_choice":"Stole From Cult","damage_taken":0,"max_hp_gain":0,"max_hp_loss":0,"event_name":"Nest","floor":28,"gold_loss":0}],"is_beta":false,"boss_relics":[{"not_picked":["SlaversCollar","Runic Cube"],"picked":"Philosopher\u0027s Stone"}],"items_purged_floors":[],"is_endless":false,"potions_floor_spawned":[1,7,11,16,19,21,24],"killed_by":"Centurion and Healer","ascension_level":12}}