{"host":"ocy7z4248lncoz2b","time":1608866245,"event":{"mods":["BaseMod","Beaked The Cultist","Bestiary","Better Match","Better Sensory Stone","Better Third Choice","BetterRewards","Clockwork Mod","Colored Map","Colored Powertips","Conspire","Curses Come First","Downfall","Friendly Minions","Gremlin Mod","Highlight Path","Hubris","Infinite Spire","Jorbs\u0027s Wanderer Trilogy","Marisa????????","Mimic Mod","Minty Spire (QoL Compilation)","READ ME - Guardian Mod","Rare Cards Sparkle","Replay The Spire","Shop Mod","Spicy Shops","Spikes Relics","StSLib","SuperFastMode","The Administrix","The Blue Laboratory","The Construct","The Jungle","The Servant 0.9.4","The Wild Card","WarShipGirlsR/????R mod"],"gold_per_floor":[99,119,139,8,8,8,58,90,90,107,107,117,117,127,138,242,242,242,257,273,292,99,116,167,179,204,204,237,252,252,262,277,380,430,430,443,456,472,54,64,91,31,31,60,60,95,95,111,125,223,223,223,242,252,269,34,54,84,84,97,110,110,129,129,163,173,268,268,268,283,297,315,305,38,38,38],"floor_reached":75,"playtime":7242,"items_purged":["construct:Defend_Gold","construct:Strike_Gold","Writhe"],"score":1157,"play_id":"88a5cfa9-c2f6-49dc-9325-62caaa99c931","local_time":"20201225121725","is_ascension_mode":false,"campfire_choices":[{"data":"construct:Forcefield","floor":1.0,"key":"SMITH"},{"data":"construct:Forcefield+1","floor":6,"key":"SMITH"},{"data":"construct:ModeShift","floor":9,"key":"SMITH"},{"data":"construct:PanicFire","floor":11,"key":"SMITH"},{"data":"construct:BatteryCore","floor":18,"key":"SMITH"},{"floor":30,"key":"REST"},{"data":"construct:ModeShift+1","floor":35,"key":"SMITH"},{"data":"construct:SaveState","floor":47,"key":"SMITH"},{"data":"construct:Construct_Overclock+1","floor":52,"key":"SMITH"},{"data":"construct:Zapper","floor":59,"key":"SMITH"},{"data":"construct:Zapper+1","floor":64,"key":"SMITH"},{"data":"construct:Overcharge","floor":69,"key":"SMITH"}],"circlet_count":0,"master_deck":["construct:Strike_Gold","construct:Strike_Gold","construct:Defend_Gold","construct:Defend_Gold","construct:Defend_Gold","construct:Defend_Gold","construct:AttackMode","construct:DefenseMode","construct:Forcefield+2","construct:OneWayMirror","construct:ShiftGuard","construct:ChargeShot","construct:Autoturret","construct:ModeShift+2","construct:Reinforce","construct:Zapper+2","construct:PanicFire+2","construct:ReactiveShield","construct:BatteryCore+1","construct:GuardCore","construct:SuppressiveFire","construct:Zapper","construct:Overcharge","Enlightenment","Crow Ritual","construct:CreateCores","construct:Reserves+1","ReplayTheSpireMod:Mirror System","construct:Construct_Overclock+2","construct:NuclearCore","construct:OilSpill","construct:Agitation","Poisoned Strike","construct:Stasis","construct:ElectricArmor","construct:VentSteam","expansioncontent:DefensiveMode","construct:SaveState+1","Replay:Fractal Strike","construct:ShieldGenerator","construct:FlashFreeze","construct:Overcharge+1","construct:MetalShell","Swift Strike","construct:FlashFreeze","construct:ShieldBurst"],"relics":["construct:ClockworkPhoenix","infinitespire:Beetle Shell","Boot","MerchantsRug","infinitespire:Satchel","infinitespire:BottledMercury","Pocketwatch","Tiny House","PreservedInsect","Toy Ornithopter","hubris:Backtick","beaked:MendingPlumage","infinitespire:Eraser","Chameleon Ring","construct:WeddingRing","infinitespire:Golems Mask","Quantum Egg","SacredBark","hubris:DisguiseKit"],"acts_visited":["Exordium","TheCity","TheBeyond","Exordium","TheCity"],"potions_floor_usage":[23,26,26,29,40,40,40,65,65,65,70,75],"damage_taken":[{"damage":0.0,"enemies":"Small Slimes","floor":2.0,"turns":3.0},{"damage":1.0,"enemies":"Cultist","floor":3.0,"turns":4.0},{"damage":2.0,"enemies":"downfall:FleeingMerchant","floor":4.0,"turns":4.0},{"damage":0,"enemies":"Lagavulin","floor":8,"turns":13},{"damage":0,"enemies":"2 Louse","floor":10,"turns":6},{"damage":0,"enemies":"Gremlin Gang","floor":12,"turns":10},{"damage":0,"enemies":"2 Fungi Beasts","floor":14,"turns":3},{"damage":0,"enemies":"Exordium Thugs","floor":15,"turns":7},{"damage":23,"enemies":"downfall:Defect","floor":16,"turns":18},{"damage":0,"enemies":"3 Byrds","floor":19,"turns":9},{"damage":9,"enemies":"Snake Plant","floor":20,"turns":6},{"damage":8,"enemies":"3 Cultists","floor":21,"turns":12},{"damage":0,"enemies":"downfall:FleeingMerchant","floor":22,"turns":5},{"damage":33,"enemies":"Centurion and Healer","floor":23,"turns":11},{"damage":0,"enemies":"Snecko","floor":25,"turns":9},{"damage":34,"enemies":"Book of Stabbing","floor":26,"turns":9},{"damage":27,"enemies":"Slavers","floor":28,"turns":11},{"damage":1,"enemies":"Snake Plant","floor":29,"turns":6},{"damage":23,"enemies":"Cultist and Chosen","floor":31,"turns":11},{"damage":0,"enemies":"Centurion and Healer","floor":32,"turns":6},{"damage":2,"enemies":"downfall:Silent","floor":33,"turns":11},{"damage":9,"enemies":"3 Darklings","floor":36,"turns":7},{"damage":0,"enemies":"Orb Walker","floor":37,"turns":4},{"damage":0,"enemies":"Maw","floor":38,"turns":8},{"damage":3,"enemies":"downfall:FleeingMerchant","floor":39,"turns":4},{"damage":3,"enemies":"Sphere and 2 Shapes","floor":40,"turns":3},{"damage":0,"enemies":"downfall:FleeingMerchant","floor":42,"turns":4},{"damage":13,"enemies":"Giant Head","floor":44,"turns":10},{"damage":69,"enemies":"Nightmare","floor":46,"turns":10},{"damage":18,"enemies":"3 Darklings","floor":48,"turns":7},{"damage":36,"enemies":"Spire Growth","floor":49,"turns":7},{"damage":69,"enemies":"downfall:Ironclad","floor":50,"turns":12},{"damage":0,"enemies":"Jaw Worm","floor":53,"turns":5},{"damage":0,"enemies":"Small Slimes","floor":54,"turns":4},{"damage":0,"enemies":"Cultist","floor":55,"turns":4},{"damage":2,"enemies":"downfall:FleeingMerchant","floor":56,"turns":4},{"damage":9,"enemies":"Large Slime","floor":57,"turns":5},{"damage":18,"enemies":"Gremlin Gang","floor":58,"turns":6},{"damage":0,"enemies":"Gremlin Gang","floor":60,"turns":6},{"damage":1,"enemies":"Red Slaver","floor":61,"turns":5},{"damage":4,"enemies":"Blue Slaver","floor":63,"turns":5},{"damage":105,"enemies":"Nightmare","floor":65,"turns":10},{"damage":0,"enemies":"Large Slime","floor":66,"turns":6},{"damage":31,"enemies":"Fading Forest","floor":67,"turns":11},{"damage":0,"enemies":"Shell Parasite","floor":70,"turns":3},{"damage":0,"enemies":"Chosen","floor":71,"turns":3},{"damage":33,"enemies":"Centurion and Healer","floor":72,"turns":7},{"damage":0,"enemies":"downfall:FleeingMerchant","floor":74,"turns":4},{"damage":81,"enemies":"Gremlin Leader","floor":75,"turns":5}],"seed_played":"6411248336047880823","potions_obtained":[{"floor":3.0,"key":"BlessingOfTheForge"},{"floor":8,"key":"blueLaboratory:ForbiddenFruitJuice"},{"floor":16,"key":"FearPotion"},{"floor":25,"key":"FearPotion"},{"floor":31,"key":"blueLaboratory:BottleOfVodka"},{"floor":32,"key":"ColorlessPotion"},{"floor":34,"key":"blueLaboratory:ImpenetrablePotion"},{"floor":44,"key":"blueLaboratory:BottleOfRum"},{"floor":46,"key":"construct:MegaPotion"},{"floor":48,"key":"LiquidMemories"},{"floor":67,"key":"Adrenaline Potion"},{"floor":71,"key":"blueLaboratory:TrueEctoplasm"}],"is_trial":false,"path_per_floor":["R","M","M","$","?","R","T","E","R","M","R","M","?","M","M","B",null,"R","M","M","M","$","M","T","M","E","?","E","M","R","M","M","B",null,"R","M","M","M","$","M","T","?","?","E","AVR","NM","R","M","M","B",null,"R_BF","M","M","M","$","M","MIM","R","M","M","?","M","R","NM","M","B",null,"R_BF","M","M","M","?","$","E"],"character_chosen":"THE_CONSTRUCT_MOD","items_purchased":["construct:Autoturret","construct:ModeShift","construct:SuppressiveFire","MerchantsRug","construct:Zapper","construct:OilSpill","construct:Agitation","Poisoned Strike","construct:VentSteam","infinitespire:Golems Mask","hubris:DisguiseKit"],"campfire_rested":1,"item_purchase_floors":[4,4,22,22,22,39,39,39,42,56,74],"current_hp_per_floor":[85,85,84,82,82,82,82,82,82,82,82,82,82,82,82,59,85,85,85,76,68,68,35,35,35,47,47,20,19,41,18,18,16,80,80,71,71,71,68,65,65,65,65,52,52,23,23,38,39,49,80,80,80,80,80,78,80,76,76,80,80,80,77,77,27,57,75,80,80,80,80,55,55,76,0,0],"gold":38,"neow_bonus":"TRANSFORM_CARD","is_daily":false,"chose_seed":false,"campfire_upgraded":11,"win_rate":0.0,"timestamp":1608866245,"path_taken":["R","M","M","$","?","R","T","E","R","?","R","M","?","M","M","BOSS","R","M","M","?","$","M","T","M","E","?","E","M","R","M","M","BOSS","R","M","M","M","$","M","T","?","?","E","AVR","NM","R","M","M","BOSS","R_BF","M","M","M","$","M","MIM","R","?","M","?","M","R","NM","M","BOSS","R_BF","M","M","M","?","$","E"],"items_purchased_type":["Card","Card","Card","Relic","Card","Card","Card","Card","Card","Relic","Relic"],"build_version":"2020-12-22","purchased_purges":3,"victory":false,"max_hp_per_floor":[85,85,85,85,85,85,85,85,85,85,85,85,85,85,85,85,85,85,85,85,85,85,85,85,85,75,75,75,75,75,75,75,75,80,80,80,80,80,80,80,80,80,80,80,80,80,80,80,80,80,80,80,80,80,80,80,80,80,80,80,80,80,80,80,80,80,80,80,80,80,80,80,80,80,80,80],"card_choices":[{"not_picked":["construct:Forcefield","construct:SyphonStrike"],"picked":"construct:OneWayMirror","floor":2.0},{"not_picked":["construct:Analyze","construct:PhosphorStorm"],"picked":"construct:ShiftGuard","floor":3.0},{"not_picked":["construct:HardReboot","construct:Boost"],"picked":"construct:ChargeShot","floor":4.0},{"not_picked":["construct:SweepLaser","construct:Rollout"],"picked":"construct:Zapper","floor":8},{"not_picked":["construct:ScopeCore","construct:HeavyBolt"],"picked":"construct:PanicFire","floor":10},{"not_picked":["construct:FlammableFog","construct:Antimatter","construct:SyphonStrike"],"picked":"SKIP","floor":12},{"not_picked":["construct:VentSteam","construct:QuickAttack"],"picked":"construct:ReactiveShield","floor":14},{"not_picked":["construct:Missile","construct:Tumble","construct:FlammableFog"],"picked":"SKIP","floor":15},{"not_picked":["construct:HastyRepair","construct:ShieldGenerator"],"picked":"construct:BatteryCore","floor":16},{"not_picked":["construct:Accumulate","construct:Boost","construct:HeavyBolt+1"],"picked":"SKIP","floor":19},{"not_picked":["construct:FierceBash","construct:MoltenSmash+1","construct:BlazingSpeed"],"picked":"SKIP","floor":20},{"not_picked":["construct:QuickAttack","construct:VentSteam","construct:Analyze"],"picked":"SKIP","floor":21},{"not_picked":["construct:FocusedBeam","construct:Autoturret"],"picked":"construct:GuardCore","floor":22},{"not_picked":["construct:SyphonStrike","construct:ShiftingStance"],"picked":"construct:Overcharge","floor":23},{"not_picked":["construct:ShiftStrike+1","construct:FlakBarrage","construct:Autoturret"],"picked":"SKIP","floor":25},{"not_picked":["construct:PhosphorStorm","construct:SweepLaser+1","construct:Anticipate+1"],"picked":"SKIP","floor":26},{"not_picked":["Violence","Thinking Ahead"],"picked":"Enlightenment","floor":27},{"not_picked":["hubris:Ssssneak","Mayhem"],"picked":"Crow Ritual","floor":27},{"not_picked":["construct:QuickAttack","construct:FocusedBeam","construct:HyperBeam"],"picked":"SKIP","floor":28},{"not_picked":["construct:ModeShift","construct:Backup"],"picked":"construct:CreateCores","floor":29},{"not_picked":["construct:ModeShift","construct:Autoturret","construct:PhosphorStorm"],"picked":"SKIP","floor":31},{"not_picked":["construct:Anticipate","construct:FierceBash","construct:HeavyBolt"],"picked":"SKIP","floor":32},{"not_picked":["construct:ShieldGenerator","construct:Multistage"],"picked":"construct:Reserves","floor":33},{"not_picked":["construct:SuppressiveFire","construct:SyphonStrike"],"picked":"ReplayTheSpireMod:Mirror System","floor":34},{"not_picked":["construct:Electrocute+1","construct:Versatility","construct:Rollout+1"],"picked":"SKIP","floor":36},{"not_picked":["construct:Synchronize+1","construct:FierceBash"],"picked":"construct:Construct_Overclock+1","floor":37},{"not_picked":["construct:SuppressiveFire","construct:CreateCores+1"],"picked":"construct:NuclearCore","floor":38},{"not_picked":["construct:ShiftStrike","construct:SweepLaser","construct:ClusterMines+1"],"picked":"SKIP","floor":39},{"not_picked":["construct:SuppressiveFire+1","construct:Forcefield"],"picked":"construct:Stasis","floor":40},{"not_picked":["construct:Versatility+1","construct:Antimatter+1"],"picked":"construct:ElectricArmor","floor":42},{"not_picked":["expansioncontent:HyperBeam","expansioncontent:TimeRipple"],"picked":"expansioncontent:DefensiveMode","floor":43},{"not_picked":["construct:ScrapCannon","construct:ShiftingStance"],"picked":"construct:SaveState","floor":44},{"not_picked":["construct:ModeShift","construct:NuclearCore+1","construct:Backfire+1"],"picked":"SKIP","floor":46},{"not_picked":["construct:ModeShift","construct:NuclearCore+1","construct:Backfire+1"],"picked":"SKIP","floor":46},{"not_picked":["construct:HeavyBolt","construct:Stasis","ReplayTheSpireMod:Mirror System"],"picked":"SKIP","floor":48},{"not_picked":["construct:Backfire+1","construct:ScrapCannon","construct:QuickAttack+1"],"picked":"SKIP","floor":49},{"not_picked":["construct:LongRangeLance","construct:ShiftingStance"],"picked":"construct:ShieldGenerator","floor":50},{"not_picked":["construct:ClusterMines","construct:VentSteam"],"picked":"construct:FlashFreeze","floor":53},{"not_picked":["construct:SyphonStrike","construct:Construct_Overclock","construct:Reinforce"],"picked":"SKIP","floor":54},{"not_picked":["construct:FlakBarrage","construct:Missile"],"picked":"construct:Overcharge","floor":55},{"not_picked":["construct:SuppressiveFire","construct:Dampening","construct:HeavyBolt"],"picked":"SKIP","floor":56},{"not_picked":["construct:VentSteam","construct:Analyze","construct:ModeShift"],"picked":"SKIP","floor":57},{"not_picked":["construct:FierceBash","construct:FocusedBeam"],"picked":"construct:MetalShell","floor":60},{"not_picked":["construct:VentSteam","construct:HardReboot","construct:Reserves"],"picked":"SKIP","floor":61},{"not_picked":["construct:GuardCore","construct:Anticipate","construct:ClusterMines"],"picked":"SKIP","floor":63},{"not_picked":["construct:Autoturret","construct:Bunker"],"picked":"construct:FlashFreeze","floor":65},{"not_picked":["construct:VentSteam","construct:Reinforce","construct:NuclearCore"],"picked":"SKIP","floor":66},{"not_picked":["construct:ShieldGenerator","construct:SpinDrive"],"picked":"construct:ShieldBurst","floor":67},{"not_picked":["construct:Anticipate","construct:FlammableFog","construct:VentSteam"],"picked":"SKIP","floor":70},{"not_picked":["construct:FlammableFog+1","construct:HeavyBolt","construct:CripplingShot"],"picked":"SKIP","floor":71},{"not_picked":["construct:SweepLaser+1","construct:ScopeCore+1","construct:ClusterMines+1"],"picked":"SKIP","floor":72},{"not_picked":["construct:Chainstrike","construct:BatteryCore","construct:Accumulate"],"picked":"SKIP","floor":74}],"player_experience":305889,"relics_obtained":[{"floor":7,"key":"infinitespire:Beetle Shell"},{"floor":8,"key":"Boot"},{"floor":24,"key":"infinitespire:Satchel"},{"floor":26,"key":"infinitespire:BottledMercury"},{"floor":28,"key":"Pocketwatch"},{"floor":41,"key":"PreservedInsect"},{"floor":44,"key":"Toy Ornithopter"},{"floor":46,"key":"Chameleon Ring"},{"floor":58,"key":"Quantum Egg"}],"event_choices":[{"damage_healed":0,"gold_gain":0,"cards_transformed":["construct:Strike_Gold"],"player_choice":"Transformed","damage_taken":0,"max_hp_gain":0,"max_hp_loss":0,"event_name":"Transmorgrifier","floor":5,"gold_loss":0,"cards_obtained":["construct:Reinforce"]},{"damage_healed":0,"gold_gain":0,"player_choice":"Upgraded","damage_taken":0,"max_hp_gain":0,"max_hp_loss":0,"event_name":"Upgrade Shrine","floor":13,"gold_loss":0,"cards_upgraded":["construct:PanicFire"]},{"damage_healed":0,"gold_gain":2,"player_choice":"1","damage_taken":0,"max_hp_gain":0,"max_hp_loss":0,"event_name":"betterStone:BetterStone","floor":27,"gold_loss":0}],"is_beta":false,"boss_relics":[{"not_picked":["Runic Pyramid","Black Star"],"picked":"Replay:Bronze Core"},{"not_picked":["Replay:Wanted Poster","Cursed Key"],"picked":"Tiny House"},{"not_picked":["hubris:BlackHole","conspire:RunicOctahedron"],"picked":"construct:WeddingRing"},{"not_picked":["Runic Pyramid","Kintsugi"],"picked":"SacredBark"}],"items_purged_floors":[39,45,56],"is_endless":true,"potions_floor_spawned":[3,8,16,21,25,31,32,38,44,46,48,49,53,54,60,61,63,67,71],"killed_by":"Gremlin Leader","ascension_level":0}}