{"host":"jksa5rawk3m4gilz","time":1608886674,"event":{"mods":["BaseMod","Colored Map","Highlight Path","Minty Spire (QoL Compilation)","Quick Restart"],"gold_per_floor":[113,130,146,163,182,182,207,207,232,255,442,487,424,424,424,503,503,521,534,534,449,449,481,481,39,39,50,50,67,96,64,64,64,64],"floor_reached":33,"playtime":956,"items_purged":["Doubt","Defend_P"],"score":487,"play_id":"ba4056ba-81d5-4302-8f30-8d1903f32292","local_time":"20201225095754","is_ascension_mode":true,"campfire_choices":[{"data":"Eruption","floor":6,"key":"SMITH"},{"data":"WaveOfTheHand","floor":8,"key":"SMITH"},{"floor":15,"key":"REST"},{"floor":24,"key":"REST"},{"floor":28,"key":"REST"},{"floor":32,"key":"REST"}],"circlet_count":0,"master_deck":["AscendersBane","Strike_P","Strike_P","Strike_P","Strike_P","Defend_P","Defend_P","Defend_P","Eruption+1","Vigilance","Wallop","Consecrate","WaveOfTheHand+1","Conclude","Conclude","Devotion+1","Worship","Halt","Ragnarok","Prostrate","RitualDagger","Vengeance","Panacea","Parasite","Vault","ForeignInfluence","BattleHymn"],"relics":["PureWater","NeowsBlessing","Turnip","MawBank","Orichalcum","Cursed Key","Enchiridion","Tiny Chest","Blue Candle","TeardropLocket","The Courier","TungstenRod"],"acts_visited":["Exordium","TheCity"],"potions_floor_usage":[5,7,23],"damage_taken":[{"damage":0,"enemies":"Small Slimes","floor":1,"turns":1},{"damage":0,"enemies":"2 Louse","floor":2,"turns":1},{"damage":0,"enemies":"Cultist","floor":3,"turns":1},{"damage":2,"enemies":"2 Fungi Beasts","floor":4,"turns":3},{"damage":1,"enemies":"Large Slime","floor":5,"turns":3},{"damage":2,"enemies":"3 Sentries","floor":7,"turns":2},{"damage":10,"enemies":"Looter","floor":10,"turns":4},{"damage":44,"enemies":"Lagavulin","floor":12,"turns":8},{"damage":9,"enemies":"Hexaghost","floor":16,"turns":11},{"damage":10,"enemies":"2 Thieves","floor":18,"turns":3},{"damage":0,"enemies":"Spheric Guardian","floor":19,"turns":2},{"damage":22,"enemies":"Gremlin Leader","floor":23,"turns":9},{"damage":6,"enemies":"Snecko","floor":27,"turns":4},{"damage":8,"enemies":"3 Cultists","floor":29,"turns":6},{"damage":21,"enemies":"Slavers","floor":30,"turns":4},{"damage":35,"enemies":"Collector","floor":33,"turns":2}],"seed_played":"-866808439208993806","potions_obtained":[{"floor":3,"key":"Swift Potion"},{"floor":5,"key":"AttackPotion"},{"floor":7,"key":"Fire Potion"},{"floor":23,"key":"AttackPotion"},{"floor":30,"key":"ColorlessPotion"}],"is_trial":false,"path_per_floor":["M","M","M","M","M","R","E","R","T","M","?","E","$","?","R","B",null,"M","M","?","?","?","E","R","$","T","M","R","M","E","$","R","B"],"character_chosen":"WATCHER","items_purchased":["Panacea","TeardropLocket","BattleHymn"],"campfire_rested":4,"item_purchase_floors":[25,25,31],"current_hp_per_floor":[65,65,65,63,62,62,60,60,60,50,50,6,6,6,27,18,59,49,49,33,33,27,5,26,26,26,20,41,33,12,12,33,0,0],"gold":64,"neow_bonus":"THREE_ENEMY_KILL","is_daily":false,"chose_seed":false,"campfire_upgraded":2,"win_rate":0.0,"timestamp":1608886674,"path_taken":["M","M","M","M","M","R","E","R","T","M","?","E","$","?","R","BOSS","M","M","?","?","?","E","R","$","T","M","R","M","E","?","R","BOSS"],"items_purchased_type":["Card","Relic","Card"],"build_version":"2020-12-22","purchased_purges":2,"victory":false,"max_hp_per_floor":[72,72,72,72,72,72,72,72,72,72,72,72,72,72,72,72,72,72,72,72,72,72,72,72,72,72,72,72,72,72,72,72,72,72],"card_choices":[{"not_picked":["Halt","Study"],"picked":"Wallop","floor":1},{"not_picked":["ThirdEye","CutThroughFate"],"picked":"Consecrate","floor":2},{"not_picked":["Swivel","Prostrate"],"picked":"WaveOfTheHand","floor":3},{"not_picked":["Protect","EmptyBody"],"picked":"Conclude","floor":4},{"not_picked":["PathToVictory","Prostrate"],"picked":"Conclude","floor":5},{"not_picked":["Perseverance","ClearTheMind"],"picked":"Devotion","floor":7},{"not_picked":["Swivel","InnerPeace"],"picked":"Worship","floor":10},{"not_picked":["FearNoEvil","Conclude"],"picked":"Halt","floor":12},{"not_picked":["Alpha","Establishment"],"picked":"Ragnarok","floor":16},{"not_picked":["FollowUp","EmptyBody","CrushJoints"],"picked":"SKIP","floor":18},{"not_picked":["BowlingBash","PathToVictory"],"picked":"Prostrate","floor":19},{"not_picked":["ClearTheMind","EmptyFist"],"picked":"Vengeance","floor":23},{"not_picked":["Perseverance+1","Consecrate"],"picked":"Vault","floor":27},{"not_picked":["Perseverance","Protect"],"picked":"ForeignInfluence","floor":29},{"not_picked":["Weave","Conclude","EmptyMind"],"picked":"SKIP","floor":30}],"player_experience":2058385,"relics_obtained":[{"floor":7,"key":"Turnip"},{"floor":9,"key":"MawBank"},{"floor":12,"key":"Orichalcum"},{"floor":20,"key":"Enchiridion"},{"floor":23,"key":"Blue Candle"},{"floor":26,"key":"The Courier"},{"floor":30,"key":"TungstenRod"}],"event_choices":[{"damage_healed":0,"gold_gain":175,"player_choice":"AGREE","damage_taken":0,"max_hp_gain":0,"max_hp_loss":0,"event_name":"Liars Game","floor":11,"gold_loss":0,"cards_obtained":["Doubt"]},{"damage_healed":0,"gold_gain":0,"player_choice":"Forge","damage_taken":0,"max_hp_gain":0,"max_hp_loss":0,"event_name":"Accursed Blacksmith","floor":14,"gold_loss":0,"cards_upgraded":["Devotion"]},{"damage_healed":0,"gold_gain":0,"player_choice":"Obtained Book","damage_taken":16,"max_hp_gain":0,"max_hp_loss":0,"event_name":"Cursed Tome","floor":20,"gold_loss":0},{"damage_healed":0,"gold_gain":0,"player_choice":"Obtained Relic","damage_taken":0,"relics_obtained":["Tiny Chest"],"max_hp_gain":0,"max_hp_loss":0,"event_name":"Addict","floor":21,"gold_loss":85},{"damage_healed":0,"gold_gain":0,"player_choice":"Joined the Cult","damage_taken":6,"max_hp_gain":0,"max_hp_loss":0,"event_name":"Nest","floor":22,"gold_loss":0,"cards_obtained":["RitualDagger"]}],"is_beta":false,"boss_relics":[{"not_picked":["Fusion Hammer","HolyWater"],"picked":"Cursed Key"}],"items_purged_floors":[13,25],"is_endless":false,"potions_floor_spawned":[3,5,7,23,30],"killed_by":"Collector","ascension_level":13}}