{"host":"zv85muor2723jdwz","time":1608910070,"event":{"mods":["BaseMod","CapriCore","Decade(王小明)","KinomotoSakuraMod(木之本樱)","Marisa（F雨　魔理沙）","Minty Spire (QoL Compilation)","Reimu（博丽灵梦）","Remilia（蕾米莉亚）","StSLib","The Bug Knight","The Immortal","The Servant 0.9.4","WarShipGirlsR/战舰少女R mod","Yakumo Yukari mod","Youmu（魂魄妖梦）","Yuri Mod","Yuyuko"],"gold_per_floor":[137,149,224,238,253,253,270,270,270,299,299,53,64,74,74,171,171,182,182,201,201,17,17,17,17,43,43,43,43,43,60,60,162,162,175,165,215,215,228,228,81,81,81,81,6,26,0,0,0,0,0],"floor_reached":50,"playtime":2208,"items_purged":["Mirror_WaveAndshot_purple"],"score":486,"play_id":"e7d36dfc-74ec-47ae-89eb-8102b2ff79f2","local_time":"20201225232750","is_ascension_mode":false,"campfire_choices":[{"data":"Charmbait_purple","floor":6.0,"key":"SMITH"},{"data":"Observe_purple_2","floor":8.0,"key":"SMITH"},{"floor":11.0,"key":"REST"},{"floor":15,"key":"REST"},{"data":"ProofOfUnderstanding_purple","floor":23,"key":"SMITH"},{"data":"Charmbait_purple","floor":29,"key":"SMITH"},{"data":"DimensionStaggered_purple","floor":32,"key":"SMITH"},{"data":"OpenedBox_purple","floor":40,"key":"SMITH"},{"floor":42,"key":"RECALL"},{"data":"Bite","floor":44,"key":"SMITH"},{"data":"RuptureOfTimeAndSpace_purple","floor":49,"key":"SMITH"}],"circlet_count":0,"master_deck":["Defend_purpleEX+1","Defend_purpleEX+1","Defend_purpleEX+1","Defend_purpleEX+1","Observe_purple_2+1","WingOfChimera_purple","PositiveMatter_Antimatter_Universe_purple","Charmbait_purple+1","CommonSense_AntiCommonSense_purple","WatchEyeChange_purple","OpenedBox_purple+1","Know_ledgeAbilityRealm_purple+1","Charmbait_purple+1","Charmbait_purple","ProofOfUnderstanding_purple+1","StateErode_purple","Bite+1","Bite","Bite","Bite","Bite","DimensionStaggered_purple+1","Shallow_ocean_purpleEX","ExternalForce_HighSpeedFlying_purple","Necronomicurse","MonsterNeedle_purple","Monsters_DoubleDeathButterfly_purple+1","MNeedle_purple+1","PurpleNeedle_purple+1","RuptureOfTimeAndSpace_purple+1"],"relics":["Boundary_crack","Memoryfragments_purpleEX","NeowsBlessing","Tea:ReiMu","Centennial Puzzle","Coffee Dripper","Lee\u0027s Waffle","Necronomicon","Frozen Egg 2","Philosopher\u0027s Stone","WingedGreaves","Antimatter_spacedebris","Red Mask"],"acts_visited":["Exordium","TheCity","TheBeyond"],"potions_floor_usage":[16,33,33,50,50,50],"damage_taken":[{"damage":0.0,"enemies":"Jaw Worm","floor":1.0,"turns":1.0},{"damage":0.0,"enemies":"Cultist","floor":2.0,"turns":1.0},{"damage":0.0,"enemies":"2 Louse","floor":4.0,"turns":1.0},{"damage":18.0,"enemies":"Large Slime","floor":5.0,"turns":9.0},{"damage":9.0,"enemies":"3 Louse","floor":7.0,"turns":2.0},{"damage":23.0,"enemies":"3 Sentries","floor":10.0,"turns":7.0},{"damage":10,"enemies":"Exordium Thugs","floor":13,"turns":5},{"damage":2,"enemies":"Blue Slaver","floor":14,"turns":3},{"damage":5,"enemies":"Hexaghost","floor":16,"turns":7},{"damage":18,"enemies":"Shell Parasite","floor":18,"turns":3},{"damage":14,"enemies":"3 Byrds","floor":20,"turns":4},{"damage":21,"enemies":"Snake Plant","floor":31,"turns":3},{"damage":12,"enemies":"Champ","floor":33,"turns":6},{"damage":14,"enemies":"Orb Walker","floor":35,"turns":3},{"damage":29,"enemies":"Mind Bloom Boss Battle","floor":37,"turns":5},{"damage":16,"enemies":"3 Darklings","floor":39,"turns":4},{"damage":19,"enemies":"4 Shapes","floor":46,"turns":2},{"damage":29,"enemies":"Donu and Deca","floor":50,"turns":4}],"seed_played":"-8353847885980814880","potions_obtained":[{"floor":4.0,"key":"SpeedPotion"},{"floor":10.0,"key":"FearPotion"},{"floor":16,"key":"AttackPotion"},{"floor":20,"key":"Weak Potion"},{"floor":33,"key":"Explosive Potion"},{"floor":35,"key":"Block Potion"}],"is_trial":false,"path_per_floor":["M","M","?","M","M","R","M","R","T","E","R","$","M","M","R","B",null,"M","?","M","?","$","R","$","?","T","?","T","R","?","M","R","B",null,"M","?","?","?","M","R","$","R","T","R","$","M","?","?","R","B"],"character_chosen":"Youkari","items_purchased":["OpenedBox_purple","Know_ledgeAbilityRealm_purple","DuplicationPotion","Lee\u0027s Waffle","ExternalForce_HighSpeedFlying_purple","Antimatter_spacedebris"],"campfire_rested":2,"item_purchase_floors":[12,12,12,22,22,41],"current_hp_per_floor":[70,70,63,63,46,46,40,40,40,22,43,43,35,35,56,56,70,52,49,42,42,56,56,56,40,40,40,40,56,56,36,36,37,56,49,49,30,30,24,24,24,24,24,24,24,6,6,6,22,0,0],"gold":0,"neow_bonus":"THREE_ENEMY_KILL","is_daily":false,"chose_seed":false,"campfire_upgraded":8,"win_rate":0.0,"timestamp":1608910070,"path_taken":["M","M","?","?","M","R","?","R","T","E","R","$","M","M","R","BOSS","M","?","M","?","$","R","$","?","T","?","?","R","?","?","R","BOSS","M","?","?","?","M","R","$","R","T","R","$","?","?","?","R","BOSS"],"items_purchased_type":["Card","Card","Potion","Relic","Card","Relic"],"build_version":"2020-12-22","purchased_purges":1,"victory":false,"max_hp_per_floor":[70,70,70,70,70,70,70,70,70,70,70,70,70,70,70,70,70,70,49,49,49,56,56,56,56,56,56,56,56,56,56,56,56,56,56,56,56,56,56,56,56,56,56,56,56,56,56,56,56,56,56],"card_choices":[{"not_picked":["Line_surface_state_purple","OmniscientAndOmnipotent_Monster_purple"],"picked":"WingOfChimera_purple","floor":1.0},{"not_picked":["Boundary_ObjectiveBoundary_purple","StretchesForeverDream_purple"],"picked":"PositiveMatter_Antimatter_Universe_purple","floor":2.0},{"not_picked":["Yakumo_Ran_purple","MeetDecomposer_purple"],"picked":"RuleDissolution_purple","floor":4.0},{"not_picked":["MeetDecomposer_purple","SharpContractionReality_purple"],"picked":"Charmbait_purple","floor":5.0},{"not_picked":["PositiveMatter_Antimatter_Universe_purple","RealityDreamConfluencek_purple"],"picked":"CommonSense_AntiCommonSense_purple","floor":7.0},{"not_picked":["ExistenceContinue_purple","Fantasy_PerpetualMotionMachine_purple"],"picked":"WatchEyeChange_purple","floor":10.0},{"not_picked":["Line_surface_state_purple","Fancifulhole_purple"],"picked":"Charmbait_purple","floor":13},{"not_picked":["StateErode_purple","Line_surface_state_purple"],"picked":"Charmbait_purple","floor":14},{"not_picked":["D_absorption_purple","Theboundaryofcreation_purpleEX"],"picked":"ProofOfUnderstanding_purple","floor":16},{"not_picked":["DimensionStaggered_purple","Extrememeaning_purpleEX+1"],"picked":"StateErode_purple","floor":18},{"not_picked":["Boundary_DynamicStaticEquilibrium_purple","SharpContractionReality_purple"],"picked":"DimensionStaggered_purple","floor":20},{"not_picked":["Yakumo_Ran_purple","Boundary_of_Extermination_purpleEX+1"],"picked":"MonsterNeedle_purple","floor":31},{"not_picked":["Computing_the_future_purpleEX+1","Theboundaryofcreation_purpleEX"],"picked":"Monsters_DoubleDeathButterfly_purple+1","floor":33},{"not_picked":["MeetDecomposer_purple+1","ExistenceContinue_purple"],"picked":"MNeedle_purple+1","floor":35},{"not_picked":[],"picked":"Mirror_WaveAndshot_purple","floor":36},{"not_picked":["Yakumo_Ran_purple+1","OmniscientAndOmnipotent_Monster_purple","RuleDissolution_purple+1"],"picked":"SKIP","floor":39},{"not_picked":["WangLiang_LineAndCurveDreams_purple+1","DimensionStaggered_purple+1"],"picked":"PurpleNeedle_purple+1","floor":46}],"player_experience":34043,"relics_obtained":[{"floor":9.0,"key":"Tea:ReiMu"},{"floor":10.0,"key":"Centennial Puzzle"},{"floor":25,"key":"Necronomicon"},{"floor":28,"key":"Frozen Egg 2"},{"floor":37,"key":"WingedGreaves"}],"event_choices":[{"damage_healed":0.0,"max_hp_gain":0.0,"max_hp_loss":0.0,"gold_gain":75.0,"event_name":"FaceTrader","player_choice":"Touch","floor":3.0,"gold_loss":0.0,"damage_taken":7.0},{"damage_healed":0,"gold_gain":0,"player_choice":"Became a vampire","damage_taken":0,"max_hp_gain":0,"max_hp_loss":21,"event_name":"Vampires","floor":19,"gold_loss":0,"cards_obtained":["Bite","Bite","Bite","Bite","Bite"]},{"damage_healed":0,"gold_gain":0,"player_choice":"Read","damage_taken":0,"max_hp_gain":0,"max_hp_loss":0,"event_name":"TheLibraryeventEX","floor":21,"gold_loss":0,"cards_obtained":["Shallow_ocean_purpleEX"]},{"damage_healed":0,"gold_gain":0,"player_choice":"Obtained Book","damage_taken":16,"max_hp_gain":0,"max_hp_loss":0,"event_name":"Cursed Tome","floor":25,"gold_loss":0},{"damage_healed":0,"gold_gain":0,"player_choice":"Simplicity","damage_taken":0,"max_hp_gain":0,"max_hp_loss":0,"event_name":"Back to Basics","floor":27,"gold_loss":0,"cards_upgraded":["Defend_purpleEX","Defend_purpleEX","Defend_purpleEX","Defend_purpleEX"]},{"damage_healed":0,"gold_gain":0,"player_choice":"Forge","damage_taken":0,"max_hp_gain":0,"max_hp_loss":0,"event_name":"Accursed Blacksmith","floor":30,"gold_loss":0,"cards_upgraded":["Know_ledgeAbilityRealm_purple"]},{"damage_healed":0,"gold_gain":0,"player_choice":"Fight","damage_taken":0,"max_hp_gain":0,"max_hp_loss":0,"event_name":"MindBloom","floor":37,"gold_loss":0},{"cards_removed":["Observe_purple_1"],"damage_healed":0,"gold_gain":0,"player_choice":"Offered Basic","damage_taken":0,"max_hp_gain":0,"max_hp_loss":0,"event_name":"Bonfire Elementals","floor":38,"gold_loss":0},{"damage_healed":0,"gold_gain":0,"player_choice":"Paid","damage_taken":0,"relics_obtained":["Red Mask"],"max_hp_gain":0,"max_hp_loss":0,"event_name":"Tomb of Lord Red Mask","floor":47,"gold_loss":26},{"damage_healed":0,"gold_gain":0,"cards_transformed":["RuleDissolution_purple"],"player_choice":"Transformed","damage_taken":0,"max_hp_gain":0,"max_hp_loss":0,"event_name":"Transmorgrifier","floor":48,"gold_loss":0,"cards_obtained":["RuptureOfTimeAndSpace_purple"]}],"is_beta":false,"boss_relics":[{"not_picked":["Sozu","Tiny House"],"picked":"Coffee Dripper"},{"not_picked":["Cursed Key","Snecko Eye"],"picked":"Philosopher\u0027s Stone"}],"items_purged_floors":[45],"is_endless":false,"potions_floor_spawned":[4,10,16,20,31,33,35,39],"killed_by":"Donu and Deca","ascension_level":0}}