{"host":"y76clbnovzmw9ubx","time":1608921152,"event":{"mods":["AchievementEnabler","BaseMod","Minty Spire (QoL Compilation)","Permanent Neow","Relic Stats"],"gold_per_floor":[115,132,132,142,154,183,201,216,286,286,316,316,336,663,663,734,734,654,654,654,579,579,579,70,70,70,70,70,70,70,70,70],"floor_reached":31,"playtime":2167,"items_purged":["Strike_B"],"score":586,"play_id":"90ecfa6b-ef7c-4692-8054-e2cc5183bc09","local_time":"20201225133232","is_ascension_mode":true,"campfire_choices":[{"floor":10.0,"key":"REST"},{"data":"Self Repair","floor":12.0,"key":"SMITH"},{"data":"Sunder","floor":15.0,"key":"SMITH"},{"floor":28,"key":"REST"}],"circlet_count":0,"master_deck":["AscendersBane","Strike_B","Defend_B","Defend_B","Defend_B","Defend_B","Zap","Dualcast","Echo Form","Glacier","Beam Cell","Cold Snap","Seek","Cold Snap","Sunder+1","Self Repair+1","Chill","Multi-Cast","Buffer","Compile Driver","Undo","Hyperbeam","Stack+1","Defragment","Defragment","Master of Strategy","Go for the Eyes","Meteor Strike"],"relics":["Cracked Core","Boot","Eternal Feather","Cables","Old Coin","Ectoplasm","Oddly Smooth Stone","DollysMirror","Toy Ornithopter","Red Mask"],"acts_visited":["Exordium","TheCity"],"potions_floor_usage":[27,30,31,31],"damage_taken":[{"damage":14.0,"enemies":"Jaw Worm","floor":1.0,"turns":4.0},{"damage":14.0,"enemies":"Small Slimes","floor":2.0,"turns":4.0},{"damage":3.0,"enemies":"2 Louse","floor":4.0,"turns":2.0},{"damage":18.0,"enemies":"Gremlin Gang","floor":5.0,"turns":5.0},{"damage":35.0,"enemies":"Gremlin Nob","floor":6.0,"turns":5.0},{"damage":0.0,"enemies":"Looter","floor":7.0,"turns":4.0},{"damage":7.0,"enemies":"Red Slaver","floor":8.0,"turns":3.0},{"damage":14.0,"enemies":"Lagavulin","floor":11.0,"turns":6.0},{"damage":14.0,"enemies":"Gremlin Gang","floor":13.0,"turns":4.0},{"damage":4.0,"enemies":"Gremlin Nob","floor":14.0,"turns":3.0},{"damage":15.0,"enemies":"Slime Boss","floor":16.0,"turns":7.0},{"damage":0.0,"enemies":"2 Thieves","floor":18.0,"turns":4.0},{"damage":4.0,"enemies":"Shell Parasite","floor":22.0,"turns":9.0},{"damage":1.0,"enemies":"Chosen and Byrds","floor":23.0,"turns":11.0},{"damage":48,"enemies":"Book of Stabbing","floor":27,"turns":11},{"damage":46,"enemies":"Slavers","floor":29,"turns":8},{"damage":34,"enemies":"Masked Bandits","floor":30,"turns":5},{"damage":11,"enemies":"Colosseum Slavers","floor":31,"turns":2},{"damage":66,"enemies":"Colosseum Nobs","floor":31,"turns":4}],"seed_played":"-8757366517167750750","potions_obtained":[{"floor":1.0,"key":"Regen Potion"},{"floor":4.0,"key":"LiquidMemories"},{"floor":5.0,"key":"Regen Potion"},{"floor":11.0,"key":"SmokeBomb"},{"floor":13.0,"key":"Weak Potion"},{"floor":14.0,"key":"DistilledChaos"},{"floor":22.0,"key":"SpeedPotion"},{"floor":29,"key":"PowerPotion"},{"floor":30,"key":"CultistPotion"}],"is_trial":false,"path_per_floor":["M","M","?","M","M","E","M","M","T","R","E","R","M","E","R","B",null,"M","?","?","$","M","M","$","?","T","E","R","E","?","?"],"character_chosen":"DEFECT","items_purchased":["Oddly Smooth Stone","DollysMirror","Master of Strategy"],"campfire_rested":2,"item_purchase_floors":[24,24,24],"current_hp_per_floor":[50,36,36,33,29,8,8,1,1,31,17,26,22,18,30,35,62,71,51,51,51,67,66,66,66,66,28,65,39,20,0,0],"gold":70,"neow_bonus":"ONE_RANDOM_RARE_CARD","is_daily":false,"chose_seed":false,"campfire_upgraded":2,"win_rate":0.0,"timestamp":1608921152,"path_taken":["M","M","?","M","M","E","M","M","T","R","E","R","M","E","R","BOSS","M","?","?","$","M","M","$","?","T","E","R","E","?","?"],"items_purchased_type":["Relic","Relic","Card"],"build_version":"2020-12-22","purchased_purges":1,"victory":false,"max_hp_per_floor":[71,71,71,71,71,71,71,71,71,71,71,71,71,71,71,71,71,71,76,76,76,76,76,76,76,76,76,76,76,76,76,76],"relic_stats":{"counters":[19,101],"Eternal Feather":45,"Ectoplasm":96,"Boot":[49],"obtain_stats":[{"DollysMirror":24,"Oddly Smooth Stone":24,"Eternal Feather":9,"Ectoplasm":17,"Red Mask":30,"Cracked Core":0,"Boot":6,"Toy Ornithopter":29,"Cables":11,"Old Coin":14},{"DollysMirror":14,"Oddly Smooth Stone":14,"Eternal Feather":7,"Ectoplasm":11,"Red Mask":17,"Cracked Core":0,"Boot":5,"Toy Ornithopter":16,"Cables":8,"Old Coin":10},{"DollysMirror":71,"Oddly Smooth Stone":71,"Eternal Feather":27,"Ectoplasm":47,"Red Mask":95,"Cracked Core":0,"Boot":20,"Toy Ornithopter":90,"Cables":33,"Old Coin":40}],"Toy Ornithopter":15,"Cables":[58,14,44,0,0]},"card_choices":[{"not_picked":["FTL","Self Repair"],"picked":"Glacier","floor":1.0},{"not_picked":["Barrage","Chaos"],"picked":"Beam Cell","floor":2.0},{"not_picked":["Turbo","Sweeping Beam","Redo"],"picked":"SKIP","floor":4.0},{"not_picked":["Stack","Turbo"],"picked":"Cold Snap","floor":5.0},{"not_picked":["Chaos","FTL"],"picked":"Seek","floor":6.0},{"not_picked":["Beam Cell","Barrage"],"picked":"Cold Snap","floor":7.0},{"not_picked":["Stack","Blizzard"],"picked":"Sunder","floor":8.0},{"not_picked":["Double Energy","Stack"],"picked":"Self Repair","floor":11.0},{"not_picked":["Blizzard","Loop"],"picked":"Chill","floor":13.0},{"not_picked":["Coolheaded","Compile Driver"],"picked":"Multi-Cast","floor":14.0},{"not_picked":["Hyperbeam","Thunder Strike"],"picked":"Buffer","floor":16.0},{"not_picked":["Ball Lightning","Gash"],"picked":"Compile Driver","floor":18.0},{"not_picked":["Streamline","Consume"],"picked":"Stack+1","floor":22.0},{"not_picked":["Aggregate","Gash+1"],"picked":"Defragment","floor":23.0},{"not_picked":["Sweeping Beam","Compile Driver"],"picked":"Go for the Eyes","floor":29},{"not_picked":["BootSequence","Leap"],"picked":"Meteor Strike","floor":30}],"player_experience":2977285,"relics_obtained":[{"floor":6.0,"key":"Boot"},{"floor":9.0,"key":"Eternal Feather"},{"floor":11.0,"key":"Cables"},{"floor":14.0,"key":"Old Coin"},{"floor":29,"key":"Toy Ornithopter"},{"floor":30,"key":"Red Mask"}],"event_choices":[{"damage_healed":0.0,"max_hp_gain":0.0,"max_hp_loss":0.0,"gold_gain":0.0,"event_name":"Golden Wing","player_choice":"Ignored","floor":3.0,"gold_loss":0.0,"damage_taken":0.0},{"damage_healed":0.0,"max_hp_gain":5.0,"max_hp_loss":0.0,"gold_gain":0.0,"event_name":"Forgotten Altar","player_choice":"Shed Blood","floor":19.0,"gold_loss":0.0,"damage_taken":25.0},{"damage_healed":0.0,"max_hp_gain":0.0,"max_hp_loss":0.0,"gold_gain":0.0,"cards_transformed":["Strike_B","Strike_B"],"event_name":"Drug Dealer","player_choice":"Became Test Subject","floor":20.0,"gold_loss":0.0,"damage_taken":0.0,"cards_obtained":["Undo","Hyperbeam"]},{"damage_healed":0.0,"max_hp_gain":0.0,"max_hp_loss":0.0,"gold_gain":0.0,"event_name":"Ghosts","player_choice":"Ignored","floor":25.0,"gold_loss":0.0,"damage_taken":0.0},{"damage_healed":0,"gold_gain":0,"player_choice":"Fought Bandits","damage_taken":0,"max_hp_gain":0,"max_hp_loss":0,"event_name":"Masked Bandits","floor":30,"gold_loss":0},{"damage_healed":0,"gold_gain":0,"player_choice":"Fight","damage_taken":0,"max_hp_gain":0,"max_hp_loss":0,"event_name":"Colosseum","floor":31,"gold_loss":0},{"damage_healed":0,"gold_gain":0,"player_choice":"Fought Nobs","damage_taken":0,"max_hp_gain":0,"max_hp_loss":0,"event_name":"Colosseum","floor":31,"gold_loss":0}],"is_beta":false,"boss_relics":[{"not_picked":["Sozu","Busted Crown"],"picked":"Ectoplasm"}],"items_purged_floors":[21],"is_endless":false,"potions_floor_spawned":[1,4,5,11,13,14,22,27,29,30],"killed_by":"Colosseum Nobs","ascension_level":20}}