{"host":"hjw1ay65n7jm40lc","time":1608868231,"event":{"mods":["AchievementEnabler","BaseMod","Block Reminder","Colored Map","Colored Powertips","Downfall","Googly Eyes","Highlight Path","Minty Spire (QoL Compilation)","Quick Restart","Relic Stats","StSLib"],"gold_per_floor":[99,113,113,124,124,155,155,155,155,183,13,31,31,131,146,244,244,244,254,254,254,268,268,293,293,304,304,318,318,318,328,340,445,445,445,462,475,475,475,6,33,46,116,146,146,51,103,133,151,151],"floor_reached":51,"playtime":7722,"items_purged":["Guardian:Strike_Guardian","Guardian:Gem_Red"],"score":1157,"play_id":"f3e41bc0-b5cd-4073-a37b-82a240053024","local_time":"20201224225031","is_ascension_mode":true,"campfire_choices":[{"data":"Guardian:TwinSlam","floor":1.0,"key":"SMITH"},{"floor":9.0,"key":"REST"},{"floor":13.0,"key":"REST"},{"data":"Guardian:SphericShield","floor":18.0,"key":"SMITH"},{"data":"Guardian:RevengeProtocol","floor":23.0,"key":"SMITH"},{"data":"Guardian:CurlUp","floor":25.0,"key":"SMITH"},{"floor":27.0,"key":"REST"},{"data":"Guardian:MultiBeam","floor":29.0,"key":"SMITH"},{"floor":35.0,"key":"RECALL"},{"floor":45.0,"key":"REST"}],"circlet_count":0,"master_deck":["AscendersBane","Guardian:Strike_Guardian","Guardian:Strike_Guardian","Guardian:Defend_Guardian","Guardian:Defend_Guardian","Guardian:Defend_Guardian","Guardian:Defend_Guardian","Guardian:CurlUp+1","Guardian:TwinSlam+1","Guardian:RefractedBeam","Guardian:ChargeCore","Guardian:SphericShield+1","Guardian:ArmoredProtocol","Guardian:ChargeCore","Guardian:Gem_Fragmented","Guardian:MultiBeam+1","Guardian:GemFinder","Guardian:Gem_Red","Guardian:Gem_Red","Guardian:RevengeProtocol+1","Guardian:Recover+1","Guardian:PrismaticBarrier","Guardian:Orbwalk+1","Guardian:Clone","Guardian:Gem_Synthetic","Guardian:GuardianWhirl","expansioncontent:TimeRipple","expansioncontent:DarkVoid","expansioncontent:SuperHexaguard","Guardian:DecasProtection","Guardian:DonusPower","Guardian:RollAttack+1","Guardian:SphericShield","Guardian:CompilePackage","Guardian:Orbwalk","Guardian:GatlingBeam","Guardian:MultiBeam+1"],"relics":["Guardian:StasisSlotReductionRelic","The Courier","Thread and Needle","Sundial","Mummified Hand","White Beast Statue","Snecko Eye","Smiling Mask","Fusion Hammer","Membership Card","Guardian:StasisCodex","Ice Cream","Bronze Scales","Oddly Smooth Stone","Gremlin Horn","StrikeDummy","Blood Vial","Anchor","Gambling Chip","Calipers","Pocketwatch"],"acts_visited":["Exordium","TheCity","TheBeyond"],"potions_floor_usage":[50,50,50],"damage_taken":[{"damage":0.0,"enemies":"Small Slimes","floor":2.0,"turns":3.0},{"damage":2.0,"enemies":"2 Louse","floor":4.0,"turns":2.0},{"damage":35.0,"enemies":"Lagavulin","floor":6.0,"turns":8.0},{"damage":13.0,"enemies":"Gremlin Nob","floor":10.0,"turns":4.0},{"damage":0.0,"enemies":"downfall:FleeingMerchant","floor":11.0,"turns":4.0},{"damage":0.0,"enemies":"Cultist","floor":12.0,"turns":3.0},{"damage":12.0,"enemies":"downfall:LadyInBlue","floor":14.0,"turns":6.0},{"damage":0.0,"enemies":"2 Fungi Beasts","floor":15.0,"turns":3.0},{"damage":3.0,"enemies":"downfall:Watcher","floor":16.0,"turns":16.0},{"damage":0.0,"enemies":"Chosen","floor":19.0,"turns":4.0},{"damage":9.0,"enemies":"Sentry and Sphere","floor":22.0,"turns":8.0},{"damage":13.0,"enemies":"3 Cultists","floor":26.0,"turns":6.0},{"damage":0.0,"enemies":"Shelled Parasite and Fungi","floor":28.0,"turns":3.0},{"damage":3.0,"enemies":"Snake Plant","floor":31.0,"turns":3.0},{"damage":3.0,"enemies":"3 Cultists","floor":32.0,"turns":5.0},{"damage":43.0,"enemies":"downfall:Defect","floor":33.0,"turns":13.0},{"damage":5.0,"enemies":"Orb Walker","floor":36.0,"turns":5.0},{"damage":0.0,"enemies":"3 Shapes","floor":37.0,"turns":3.0},{"damage":0.0,"enemies":"downfall:FleeingMerchant","floor":40.0,"turns":4.0},{"damage":3.0,"enemies":"Transient","floor":42.0,"turns":5.0},{"damage":3.0,"enemies":"Giant Head","floor":44.0,"turns":7.0},{"damage":11.0,"enemies":"downfall:FleeingMerchant","floor":46.0,"turns":4.0},{"damage":0.0,"enemies":"2 Orb Walkers","floor":47.0,"turns":2.0},{"damage":0.0,"enemies":"Reptomancer","floor":48.0,"turns":1.0},{"damage":0.0,"enemies":"Sphere and 2 Shapes","floor":49.0,"turns":4.0},{"damage":0,"enemies":"downfall:Ironclad","floor":50,"turns":4}],"seed_played":"-6148249228821366460","potions_obtained":[{"floor":2.0,"key":"SpeedPotion"},{"floor":12.0,"key":"AttackPotion"},{"floor":14.0,"key":"LiquidBronze"},{"floor":14.0,"key":"Guardian:DefensiveModePotion"},{"floor":14.0,"key":"Explosive Potion"},{"floor":15.0,"key":"Block Potion"},{"floor":16.0,"key":"EssenceOfSteel"},{"floor":19.0,"key":"Guardian:StasisDiscoveryPotion"},{"floor":22.0,"key":"LiquidMemories"},{"floor":26.0,"key":"PowerPotion"},{"floor":31.0,"key":"Fruit Juice"},{"floor":32.0,"key":"Explosive Potion"},{"floor":33.0,"key":"CultistPotion"},{"floor":36.0,"key":"Strength Potion"},{"floor":37.0,"key":"EntropicBrew"},{"floor":40.0,"key":"EssenceOfSteel"},{"floor":42.0,"key":"Fruit Juice"},{"floor":44.0,"key":"CultistPotion"},{"floor":46.0,"key":"DistilledChaos"},{"floor":47.0,"key":"SpeedPotion"}],"is_trial":false,"path_per_floor":["R","M","?","M","?","E","T","?","R","E","$","M","R","?","M","B",null,"R","M","?","?","M","R","T","R","M","R","M","R","?","M","M","B",null,"R","M","M","?","?","$","T","M","T","E","R","$","?","E","M","B",null],"character_chosen":"GUARDIAN","items_purchased":["Guardian:ArmoredProtocol","Fire Potion","Membership Card","Guardian:StasisCodex","Ice Cream","Guardian:DecasProtection","Guardian:DonusPower","Bronze Scales","Guardian:SphericShield","Guardian:CompilePackage","Guardian:Orbwalk","Blood Vial","Anchor","Gambling Chip"],"campfire_rested":4,"item_purchase_floors":[11,11,40,40,40,40,40,40,46,46,46,46,46,46],"current_hp_per_floor":[72,72,72,70,58,23,23,23,47,34,34,34,58,46,46,43,71,71,71,71,71,62,62,62,62,49,73,73,73,73,75,72,29,71,71,66,66,56,56,56,56,53,53,55,82,71,73,75,77,79],"gold":151,"neow_bonus":"BOSS_RELIC","is_daily":false,"chose_seed":false,"campfire_upgraded":5,"win_rate":0.0,"timestamp":1608868231,"path_taken":["R","M","?","M","?","E","T","?","R","E","$","?","R","?","M","BOSS","R","M","?","?","M","R","T","R","?","R","M","R","?","M","M","BOSS","R","M","M","?","?","$","T","M","?","E","R","$","?","E","M","BOSS"],"items_purchased_type":["Card","Potion","Relic","Relic","Relic","Card","Card","Relic","Card","Card","Card","Relic","Relic","Relic"],"build_version":"2020-12-22","purchased_purges":2,"victory":true,"max_hp_per_floor":[80,80,80,80,80,80,80,80,80,80,80,80,80,80,80,80,80,80,80,80,80,80,80,80,80,80,80,80,80,80,85,85,85,85,85,85,85,85,85,85,85,85,85,90,90,90,90,90,90,90],"relic_stats":{"Blood Vial":8,"Gremlin Horn":[4,4],"counters":[26,130],"Sundial":[18],"Mummified Hand":[110],"Bronze Scales":[59],"Gambling Chip":[14],"Snecko Eye":[143,139,153,139],"Smiling Mask":-10,"obtain_stats":[{"Ice Cream":40,"Guardian:StasisSlotReductionRelic":0,"Calipers":47,"Gremlin Horn":43,"Guardian:ModeShifter":0,"Oddly Smooth Stone":41,"Thread and Needle":6,"Guardian:StasisCodex":40,"The Courier":5,"Smiling Mask":24,"White Beast Statue":14,"Blood Vial":46,"Anchor":46,"Sundial":7,"Mummified Hand":10,"Bronze Scales":40,"Gambling Chip":46,"Snecko Eye":17,"Fusion Hammer":34,"Membership Card":40,"StrikeDummy":44,"Pocketwatch":48},{"Ice Cream":19,"Guardian:StasisSlotReductionRelic":0,"Calipers":23,"Gremlin Horn":20,"Guardian:ModeShifter":0,"Oddly Smooth Stone":19,"Thread and Needle":3,"Guardian:StasisCodex":19,"The Courier":2,"Smiling Mask":11,"White Beast Statue":7,"Blood Vial":22,"Anchor":22,"Sundial":3,"Mummified Hand":4,"Bronze Scales":19,"Gambling Chip":22,"Snecko Eye":9,"Fusion Hammer":16,"Membership Card":19,"StrikeDummy":21,"Pocketwatch":24},{"Ice Cream":103,"Guardian:StasisSlotReductionRelic":0,"Calipers":121,"Gremlin Horn":108,"Guardian:ModeShifter":0,"Oddly Smooth Stone":103,"Thread and Needle":13,"Guardian:StasisCodex":103,"The Courier":5,"Smiling Mask":61,"White Beast Statue":30,"Blood Vial":119,"Anchor":119,"Sundial":13,"Mummified Hand":17,"Bronze Scales":103,"Gambling Chip":119,"Snecko Eye":49,"Fusion Hammer":91,"Membership Card":103,"StrikeDummy":115,"Pocketwatch":122}],"Pocketwatch":[0]},"card_choices":[{"not_picked":["Guardian:PrismaticBeam","Guardian:PrimingBeam"],"picked":"Guardian:RefractedBeam","floor":2.0},{"not_picked":["Guardian:Gem_Red","Guardian:Preprogram"],"picked":"Guardian:Gem_Crimson","floor":4.0},{"not_picked":["Guardian:RefractedBeam","Guardian:PrismaticBarrier"],"picked":"Guardian:ChargeCore","floor":6.0},{"not_picked":["Guardian:Gem_Green","Guardian:Preprogram"],"picked":"Guardian:SphericShield","floor":10.0},{"not_picked":["Guardian:CrystalBeam","Guardian:Gem_Green","Guardian:Reroute"],"picked":"SKIP","floor":11.0},{"not_picked":["Guardian:PiercingHide","Guardian:Recover"],"picked":"Guardian:ChargeCore","floor":12.0},{"not_picked":["Guardian:Reroute","Guardian:Gem_Red"],"picked":"Guardian:Gem_Fragmented","floor":14.0},{"not_picked":["Guardian:Suspension","Guardian:TimeCapacitor"],"picked":"Guardian:MultiBeam","floor":15.0},{"not_picked":["Guardian:StasisField","Guardian:GatlingBeam"],"picked":"Guardian:GemFinder","floor":16.0},{"not_picked":["Guardian:Gem_Lightblue","Guardian:Gem_Green"],"picked":"Guardian:Gem_Red","floor":19.0},{"not_picked":["Guardian:Suspension","Guardian:TimeCapacitor+1"],"picked":"Guardian:Gem_Cyan","floor":19.0},{"not_picked":["Guardian:Gem_Green","Guardian:Gem_Lightblue"],"picked":"Guardian:Gem_Cyan","floor":22.0},{"not_picked":["Guardian:DonusPower","Guardian:Reroute"],"picked":"Guardian:RevengeProtocol","floor":22.0},{"not_picked":["Guardian:Gem_Cyan","Guardian:Gem_Red"],"picked":"Guardian:Recover+1","floor":26.0},{"not_picked":["Guardian:CrystalBeam+1","Guardian:Gem_Purple"],"picked":"Guardian:PrismaticBarrier","floor":28.0},{"not_picked":["Guardian:Gem_Red","Guardian:Gem_Green"],"picked":"Guardian:Gem_Cyan","floor":28.0},{"not_picked":["Guardian:Gem_Purple","Guardian:Gem_Red"],"picked":"Guardian:Orbwalk+1","floor":31.0},{"not_picked":["Guardian:Gem_Purple","Guardian:CrystalBeam"],"picked":"Guardian:Clone","floor":32.0},{"not_picked":["Guardian:RevengeProtocol","Guardian:FastForward"],"picked":"Guardian:Gem_Synthetic","floor":33.0},{"not_picked":["Guardian:BronzeArmor+1","Guardian:Incinerate","Guardian:PolyBeam+1"],"picked":"SKIP","floor":36.0},{"not_picked":["Guardian:Reroute","Guardian:Suspension"],"picked":"Guardian:GuardianWhirl","floor":37.0},{"not_picked":["expansioncontent:HyperBeam","expansioncontent:Collect"],"picked":"expansioncontent:TimeRipple","floor":38.0},{"not_picked":["expansioncontent:Flail","expansioncontent:Torchfire"],"picked":"expansioncontent:DarkVoid","floor":38.0},{"not_picked":["expansioncontent:DonusPower","expansioncontent:HyperBeam"],"picked":"expansioncontent:SuperHexaguard","floor":38.0},{"not_picked":["Guardian:Gem_Crimson","Guardian:RollAttack","Guardian:FloatingOrbs"],"picked":"SKIP","floor":40.0},{"not_picked":["Guardian:TimeCapacitor","Guardian:Incinerate+1","Guardian:ShieldCharger+1"],"picked":"SKIP","floor":42.0},{"not_picked":["Guardian:Planning","Guardian:FuturePlans+1"],"picked":"Guardian:RollAttack+1","floor":44.0},{"not_picked":["Guardian:CrystalBeam","Guardian:Gem_Red","Guardian:WalkerClaw"],"picked":"SKIP","floor":46.0},{"not_picked":["Guardian:Recover","Guardian:Gem_Purple"],"picked":"Guardian:GatlingBeam","floor":48.0},{"not_picked":["Guardian:WalkerClaw+1","Guardian:VentSteam+1"],"picked":"Guardian:MultiBeam+1","floor":49.0}],"player_experience":569455,"relics_obtained":[{"floor":6.0,"key":"Thread and Needle"},{"floor":7.0,"key":"Sundial"},{"floor":10.0,"key":"Mummified Hand"},{"floor":14.0,"key":"White Beast Statue"},{"floor":24.0,"key":"Smiling Mask"},{"floor":41.0,"key":"Oddly Smooth Stone"},{"floor":43.0,"key":"Gremlin Horn"},{"floor":44.0,"key":"StrikeDummy"},{"floor":47.0,"key":"Calipers"},{"floor":48.0,"key":"Pocketwatch"}],"event_choices":[{"damage_healed":0.0,"max_hp_gain":0.0,"max_hp_loss":0.0,"gold_gain":0.0,"event_name":"Scrap Ooze","player_choice":"Success","floor":5.0,"gold_loss":0.0,"damage_taken":12.0,"relics_obtained":["The Courier"]},{"damage_healed":0.0,"max_hp_gain":0.0,"max_hp_loss":0.0,"gold_gain":0.0,"event_name":"Mysterious Sphere","player_choice":"Fight","floor":47.0,"gold_loss":0.0,"damage_taken":0.0}],"is_beta":false,"boss_relics":[{"not_picked":["Runic Pyramid","SlaversCollar"],"picked":"Snecko Eye"},{"not_picked":["Runic Dome","Tiny House"],"picked":"Fusion Hammer"}],"items_purged_floors":[11,46],"is_endless":false,"potions_floor_spawned":[2,12,15,16,19,22,26,28,31,32,33,36,37,40,42,44,46,47,48,49],"ascension_level":10}}