{"host":"9ndbo4kgsfoemf7y","time":1608899463,"event":{"mods":["AchievementEnabler","BaseMod","Colored Map","DeckTracker","Keyboard Shortcuts","Minty Spire (QoL Compilation)","Permanent Neow","Quick Restart","Relic Stats","StSLib","SuperFastMode"],"gold_per_floor":[111,129,129,139,149,184,184,201,224,240,240,254,254,254,254,351,351,365,396,396,24,36,71,71,71,71,98,75,75,75,86,86,189,189,200,100,119,139,153,153,187,187,187,220,220,220,270,304,304,304],"floor_reached":51,"playtime":2308,"items_purged":["Strike_B","Strike_B"],"score":900,"play_id":"9ed7416b-f425-460f-a988-bcbe9a6e4301","local_time":"20201225213103","is_ascension_mode":true,"campfire_choices":[{"floor":7.0,"key":"REST"},{"data":"Buffer","floor":11.0,"key":"SMITH"},{"data":"Reboot","floor":13.0,"key":"SMITH"},{"floor":15.0,"key":"REST"},{"data":"Defragment","floor":24.0,"key":"SMITH"},{"data":"Strike_B","floor":29.0,"key":"PURGE"},{"data":"Strike_B","floor":32.0,"key":"PURGE"},{"data":"Redo","floor":40.0,"key":"SMITH"},{"data":"Turbo","floor":42.0,"key":"PURGE"},{"data":"Dualcast","floor":45.0,"key":"PURGE"},{"floor":49,"key":"REST"}],"circlet_count":0,"master_deck":["Defend_B","Defend_B","Defend_B+1","Defend_B+1","Zap","Reboot+1","Sunder+1","Defragment+1","Conserve Battery","Buffer+1","Streamline+1","Cold Snap","Electrodynamics","Capacitor","Beam Cell+1","Defragment+1","FTL","Hologram","All For One","Redo+1","Sweeping Beam+1","Hologram+1","Recycle+1","Defragment","Go for the Eyes+1","Chill"],"relics":["Cracked Core","Ice Cream","War Paint","Cursed Key","Red Mask","Tiny Chest","Thread and Needle","Lantern","Peace Pipe","SlaversCollar","Emotion Chip","Regal Pillow","Dead Branch","Blue Candle"],"acts_visited":["Exordium","TheCity","TheBeyond"],"potions_floor_usage":[48,50,50],"damage_taken":[{"damage":7.0,"enemies":"Jaw Worm","floor":1.0,"turns":3.0},{"damage":1.0,"enemies":"Cultist","floor":2.0,"turns":3.0},{"damage":7.0,"enemies":"Small Slimes","floor":4.0,"turns":2.0},{"damage":4.0,"enemies":"3 Louse","floor":5.0,"turns":2.0},{"damage":29.0,"enemies":"Gremlin Nob","floor":6.0,"turns":4.0},{"damage":3.0,"enemies":"Blue Slaver","floor":8.0,"turns":3.0},{"damage":3.0,"enemies":"Looter","floor":10.0,"turns":3.0},{"damage":0.0,"enemies":"Exordium Wildlife","floor":12.0,"turns":5.0},{"damage":27.0,"enemies":"Slime Boss","floor":16.0,"turns":10.0},{"damage":16.0,"enemies":"3 Byrds","floor":18.0,"turns":3.0},{"damage":20.0,"enemies":"Masked Bandits","floor":19.0,"turns":4.0},{"damage":0.0,"enemies":"Chosen","floor":22.0,"turns":3.0},{"damage":9.0,"enemies":"Book of Stabbing","floor":23.0,"turns":6.0},{"damage":0.0,"enemies":"Slavers","floor":27.0,"turns":5.0},{"damage":2.0,"enemies":"Snake Plant","floor":31.0,"turns":4.0},{"damage":12.0,"enemies":"Automaton","floor":33.0,"turns":10.0},{"damage":8.0,"enemies":"Orb Walker","floor":35.0,"turns":3.0},{"damage":7.0,"enemies":"3 Darklings","floor":37.0,"turns":3.0},{"damage":12.0,"enemies":"Sphere and 2 Shapes","floor":38.0,"turns":3.0},{"damage":0.0,"enemies":"Writhing Mass","floor":39.0,"turns":7.0},{"damage":0.0,"enemies":"Giant Head","floor":41.0,"turns":8.0},{"damage":8.0,"enemies":"Reptomancer","floor":44.0,"turns":5.0},{"damage":0,"enemies":"Mind Bloom Boss Battle","floor":47,"turns":6},{"damage":17,"enemies":"Nemesis","floor":48,"turns":3},{"damage":16,"enemies":"Time Eater","floor":50,"turns":12}],"seed_played":"-1043545188946126795","potions_obtained":[{"floor":1.0,"key":"FocusPotion"},{"floor":6.0,"key":"ColorlessPotion"},{"floor":10.0,"key":"EssenceOfSteel"},{"floor":16.0,"key":"ColorlessPotion"},{"floor":22.0,"key":"SneckoOil"},{"floor":23.0,"key":"LiquidMemories"},{"floor":38.0,"key":"Block Potion"},{"floor":39.0,"key":"PowerPotion"}],"is_trial":false,"path_per_floor":["M","M","?","M","M","E","R","M","T","M","R","M","R","?","R","B",null,"M","?","?","$","M","E","R","?","T","E","$","R","$","M","R","B",null,"M","$","M","M","M","R","E","R","T","E","R","T","?","E","R","B",null],"character_chosen":"DEFECT","items_purchased":["Thread and Needle","Hologram"],"campfire_rested":3,"item_purchase_floors":[21,28],"current_hp_per_floor":[68,67,67,60,56,27,49,46,46,43,43,43,43,28,50,23,75,59,39,39,39,39,30,30,55,55,55,55,55,55,53,53,41,75,67,67,60,48,48,48,48,48,48,40,40,40,40,23,60,44],"gold":304,"neow_bonus":"ONE_RANDOM_RARE_CARD","is_daily":false,"chose_seed":false,"campfire_upgraded":4,"win_rate":0.0,"timestamp":1608899463,"path_taken":["M","M","?","M","M","E","R","M","T","M","R","?","R","?","R","BOSS","M","?","?","$","M","E","R","?","T","E","$","R","?","?","R","BOSS","BOSS","M","$","M","M","M","R","E","R","T","E","R","?","?","E","R","BOSS"],"items_purchased_type":["Relic","Card"],"build_version":"2020-12-22","purchased_purges":2,"victory":true,"max_hp_per_floor":[75,75,75,75,75,75,75,75,75,75,75,75,75,75,75,75,75,75,75,75,75,75,75,75,75,75,75,75,75,75,75,75,75,75,75,75,75,75,75,75,75,75,75,75,75,75,75,75,75,75],"relic_stats":{"Peace Pipe":4,"Emotion Chip":[12,12,0,0,0],"Regal Pillow":15,"counters":[25,120],"Dead Branch":[5],"Blue Candle":[0],"Tiny Chest":1,"War Paint":["Defend_B","Defend_B"],"Cursed Key":0,"obtain_stats":[{"Ice Cream":6,"Lantern":23,"Regal Pillow":44,"Dead Branch":47,"Blue Candle":48,"Thread and Needle":21,"War Paint":9,"Cursed Key":17,"Peace Pipe":27,"SlaversCollar":34,"Emotion Chip":41,"Tiny Chest":20,"Red Mask":19,"Cracked Core":0},{"Ice Cream":5,"Lantern":13,"Regal Pillow":22,"Dead Branch":23,"Blue Candle":24,"Thread and Needle":11,"War Paint":6,"Cursed Key":9,"Peace Pipe":14,"SlaversCollar":16,"Emotion Chip":21,"Tiny Chest":11,"Red Mask":11,"Cracked Core":0},{"Ice Cream":14,"Lantern":51,"Regal Pillow":99,"Dead Branch":105,"Blue Candle":108,"Thread and Needle":42,"War Paint":17,"Cursed Key":35,"Peace Pipe":56,"SlaversCollar":70,"Emotion Chip":94,"Tiny Chest":42,"Red Mask":42,"Cracked Core":0}]},"card_choices":[{"not_picked":["Go for the Eyes","Ball Lightning"],"picked":"Sunder","floor":1.0},{"not_picked":["Redo","Rebound"],"picked":"Turbo","floor":2.0},{"not_picked":["Sweeping Beam","Hello World"],"picked":"Defragment","floor":4.0},{"not_picked":["Steam","Rip and Tear"],"picked":"Conserve Battery","floor":5.0},{"not_picked":["Reinforced Body","Turbo"],"picked":"Buffer","floor":6.0},{"not_picked":["Conserve Battery","Storm"],"picked":"Streamline","floor":8.0},{"not_picked":["Tempest","Leap"],"picked":"Cold Snap","floor":10.0},{"not_picked":["Leap","Ball Lightning","Force Field"],"picked":"SKIP","floor":12.0},{"not_picked":["Biased Cognition","Amplify"],"picked":"Electrodynamics","floor":16.0},{"not_picked":["Compile Driver","Turbo","Steam"],"picked":"SKIP","floor":18.0},{"not_picked":["Static Discharge","Rebound"],"picked":"Capacitor","floor":19.0},{"not_picked":["Doom and Gloom","Redo+1"],"picked":"Beam Cell+1","floor":22.0},{"not_picked":["Turbo","BootSequence"],"picked":"Defragment+1","floor":23.0},{"not_picked":["Force Field","Leap"],"picked":"FTL","floor":27.0},{"not_picked":["Compile Driver","Streamline","Rebound"],"picked":"SKIP","floor":31.0},{"not_picked":["Creative AI","Rainbow"],"picked":"All For One","floor":33.0},{"not_picked":["Hologram+1","Leap"],"picked":"Redo","floor":35.0},{"not_picked":["Capacitor","Steam+1"],"picked":"Sweeping Beam+1","floor":37.0},{"not_picked":["Doom and Gloom","Cold Snap+1"],"picked":"Hologram+1","floor":38.0},{"not_picked":["Sweeping Beam+1","Leap+1"],"picked":"Recycle+1","floor":39.0},{"not_picked":["Static Discharge","Streamline+1","Creative AI"],"picked":"SKIP","floor":41.0},{"not_picked":["Stack+1","Barrage+1"],"picked":"Defragment","floor":44.0},{"not_picked":["Double Energy+1","Cold Snap"],"picked":"Go for the Eyes+1","floor":47},{"not_picked":["FTL","Glacier+1"],"picked":"Chill","floor":48}],"player_experience":743737,"relics_obtained":[{"floor":6.0,"key":"Ice Cream"},{"floor":9.0,"key":"War Paint"},{"floor":19.0,"key":"Red Mask"},{"floor":23.0,"key":"Lantern"},{"floor":27.0,"key":"Peace Pipe"},{"floor":41.0,"key":"Emotion Chip"},{"floor":44.0,"key":"Regal Pillow"},{"floor":47,"key":"Dead Branch"},{"floor":48,"key":"Blue Candle"}],"event_choices":[{"damage_healed":0.0,"max_hp_gain":0.0,"max_hp_loss":0.0,"gold_gain":0.0,"event_name":"Match and Keep!","player_choice":"0 cards matched","floor":3.0,"gold_loss":0.0,"damage_taken":0.0,"cards_obtained":[]},{"damage_healed":0.0,"max_hp_gain":0.0,"max_hp_loss":0.0,"gold_gain":0.0,"event_name":"Shining Light","player_choice":"Entered Light","floor":14.0,"gold_loss":0.0,"damage_taken":15.0,"cards_upgraded":["Sunder","Streamline"]},{"damage_healed":0.0,"max_hp_gain":0.0,"max_hp_loss":0.0,"gold_gain":0.0,"event_name":"Masked Bandits","player_choice":"Fought Bandits","floor":19.0,"gold_loss":0.0,"damage_taken":0.0},{"damage_healed":0.0,"max_hp_gain":0.0,"max_hp_loss":0.0,"gold_gain":0.0,"event_name":"The Mausoleum","player_choice":"Opened","floor":20.0,"gold_loss":0.0,"damage_taken":0.0,"relics_obtained":["Tiny Chest"]},{"damage_healed":25.0,"max_hp_gain":0.0,"max_hp_loss":0.0,"gold_gain":0.0,"event_name":"The Library","player_choice":"Heal","floor":25.0,"gold_loss":0.0,"damage_taken":0.0},{"damage_healed":0,"gold_gain":0,"player_choice":"Fight","damage_taken":0,"max_hp_gain":0,"max_hp_loss":0,"event_name":"MindBloom","floor":47,"gold_loss":0}],"is_beta":false,"boss_relics":[{"not_picked":["Empty Cage","Sozu"],"picked":"Cursed Key"},{"not_picked":["Runic Dome","Velvet Choker"],"picked":"SlaversCollar"}],"items_purged_floors":[21,36],"is_endless":false,"potions_floor_spawned":[1,6,10,16,22,23,38,39,44],"ascension_level":2}}