{"host":"1eo5f82aifdzd7pr","time":1608921859,"event":{"mods":["AchievementEnabler","BaseMod","Colored Map","Colored Powertips","DeckTracker","Minty Spire (QoL Compilation)","SuperFastMode"],"gold_per_floor":[113,113,38,56,56,56,74,87,87,87,125,143,143,156,156,156,156],"floor_reached":16,"playtime":601,"items_purged":["Strike_R"],"score":168,"play_id":"4b4860b3-0e42-4bb0-95b5-de6c14b6d6d7","local_time":"20201225204419","is_ascension_mode":true,"campfire_choices":[{"data":"Uppercut","floor":6,"key":"SMITH"},{"floor":10,"key":"REST"},{"floor":15,"key":"REST"}],"circlet_count":0,"master_deck":["AscendersBane","Strike_R","Strike_R","Strike_R","Strike_R","Defend_R","Defend_R","Defend_R","Defend_R","Bash","Offering","Uppercut+1","Battle Trance","Spot Weakness"],"relics":["Burning Blood","Golden Idol","Darkstone Periapt","Turnip","Smiling Mask"],"acts_visited":["Exordium"],"potions_floor_usage":[8,14,16],"damage_taken":[{"damage":9,"enemies":"2 Louse","floor":1,"turns":3},{"damage":6,"enemies":"Jaw Worm","floor":4,"turns":4},{"damage":0,"enemies":"Cultist","floor":7,"turns":3},{"damage":8,"enemies":"Blue Slaver","floor":8,"turns":2},{"damage":34,"enemies":"Gremlin Nob","floor":11,"turns":4},{"damage":1,"enemies":"2 Fungi Beasts","floor":12,"turns":3},{"damage":5,"enemies":"Red Slaver","floor":14,"turns":3},{"damage":50,"enemies":"Slime Boss","floor":16,"turns":7}],"seed_played":"7517438068261720780","potions_obtained":[{"floor":4,"key":"AttackPotion"},{"floor":8,"key":"FearPotion"},{"floor":12,"key":"Strength Potion"}],"is_trial":false,"path_per_floor":["M","?","$","M","$","R","M","M","T","R","E","M","?","M","R","B"],"character_chosen":"IRONCLAD","items_purchased":[],"campfire_rested":2,"item_purchase_floors":[],"current_hp_per_floor":[48,28,28,28,28,28,34,32,32,56,28,33,21,22,46,0,0],"gold":156,"neow_bonus":"THREE_RARE_CARDS","is_daily":false,"chose_seed":false,"campfire_upgraded":1,"win_rate":0.0,"timestamp":1608921859,"path_taken":["M","?","?","M","$","R","?","M","T","R","E","M","?","M","R","BOSS"],"items_purchased_type":[],"build_version":"2020-12-22","purchased_purges":1,"victory":false,"max_hp_per_floor":[80,80,80,80,80,80,80,80,80,80,80,80,80,80,80,80,80],"card_choices":[{"not_picked":["Double Tap","Berserk"],"picked":"Offering","floor":0},{"not_picked":["Shrug It Off","Intimidate"],"picked":"Uppercut","floor":1},{"not_picked":["Dark Embrace","Havoc"],"picked":"Battle Trance","floor":4},{"not_picked":["Warcry","Intimidate"],"picked":"Spot Weakness","floor":7},{"not_picked":["Anger","Armaments","Evolve"],"picked":"SKIP","floor":8},{"not_picked":["Perfected Strike","Clash","Intimidate"],"picked":"SKIP","floor":11},{"not_picked":["Uppercut","Fire Breathing","Clash"],"picked":"SKIP","floor":12},{"not_picked":["Shockwave","Spot Weakness","Corruption"],"picked":"SKIP","floor":14}],"player_experience":687429,"relics_obtained":[{"floor":9,"key":"Darkstone Periapt"},{"floor":11,"key":"Turnip"}],"event_choices":[{"damage_healed":0,"gold_gain":0,"player_choice":"Take Damage","damage_taken":20,"relics_obtained":["Golden Idol"],"max_hp_gain":0,"max_hp_loss":0,"event_name":"Golden Idol","floor":2,"gold_loss":0},{"damage_healed":0,"gold_gain":0,"player_choice":"Success","damage_taken":12,"relics_obtained":["Smiling Mask"],"max_hp_gain":0,"max_hp_loss":0,"event_name":"Scrap Ooze","floor":13,"gold_loss":0}],"is_beta":false,"boss_relics":[],"items_purged_floors":[3],"is_endless":false,"potions_floor_spawned":[4,8,12],"killed_by":"Slime Boss","ascension_level":13}}