{"host":"cb9xh4d0ss8ax8yb","time":1608890080,"event":{"mods":["Arknights The Spire","BaseMod","Jess\u0027s Bottle","Minty Spire (QoL Compilation)","StSLib","The Dragon Tamer","The Gatherer"],"gold_per_floor":[110,123,137,62,82,82,112,112,137,137,153,185,205,59,59,159,159,178,197,209,109,34,62,62,62,136,154,169,169,185,210,210,314,314,327,75,75,75,0,20,20,65,92,125,135,166,41,56,56,56],"floor_reached":51,"playtime":4953,"items_purged":["ats:Strike V","ats:Defend","ats:Strike C"],"score":732,"play_id":"b2200716-823f-4e24-93c0-45f41bd990fe","local_time":"20201225185440","is_ascension_mode":false,"campfire_choices":[{"data":"ats:Ignite","floor":6,"key":"SMITH"},{"data":"ats:Armor Crushing Shot","floor":10,"key":"SMITH"},{"floor":15,"key":"REST"},{"data":"ats:Calcification","floor":25,"key":"SMITH"},{"data":"ats:Emotion Absorption","floor":29,"key":"SMITH"},{"data":"ats:Revitalization","floor":32,"key":"SMITH"},{"data":"ats:Composite Medical Shells","floor":49,"key":"SMITH"}],"circlet_count":0,"master_deck":["ats:Armor Crushing Shot+1","ats:Defend+1","ats:Defend","ats:Defend+1","ats:Emotion Absorption+1","ats:Ignite+1","ats:Thermite Blade","ats:Defend Order","ats:Chain Hook","ats:Revitalization+1","ats:Calcification+1","ats:Support Order","ats:Composite Medical Shells+1","ats:Hammer On+1","ats:Apocalypse+1","ats:Disruption Kick","ats:Shell Defense+1","ats:Calcification","Madness","Madness","ats:Demon Strength+1","ats:Red Shift+1"],"relics":["ats:Sanity","ats:Originium","ats:Spiritual Recovery","War Paint","ats:Originium","Anchor","PreservedInsect","Sozu","ats:Originium","Centennial Puzzle","Singing Bowl","Du-Vu Doll","Black Star","Letter Opener","Red Mask","Bird Faced Urn","ats:Ability Aura","Ice Cream","Unceasing Top","Thread and Needle","ats:Hidden Killer"],"acts_visited":["Exordium","TheCity","TheBeyond"],"potions_floor_usage":[5,7,12,27,31],"damage_taken":[{"damage":1,"enemies":"2 Louse","floor":1,"turns":3},{"damage":3,"enemies":"Jaw Worm","floor":2,"turns":4},{"damage":1,"enemies":"Cultist","floor":3,"turns":3},{"damage":4,"enemies":"Large Slime","floor":5,"turns":5},{"damage":37,"enemies":"Lagavulin","floor":7,"turns":8},{"damage":0,"enemies":"3 Louse","floor":11,"turns":3},{"damage":6,"enemies":"Gremlin Nob","floor":12,"turns":4},{"damage":0,"enemies":"Looter","floor":13,"turns":3},{"damage":44,"enemies":"Hexaghost","floor":16,"turns":11},{"damage":8,"enemies":"3 Byrds","floor":18,"turns":8},{"damage":3,"enemies":"Shell Parasite","floor":19,"turns":5},{"damage":8,"enemies":"Centurion and Healer","floor":20,"turns":9},{"damage":23,"enemies":"Gremlin Leader","floor":23,"turns":6},{"damage":3,"enemies":"Snake Plant","floor":27,"turns":3},{"damage":33,"enemies":"Snecko","floor":28,"turns":6},{"damage":10,"enemies":"3 Cultists","floor":30,"turns":7},{"damage":27,"enemies":"Slavers","floor":31,"turns":8},{"damage":42,"enemies":"Automaton","floor":33,"turns":12},{"damage":23,"enemies":"3 Shapes","floor":35,"turns":4},{"damage":9,"enemies":"Orb Walker","floor":40,"turns":5},{"damage":55,"enemies":"2 Orb Walkers","floor":42,"turns":7},{"damage":58,"enemies":"Reptomancer","floor":44,"turns":8},{"damage":13,"enemies":"Maw","floor":45,"turns":7},{"damage":74,"enemies":"Nemesis","floor":46,"turns":10},{"damage":26,"enemies":"Spire Growth","floor":48,"turns":5},{"damage":100,"enemies":"Time Eater","floor":50,"turns":17}],"seed_played":"4188644426031301967","potions_obtained":[{"floor":2,"key":"LiquidMemories"},{"floor":3,"key":"Explosive Potion"},{"floor":11,"key":"Dexterity Potion"},{"floor":13,"key":"SteroidPotion"},{"floor":16,"key":"EntropicBrew"}],"is_trial":false,"path_per_floor":["M","M","M","$","M","R","E","?","T","R","M","E","M","$","R","B",null,"M","M","M","$","?","E","?","R","T","M","M","R","M","E","R","B",null,"M","$","?","?","?","M","?","?","T","E","M","E","$","M","R","B",null],"character_chosen":"DOCTOR_CLASS","items_purchased":["PreservedInsect","Letter Opener"],"campfire_rested":1,"item_purchase_floors":[14,36],"current_hp_per_floor":[78,75,74,74,70,70,33,26,26,26,26,20,20,20,43,5,79,78,78,79,79,79,61,46,46,46,46,20,20,35,28,28,84,84,68,68,70,59,59,64,64,38,38,42,79,87,87,88,88,96],"gold":56,"neow_bonus":"TEN_PERCENT_HP_BONUS","is_daily":false,"chose_seed":false,"campfire_upgraded":6,"win_rate":0.0,"timestamp":1608890080,"path_taken":["M","M","M","$","M","R","E","?","T","R","M","E","M","?","R","BOSS","M","?","M","$","?","E","?","R","T","M","M","R","M","E","R","BOSS","M","$","?","?","?","M","?","?","T","E","?","E","$","M","R","BOSS"],"items_purchased_type":["Relic","Relic"],"build_version":"2020-12-22","purchased_purges":3,"victory":true,"max_hp_per_floor":[79,79,79,79,79,79,79,79,79,79,79,79,79,79,79,79,79,79,79,79,79,79,79,84,84,84,84,84,84,84,84,84,84,84,86,86,88,88,88,88,88,88,88,90,92,94,94,96,96,96],"card_choices":[{"not_picked":["ats:Shell Defense","ats:Poison Spread"],"picked":"ats:Ignite","floor":1},{"not_picked":["ats:Consecutive Shot Auto","ats:Assault Order","ats:Curse Doll"],"picked":"SKIP","floor":2},{"not_picked":["ats:Assault Order","ats:Flexible Camouflage"],"picked":"ats:Thermite Blade","floor":3},{"not_picked":["ats:Explosion Area Strengthen","ats:Leaping Hammer"],"picked":"ats:Defend Order","floor":5},{"not_picked":["ats:LN2 Cannon","ats:Cat Scratch"],"picked":"ats:Powerful Strike","floor":7},{"not_picked":["ats:Hammer On","ats:Explosion Area Strengthen","ats:Ignite"],"picked":"SKIP","floor":11},{"not_picked":["ats:Childhood Dance","ats:Apocalypse"],"picked":"ats:Chain Hook","floor":12},{"not_picked":["ats:Powerful Strike","ats:Consecutive Shot Auto"],"picked":"ats:Revitalization","floor":13},{"not_picked":["ats:Wolf Pack","ats:Nebulous Foxfire"],"picked":"ats:Calcification","floor":16},{"not_picked":["ats:Revitalization","ats:Neurotoxin"],"picked":"ats:Support Order","floor":18},{"not_picked":["ats:Curse Doll","ats:Directed Diagnosis"],"picked":"ats:Composite Medical Shells","floor":19},{"not_picked":["ats:Shell Defense","ats:Cat Scratch+1","ats:Counter Healing Mode+1"],"picked":"SKIP","floor":20},{"not_picked":["ats:Spore Proliferation+1","ats:Flexible Camouflage","ats:Explosion Area Strengthen"],"picked":"SKIP","floor":23},{"not_picked":["ats:Revitalization","ats:Shell Defense"],"picked":"ats:Hammer On+1","floor":27},{"not_picked":["ats:Spore Proliferation","ats:Sword Rain+1"],"picked":"ats:Apocalypse+1","floor":28},{"not_picked":["ats:Powerful Strike","ats:Cat Scratch"],"picked":"ats:Disruption Kick","floor":30},{"not_picked":["ats:Hammer On","ats:Childhood Dance+1"],"picked":"ats:Shell Defense+1","floor":31},{"not_picked":["ats:Durian","ats:Volcano"],"picked":"ats:Calcification","floor":33},{"not_picked":["ats:Part Time Job","ats:Composite Medical Shells+1","ats:Explosion Area Strengthen+1"],"picked":"Singing Bowl","floor":35},{"not_picked":["Jack Of All Trades","Flash of Steel","Deep Breath"],"picked":"Singing Bowl","floor":37},{"not_picked":["ats:Childhood Dance+1","ats:Leaping Hammer+1"],"picked":"ats:Demon Strength+1","floor":40},{"not_picked":["ats:Powerful Strike","ats:Consecutive Shot Auto"],"picked":"ats:Red Shift+1","floor":42},{"not_picked":["ats:Guardian Obelisk","ats:Counter Healing Mode+1","ats:Fractured Body"],"picked":"Singing Bowl","floor":44},{"not_picked":["ats:Explosion Area Strengthen","ats:Shell Defense","ats:Revitalization+1"],"picked":"Singing Bowl","floor":45},{"not_picked":["ats:Revitalization+1","ats:Apocalypse","ats:Flame Of Heaven+1"],"picked":"Singing Bowl","floor":46},{"not_picked":["ats:Revitalization","ats:Ignite+1","ats:Hammer On+1"],"picked":"Singing Bowl","floor":48}],"player_experience":442740,"relics_obtained":[{"floor":7,"key":"ats:Originium"},{"floor":7,"key":"ats:Spiritual Recovery"},{"floor":9,"key":"War Paint"},{"floor":12,"key":"ats:Originium"},{"floor":12,"key":"Anchor"},{"floor":23,"key":"ats:Originium"},{"floor":23,"key":"Centennial Puzzle"},{"floor":26,"key":"Singing Bowl"},{"floor":31,"key":"Du-Vu Doll"},{"floor":42,"key":"Bird Faced Urn"},{"floor":43,"key":"ats:Ability Aura"},{"floor":44,"key":"Ice Cream"},{"floor":44,"key":"Unceasing Top"},{"floor":46,"key":"Thread and Needle"},{"floor":46,"key":"ats:Hidden Killer"}],"event_choices":[{"cards_removed":["ats:Strike S"],"damage_healed":0,"gold_gain":0,"player_choice":"Card Removal","damage_taken":7,"max_hp_gain":0,"max_hp_loss":0,"event_name":"Golden Wing","floor":8,"gold_loss":0},{"cards_removed":["ats:Strike G"],"damage_healed":0,"gold_gain":0,"player_choice":"Gave Gold","damage_taken":0,"max_hp_gain":0,"max_hp_loss":0,"event_name":"Beggar","floor":22,"gold_loss":75},{"damage_healed":0,"gold_gain":0,"player_choice":"Shed Blood","damage_taken":20,"max_hp_gain":5,"max_hp_loss":0,"event_name":"Forgotten Altar","floor":24,"gold_loss":0},{"damage_healed":0,"gold_gain":0,"player_choice":"Memory 1","damage_taken":0,"max_hp_gain":0,"max_hp_loss":0,"event_name":"SensoryStone","floor":37,"gold_loss":0},{"damage_healed":0,"gold_gain":0,"player_choice":"Embrace Madness","damage_taken":11,"max_hp_gain":0,"max_hp_loss":0,"event_name":"Winding Halls","floor":38,"gold_loss":0,"cards_obtained":["Madness","Madness"]},{"damage_healed":0,"gold_gain":0,"player_choice":"Paid","damage_taken":0,"relics_obtained":["Red Mask"],"max_hp_gain":0,"max_hp_loss":0,"event_name":"Tomb of Lord Red Mask","floor":39,"gold_loss":75},{"cards_removed":["ats:Powerful Strike"],"damage_healed":0,"gold_gain":0,"player_choice":"Removed Attack","damage_taken":0,"max_hp_gain":0,"max_hp_loss":0,"event_name":"Falling","floor":41,"gold_loss":0},{"damage_healed":0,"gold_gain":0,"player_choice":"Fight","damage_taken":0,"max_hp_gain":0,"max_hp_loss":0,"event_name":"Mysterious Sphere","floor":42,"gold_loss":0}],"is_beta":false,"boss_relics":[{"not_picked":["ats:Omniscience","jessBottle:WaterBottleRelic"],"picked":"Sozu"},{"not_picked":["Velvet Choker","Snecko Eye"],"picked":"Black Star"}],"items_purged_floors":[4,21,47],"is_endless":false,"potions_floor_spawned":[2,3,11,13,16,28,30,31,35,42,45,48],"ascension_level":0}}