{"host":"7gewg82ormp6yt4e","time":1608901712,"event":{"mods":["BaseMod","Block Reminder","Colored Map","Colored Powertips","DeckTracker","Highlight Path","Minty Spire (QoL Compilation)","Relic Stats","StSLib"],"gold_per_floor":[111,411,430,447,522,522,522,522],"floor_reached":7,"playtime":240,"items_purged":[],"score":82,"play_id":"2d4bd6ab-9395-4478-90a6-dd2cab71e1e9","local_time":"20201225220832","is_ascension_mode":true,"campfire_choices":[{"floor":6,"key":"REST"}],"circlet_count":0,"master_deck":["AscendersBane","Strike_G","Strike_G","Strike_G","Strike_G","Strike_G","Defend_G","Defend_G","Defend_G","Defend_G","Defend_G","Survivor","Neutralize","Backflip","All Out Attack","Deadly Poison"],"relics":["Sozu","Old Coin"],"acts_visited":["Exordium"],"potions_floor_usage":[],"damage_taken":[{"damage":13,"enemies":"Jaw Worm","floor":1,"turns":6},{"damage":1,"enemies":"Small Slimes","floor":3,"turns":5},{"damage":0,"enemies":"2 Louse","floor":4,"turns":2},{"damage":42,"enemies":"Gremlin Nob","floor":7,"turns":4}],"seed_played":"7524092591422786245","potions_obtained":[],"is_trial":false,"path_per_floor":["M","?","M","M","?","R","E"],"character_chosen":"THE_SILENT","items_purchased":[],"campfire_rested":1,"item_purchase_floors":[],"current_hp_per_floor":[46,28,27,27,16,35,0,0],"gold":522,"neow_bonus":"BOSS_RELIC","is_daily":false,"chose_seed":false,"campfire_upgraded":0,"win_rate":0.0,"timestamp":1608901712,"path_taken":["M","?","M","M","?","R","E"],"items_purchased_type":[],"build_version":"2020-12-22","purchased_purges":0,"victory":false,"max_hp_per_floor":[66,66,66,66,66,66,66,66],"relic_stats":{"Sozu":1,"counters":[4,17],"obtain_stats":[{"Sozu":0,"Ring of the Snake":0,"Old Coin":2},{"Sozu":0,"Ring of the Snake":0,"Old Coin":1},{"Sozu":0,"Ring of the Snake":0,"Old Coin":6}]},"card_choices":[{"not_picked":["Blade Dance","Acrobatics"],"picked":"Backflip","floor":1},{"not_picked":["Sucker Punch","Flechettes"],"picked":"All Out Attack","floor":3},{"not_picked":["Quick Slash","Outmaneuver"],"picked":"Deadly Poison","floor":4}],"player_experience":2441964,"relics_obtained":[],"event_choices":[{"damage_healed":0,"gold_gain":0,"player_choice":"Success","damage_taken":18,"relics_obtained":["Old Coin"],"max_hp_gain":0,"max_hp_loss":0,"event_name":"Scrap Ooze","floor":2,"gold_loss":0},{"damage_healed":0,"gold_gain":75,"player_choice":"Gather Gold","damage_taken":11,"max_hp_gain":0,"max_hp_loss":0,"event_name":"World of Goop","floor":5,"gold_loss":0}],"is_beta":false,"boss_relics":[],"items_purged_floors":[],"is_endless":false,"potions_floor_spawned":[4],"killed_by":"Gremlin Nob","ascension_level":20}}