{"host":"2gg06yzptsyvmpvy","time":1608920751,"event":{"mods":["2.2 Compatiblity","AchievementEnabler","Act Like it!","Aspiration","BaseMod","Beaked The Cultist","Best Route Mod","Bestiary","Better Note","Better Synergies","Challenge The Spire","ChefMod","Colored Map","Colored Powertips","Colorless Booster Pack","Conjunction","Curses Come First","Downfall","Energized Spire","Friendly Minions","GifTheSpireLib","Glutton Mod","GungeonMod","Halation","Highlight Path","Hubris","Jedi Mod","JesterMod","Minty Spire (QoL Compilation)","Pale of the Ancients","Permanent Neow","Quick Restart","Random Character Button","Relic Stats","Replay The Spire","Retaliation","Reworked Bosses","SCP261 Mod","Shade Mod","Small Relic Pack","Spicy Shops","Spikes Relics","StSLib","Stuff the Spire","SuperFastMode","Swap Starting Deck Mod","The Construct","The Factory","The Hayseed","The Hierophant","The Jungle","The Runesmith","The Servant 0.9.4","Trackpad","Useless Jewels Mod","thorton","vexMod"],"gold_per_floor":[113,23,39,9,29,55,55,4,4,4,14,26,26,61,61,61,61],"floor_reached":16,"playtime":598,"items_purged":[],"score":207,"play_id":"af53d8d3-cc6b-4db5-ad3f-3e74f19ff124","local_time":"20201225112551","is_ascension_mode":true,"campfire_choices":[{"data":"jedi:poisonivy","floor":7,"key":"SMITH"},{"floor":10,"key":"REST"},{"floor":13,"key":"REST"},{"floor":15,"key":"REST"}],"circlet_count":0,"master_deck":["AscendersBane","Strike_G","Strike_G","Strike_G","Strike_G","Strike_G","Defend_G","Defend_G","Defend_G","Defend_G","Defend_G","Survivor","Neutralize","hubris:SlightOfHand","Forethought","StuffTheSpire:Injection","Poisoned Stab","jedi:poisonivy+1","Flying Knee","Replay:Poison Smokescreen","Backstab","ReplayTheSpireMod:Shiv Toss"],"relics":["Ring of the Snake","Pear","Runesmith:Locket","Juzu Bracelet"],"acts_visited":["Exordium"],"potions_floor_usage":[6,14,14],"damage_taken":[{"damage":0,"enemies":"Cultist","floor":1,"turns":4},{"damage":7,"enemies":"Small Slimes","floor":3,"turns":5},{"damage":11,"enemies":"Jaw Worm","floor":5,"turns":3},{"damage":48,"enemies":"Replay:BlueRogue","floor":6,"turns":7},{"damage":29,"enemies":"Exordium Thugs","floor":11,"turns":6},{"damage":5,"enemies":"Looter","floor":12,"turns":3},{"damage":28,"enemies":"Lagavulin","floor":14,"turns":4},{"damage":33,"enemies":"Slime Boss","floor":16,"turns":3}],"seed_played":"-6719400563541583524","potions_obtained":[{"floor":4,"key":"SCP261:BarrettColaPotion"},{"floor":5,"key":"sneckomod:MuddlingPotion"},{"floor":6,"key":"jedi:StrikingPotion"},{"floor":14,"key":"Doom Potion"}],"is_trial":false,"path_per_floor":["M","$","M","?","M","E","R","$","T","R","M","M","R","E","R","B"],"character_chosen":"THE_SILENT","items_purchased":["Forethought","Flying Knee"],"campfire_rested":3,"item_purchase_floors":[2,8],"current_hp_per_floor":[70,70,63,63,52,14,14,14,14,40,11,6,32,4,30,0,0],"gold":61,"neow_bonus":"TEN_PERCENT_HP_BONUS","is_daily":false,"chose_seed":false,"campfire_upgraded":1,"win_rate":0.0,"timestamp":1608920751,"path_taken":["M","$","?","?","?","E","R","?","T","R","M","M","R","E","R","BOSS"],"items_purchased_type":["Card","Card"],"build_version":"2020-12-22","purchased_purges":0,"victory":false,"max_hp_per_floor":[77,77,77,77,77,87,87,87,87,87,87,87,87,87,87,87,87],"relic_stats":{"counters":[8,35],"Juzu Bracelet":0,"obtain_stats":[{"Pear":6,"Runesmith:Locket":9,"DemoMod:GlassGuonStoneRelic":6,"Juzu Bracelet":14,"Ring of the Snake":0},{"Pear":4,"Runesmith:Locket":4,"DemoMod:GlassGuonStoneRelic":4,"Juzu Bracelet":7,"Ring of the Snake":0},{"Pear":19,"Runesmith:Locket":19,"DemoMod:GlassGuonStoneRelic":19,"Juzu Bracelet":32,"Ring of the Snake":0}],"Ring of the Snake":[16]},"card_choices":[{"not_picked":["Bane","Cloak And Dagger"],"picked":"hubris:SlightOfHand","floor":1},{"not_picked":["Flechettes","ReplayTheSpireMod:Exploit Weakness"],"picked":"StuffTheSpire:Injection","floor":3},{"not_picked":["Backflip","hubris:Sniper"],"picked":"Poisoned Stab","floor":5},{"not_picked":["Flying Knee","jedi:acidrain"],"picked":"jedi:poisonivy","floor":6},{"not_picked":["StuffTheSpire:DoubleShiv","StuffTheSpire:BumpUp"],"picked":"Replay:Poison Smokescreen","floor":11},{"not_picked":["Masterful Stab","StuffTheSpire:ClusterCrunch"],"picked":"Backstab","floor":12},{"not_picked":["Cloak And Dagger","Hidden Blade"],"picked":"ReplayTheSpireMod:Shiv Toss","floor":14}],"player_experience":1167478,"relics_obtained":[{"floor":6,"key":"Pear"},{"floor":9,"key":"Runesmith:Locket"},{"floor":14,"key":"Juzu Bracelet"}],"event_choices":[],"is_beta":false,"boss_relics":[],"items_purged_floors":[],"is_endless":false,"potions_floor_spawned":[5,6,12,14],"killed_by":"Slime Boss","ascension_level":13}}