{"host":"tiwza2kisyyrpq7h","time":1608895238,"event":{"mods":["BaseMod","Better-Laid Plans","BetterRewards","Colored Powertips","Downfall","Minty Spire (QoL Compilation)","Quick Restart","Rare Cards Sparkle","Shop Mod","StSLib","SuperFastMode","The Servant 0.9.4","óô»ðÖ¸ÄÏ"],"gold_per_floor":[0,13,30,41,491,491,491,416,516,530,561,561,573,592,611,716,716,641,659,42,142,36,103,129,156,156,182,232,246,246,257,273,369,369,369,384,486,73,86,103,129,163,163,163,163],"floor_reached":43,"playtime":3183,"items_purged":["Slimebound:Icky"],"score":680,"play_id":"cb5539e4-67a0-46a8-af91-8fd6a7ba31b8","local_time":"20201225192038","is_ascension_mode":true,"campfire_choices":[{"floor":1.0,"key":"RECALL"},{"data":"Guardian:ConstructionForm","floor":8.0,"key":"SMITH"},{"data":"Guardian:SpikerProtocol","floor":18.0,"key":"SMITH"},{"data":"Guardian:ArmoredProtocol","floor":26.0,"key":"SMITH"},{"floor":30.0,"key":"REST"},{"data":"Guardian:Strike_Guardian","floor":35.0,"key":"PURGE"}],"circlet_count":0,"master_deck":["Guardian:Strike_Guardian","Guardian:Defend_Guardian","Guardian:Defend_Guardian","Guardian:Defend_Guardian","Guardian:Defend_Guardian","Guardian:CurlUp","Guardian:Repulse+1","Guardian:ConstructionForm+1","Guardian:PrimingBeam","Guardian:GuardianWhirl","Guardian:SpikerProtocol+1","Guardian:Recover","Guardian:StasisStrike","Guardian:TemporalShield","Guardian:Repulse","Guardian:FierceBash","Guardian:PrismaticBeam+1","Guardian:ArmoredProtocol+1","Guardian:FloatingOrbs","Guardian:AncientConstruct","Guardian:BronzeOrb","Guardian:VentSteam","Guardian:WalkerClaw","Guardian:TimeBomb","Guardian:DonusPower","Guardian:GemFinder","Guardian:EvasiveProtocol","Guardian:ChargeUp","Guardian:ArmoredProtocol+1","Guardian:BaubleBeam","Guardian:ChargeUp","Guardian:ArmoredProtocol","Guardian:Orbwalk","Guardian:Clone","Guardian:AncientConstruct","Guardian:Gem_Fragmented","Guardian:TimeCapacitor+1","expansioncontent:Chronoboost","Guardian:Planning","Guardian:Gem_Red","Guardian:SpikerProtocol+1","Parasite","Guardian:Gem_Red","Guardian:Clone","Guardian:Gem_Green"],"relics":["Guardian:ModeShifter","Ginger","downfall:HeartBlessingRed","SlaversCollar","downfall:HeartBlessingGreen","Turnip","downfall:CloakOfManyFaces","CultistMask","FaceOfCleric","NlothsMask","GremlinMask","SsserpentHead","MerchantsRug","HornCleat","Peace Pipe","Coffee Dripper","Bottled Tornado","Bag of Marbles","Smiling Mask"],"acts_visited":["Exordium","TheCity","TheBeyond"],"potions_floor_usage":[],"damage_taken":[{"damage":7.0,"enemies":"Small Slimes","floor":2.0,"turns":4.0},{"damage":0.0,"enemies":"2 Louse","floor":3.0,"turns":2.0},{"damage":0.0,"enemies":"Cultist","floor":4.0,"turns":4.0},{"damage":12.0,"enemies":"downfall:Heads","floor":9.0,"turns":7.0},{"damage":14.0,"enemies":"Blue Slaver","floor":10.0,"turns":3.0},{"damage":25.0,"enemies":"3 Sentries","floor":11.0,"turns":12.0},{"damage":17.0,"enemies":"Exordium Thugs","floor":13.0,"turns":4.0},{"damage":10.0,"enemies":"Gremlin Gang","floor":14.0,"turns":4.0},{"damage":0.0,"enemies":"Large Slime","floor":15.0,"turns":10.0},{"damage":0.0,"enemies":"downfall:Watcher","floor":16.0,"turns":19.0},{"damage":12.0,"enemies":"Chosen","floor":19.0,"turns":8.0},{"damage":2.0,"enemies":"downfall:FleeingMerchant","floor":20.0,"turns":4.0},{"damage":24.0,"enemies":"downfall:FaceTrader","floor":21.0,"turns":7.0},{"damage":8.0,"enemies":"downfall:FleeingMerchant","floor":22.0,"turns":4.0},{"damage":17.0,"enemies":"3 Byrds","floor":23.0,"turns":5.0},{"damage":19.0,"enemies":"Slavers","floor":25.0,"turns":5.0},{"damage":0.0,"enemies":"Gremlin Leader","floor":27.0,"turns":6.0},{"damage":3.0,"enemies":"Snecko","floor":29.0,"turns":4.0},{"damage":1.0,"enemies":"Centurion and Healer","floor":31.0,"turns":7.0},{"damage":29.0,"enemies":"Chosen and Byrds","floor":32.0,"turns":6.0},{"damage":2.0,"enemies":"downfall:Defect","floor":33.0,"turns":6.0},{"damage":0.0,"enemies":"Orb Walker","floor":36.0,"turns":4.0},{"damage":0.0,"enemies":"downfall:FleeingMerchant","floor":38.0,"turns":4.0},{"damage":28,"enemies":"3 Darklings","floor":39,"turns":6},{"damage":3,"enemies":"Writhing Mass","floor":40,"turns":8},{"damage":39,"enemies":"Giant Head","floor":42,"turns":8},{"damage":34,"enemies":"Transient","floor":43,"turns":3}],"seed_played":"-5655448234544101277","potions_obtained":[{"floor":4.0,"key":"DuplicationPotion"},{"floor":10.0,"key":"AttackPotion"},{"floor":11.0,"key":"SteroidPotion"},{"floor":12.0,"key":"Regen Potion"},{"floor":14.0,"key":"SmokeBomb"},{"floor":15.0,"key":"BlessingOfTheForge"},{"floor":16.0,"key":"Fire Potion"},{"floor":23.0,"key":"Guardian:BlockOnCardUsePotion"},{"floor":27.0,"key":"PowerPotion"},{"floor":31.0,"key":"AttackPotion"},{"floor":32.0,"key":"hexamod:EctoCoolerPotion"},{"floor":42,"key":"Ancient Potion"}],"is_trial":false,"path_per_floor":["R","M","M","M","?","?","T","R","?","M","E","?","M","M","M","B",null,"R","M","$","?","$","M","T","E","R","E","?","M","R","M","M","B",null,"R","M","?","$","M","M","T","E","M"],"character_chosen":"GUARDIAN","items_purchased":["Orrery","Turnip","Guardian:TimeBomb","MerchantsRug","Guardian:EvasiveProtocol","Guardian:ChargeUp","expansioncontent:Chronoboost","Bottled Tornado","Guardian:Planning"],"campfire_rested":1,"item_purchase_floors":[20,20,20,22,22,22,38,38,38],"current_hp_per_floor":[80,73,73,73,73,73,83,83,71,57,32,32,15,5,5,20,90,90,78,76,52,45,29,29,11,11,12,12,10,38,38,10,9,98,98,99,99,100,73,71,71,33,0,0,0],"gold":163,"neow_bonus":"ONE_RARE_RELIC","is_daily":false,"chose_seed":false,"campfire_upgraded":3,"win_rate":0.0,"timestamp":1608895238,"path_taken":["R","M","M","M","?","?","T","R","?","M","E","?","M","?","M","BOSS","R","M","$","?","?","?","T","E","R","E","?","M","R","M","M","BOSS","R","M","?","$","M","M","T","E","M"],"items_purchased_type":["Relic","Relic","Card","Relic","Card","Card","Card","Relic","Card"],"build_version":"2020-12-22","purchased_purges":1,"victory":false,"max_hp_per_floor":[80,80,80,80,80,80,90,90,90,90,90,90,90,90,90,90,90,90,90,90,90,91,92,92,93,93,94,94,95,95,96,97,98,98,98,99,99,100,101,102,102,103,103,103,103],"card_choices":[{"not_picked":["Guardian:Gem_Green","Guardian:TemporalStrike"],"picked":"Guardian:Gem_Red","floor":2.0},{"not_picked":["Guardian:FloatingOrbs","Guardian:Suspension"],"picked":"Guardian:Repulse","floor":3.0},{"not_picked":["Guardian:Gem_Green","Guardian:Planning"],"picked":"Guardian:ConstructionForm","floor":4.0},{"not_picked":["Guardian:Gem_White","Guardian:Gem_Yellow"],"picked":"Guardian:GuardianWhirl","floor":9.0},{"not_picked":["Guardian:Harden","Guardian:Gem_Lightblue"],"picked":"Guardian:SpikerProtocol","floor":10.0},{"not_picked":["Guardian:FloatingOrbs","Guardian:Gem_Lightblue"],"picked":"Guardian:Recover","floor":11.0},{"not_picked":["Guardian:Recover","Guardian:RollAttack"],"picked":"Guardian:StasisStrike","floor":13.0},{"not_picked":["Guardian:ChargeCore","Guardian:WalkerClaw"],"picked":"Guardian:TemporalShield","floor":14.0},{"not_picked":["Guardian:VentSteam","Guardian:ArmoredProtocol"],"picked":"Guardian:Repulse","floor":15.0},{"not_picked":["Guardian:HyperBeam_Guardian","Guardian:Gem_Orange"],"picked":"Guardian:FierceBash","floor":16.0},{"not_picked":["Guardian:PiercingHide","Guardian:Preprogram"],"picked":"Guardian:PrismaticBeam+1","floor":19.0},{"not_picked":["Guardian:Recover","Guardian:Gem_Green"],"picked":"Guardian:ArmoredProtocol","floor":20.0},{"not_picked":["Guardian:Gem_Cyan","Guardian:Incinerate"],"picked":"Guardian:FloatingOrbs","floor":20.0},{"not_picked":["Guardian:EvasiveProtocol","Guardian:CrystalBeam+1"],"picked":"Guardian:AncientConstruct","floor":20.0},{"not_picked":["Guardian:CrystalBeam+1","Guardian:Reroute"],"picked":"Guardian:BronzeOrb","floor":20.0},{"not_picked":["Guardian:ChargeCore","Guardian:TemporalStrike"],"picked":"Guardian:VentSteam","floor":20.0},{"not_picked":["Guardian:PrimingBeam","Guardian:RollAttack"],"picked":"Guardian:WalkerClaw","floor":20.0},{"not_picked":["Guardian:VentSteam","Guardian:RollAttack"],"picked":"Guardian:DonusPower","floor":21.0},{"not_picked":["Guardian:RollAttack","Guardian:Gem_Red"],"picked":"Guardian:GemFinder","floor":22.0},{"not_picked":["Guardian:Gem_Green","Guardian:Gem_Lightblue"],"picked":"Guardian:Gem_Red","floor":23.0},{"not_picked":["Guardian:TemporalStrike","Guardian:PrimingBeam"],"picked":"Guardian:ArmoredProtocol+1","floor":23.0},{"not_picked":["Guardian:Gem_Cyan","Guardian:Gem_Red"],"picked":"Guardian:Gem_Green","floor":25.0},{"not_picked":["Guardian:DecasProtection","Guardian:ChargeCore+1"],"picked":"Guardian:BaubleBeam","floor":25.0},{"not_picked":["Guardian:Gem_Green","Guardian:Gem_Cyan"],"picked":"Guardian:Gem_Red","floor":27.0},{"not_picked":["Guardian:Recover+1","Guardian:Gem_Fragmented"],"picked":"Guardian:ChargeUp","floor":27.0},{"not_picked":["Guardian:Gem_Cyan","Guardian:Gem_Green"],"picked":"Guardian:Gem_Lightblue","floor":29.0},{"not_picked":["Guardian:RollAttack+1","Guardian:HyperBeam_Guardian"],"picked":"Guardian:ArmoredProtocol","floor":29.0},{"not_picked":["Guardian:Incinerate","Guardian:Harden"],"picked":"Guardian:Orbwalk","floor":31.0},{"not_picked":["Guardian:Recover+1","Guardian:Gem_Lightblue"],"picked":"Guardian:Clone","floor":32.0},{"not_picked":["Guardian:GemFire","Guardian:HyperBeam_Guardian"],"picked":"Guardian:AncientConstruct","floor":33.0},{"not_picked":["Guardian:PolyBeam","Guardian:Gem_Cyan"],"picked":"Guardian:Gem_Fragmented","floor":36.0},{"not_picked":["Guardian:Recover+1","Guardian:ShieldSpikes"],"picked":"Guardian:TimeCapacitor+1","floor":38.0},{"not_picked":["Guardian:Gem_Lightblue","Guardian:Gem_Green"],"picked":"Guardian:Gem_Red","floor":39},{"not_picked":["Guardian:Recover","Guardian:Gem_Green"],"picked":"Guardian:SpikerProtocol+1","floor":39},{"not_picked":["Guardian:Gem_Lightblue","Guardian:Gem_Green"],"picked":"Guardian:Gem_Red","floor":40},{"not_picked":["Guardian:Gem_Crimson","Guardian:HyperBeam_Guardian"],"picked":"Guardian:Clone","floor":40},{"not_picked":["Guardian:Gem_Cyan","Guardian:Gem_Red"],"picked":"Guardian:Gem_Green","floor":42},{"not_picked":["Guardian:WalkerClaw","Guardian:Recover+1","Guardian:ChargeCore"],"picked":"SKIP","floor":42}],"player_experience":926293,"relics_obtained":[{"floor":7.0,"key":"Pear"},{"floor":11.0,"key":"Guardian:SackOfGems"},{"floor":21.0,"key":"downfall:CloakOfManyFaces"},{"floor":25.0,"key":"HornCleat"},{"floor":27.0,"key":"Peace Pipe"},{"floor":41,"key":"Bag of Marbles"},{"floor":42,"key":"Smiling Mask"}],"event_choices":[{"cards_removed":["Slimebound:Icky"],"damage_healed":0.0,"max_hp_gain":0.0,"max_hp_loss":0.0,"gold_gain":0.0,"event_name":"The Cleric","player_choice":"Card Removal","floor":6.0,"gold_loss":0.0,"damage_taken":0.0},{"damage_healed":0.0,"max_hp_gain":0.0,"max_hp_loss":0.0,"gold_gain":0.0,"event_name":"Lab","player_choice":"Got Potions","floor":12.0,"gold_loss":0.0,"damage_taken":0.0}],"is_beta":false,"boss_relics":[{"not_picked":["Runic Dome","Busted Crown"],"picked":"SlaversCollar"},{"not_picked":["Empty Cage","Velvet Choker"],"picked":"Coffee Dripper"}],"items_purged_floors":[20],"is_endless":false,"potions_floor_spawned":[4,10,11,14,15,16,23,27,31,32,42],"killed_by":"Transient","ascension_level":2}}