{"host":"wha9hktbkslqvblg","time":1608901207,"event":{"mods":["BaseMod","Colored Map","Minty Spire (QoL Compilation)","Relic Stats","SuperFastMode","everything is the same but u backflip on backflip"],"gold_per_floor":[116,136,136,211,136,177,227,248,248,291,309,309,343,104,104,193,193,208,246,171,71,71,96,96,96],"floor_reached":24,"playtime":391,"items_purged":["Strike_R","Strike_R"],"score":474,"play_id":"dcbef001-d288-4e12-89d1-0a0f73266673","local_time":"20201225220007","is_ascension_mode":true,"campfire_choices":[{"data":"Blood for Blood","floor":12.0,"key":"SMITH"},{"data":"Carnage","floor":15.0,"key":"SMITH"}],"circlet_count":0,"master_deck":["AscendersBane","Strike_R","Defend_R","Defend_R","Defend_R","Defend_R","Bash","Pommel Strike","Carnage+1","Blood for Blood+1","Shrug It Off","Evolve","Barricade","CurseOfTheBell","Body Slam","Battle Trance+1","Second Wind+1"],"relics":["Burning Blood","NeowsBlessing","Golden Idol","Gremlin Horn","Mummified Hand","Bronze Scales","Lantern","Medical Kit","Calling Bell","Ancient Tea Set","Pantograph","Ginger","Red Mask"],"acts_visited":["Exordium","TheCity"],"potions_floor_usage":[23,24],"damage_taken":[{"damage":0.0,"enemies":"Jaw Worm","floor":1.0,"turns":1.0},{"damage":0.0,"enemies":"Small Slimes","floor":2.0,"turns":2.0},{"damage":0.0,"enemies":"Lagavulin","floor":6.0,"turns":1.0},{"damage":1.0,"enemies":"Cultist","floor":8.0,"turns":3.0},{"damage":32.0,"enemies":"Gremlin Nob","floor":10.0,"turns":4.0},{"damage":15.0,"enemies":"Large Slime","floor":11.0,"turns":3.0},{"damage":12.0,"enemies":"3 Sentries","floor":13.0,"turns":7.0},{"damage":19.0,"enemies":"Hexaghost","floor":16.0,"turns":9.0},{"damage":3.0,"enemies":"Spheric Guardian","floor":18.0,"turns":3.0},{"damage":44,"enemies":"Masked Bandits","floor":19,"turns":4},{"damage":20,"enemies":"2 Thieves","floor":23,"turns":4},{"damage":0,"enemies":"Shelled Parasite and Fungi","floor":24,"turns":1}],"seed_played":"2481928465542499204","potions_obtained":[{"floor":1.0,"key":"Strength Potion"},{"floor":10.0,"key":"SkillPotion"},{"floor":13.0,"key":"Regen Potion"},{"floor":16.0,"key":"LiquidMemories"},{"floor":19,"key":"FearPotion"},{"floor":23,"key":"HeartOfIron"}],"is_trial":false,"path_per_floor":["M","M","?","?","?","E","?","M","T","E","M","R","E","$","R","B",null,"M","?","?","$","?","M","M"],"character_chosen":"IRONCLAD","items_purchased":["Medical Kit"],"campfire_rested":0,"item_purchase_floors":[14],"current_hp_per_floor":[74,75,49,38,38,44,44,49,49,23,14,14,8,8,8,10,59,62,24,24,24,24,10,10,10],"gold":96,"neow_bonus":"THREE_ENEMY_KILL","is_daily":false,"chose_seed":false,"campfire_upgraded":2,"win_rate":0.0,"timestamp":1608901207,"path_taken":["M","M","?","?","?","E","?","?","T","E","M","R","E","$","R","BOSS","M","?","?","$","?","M","M"],"items_purchased_type":["Relic"],"build_version":"2020-12-22","purchased_purges":2,"victory":false,"max_hp_per_floor":[75,75,75,75,75,75,75,75,75,75,75,75,75,75,75,75,75,75,75,75,75,75,75,75,75],"relic_stats":{"Gremlin Horn":[4,5],"counters":[12,42],"Golden Idol":66,"Mummified Hand":[5],"Bronze Scales":[84],"Pantograph":0,"Ginger":[3],"Medical Kit":[6],"obtain_stats":[{"Lantern":13,"NeowsBlessing":0,"Gremlin Horn":6,"Golden Idol":3,"Ginger":17,"Medical Kit":14,"Ancient Tea Set":17,"Burning Blood":0,"Calling Bell":17,"Mummified Hand":9,"Bronze Scales":10,"Pantograph":17,"Red Mask":19},{"Lantern":7,"NeowsBlessing":0,"Gremlin Horn":3,"Golden Idol":2,"Ginger":8,"Medical Kit":7,"Ancient Tea Set":8,"Burning Blood":0,"Calling Bell":8,"Mummified Hand":4,"Bronze Scales":5,"Pantograph":8,"Red Mask":10},{"Lantern":21,"NeowsBlessing":0,"Gremlin Horn":4,"Golden Idol":3,"Ginger":30,"Medical Kit":21,"Ancient Tea Set":30,"Burning Blood":0,"Calling Bell":30,"Mummified Hand":7,"Bronze Scales":11,"Pantograph":30,"Red Mask":37}],"Burning Blood":61},"card_choices":[{"not_picked":["Intimidate","Sever Soul","Armaments"],"picked":"SKIP","floor":1.0},{"not_picked":["True Grit","Havoc"],"picked":"Pommel Strike","floor":2.0},{"not_picked":["Disarm","Feel No Pain"],"picked":"Carnage","floor":6.0},{"not_picked":["Rupture","Anger","Clash"],"picked":"SKIP","floor":8.0},{"not_picked":["Fiend Fire","Infernal Blade"],"picked":"Blood for Blood","floor":10.0},{"not_picked":["Clothesline","Heavy Blade"],"picked":"Shrug It Off","floor":11.0},{"not_picked":["Flex","Battle Trance"],"picked":"Evolve","floor":13.0},{"not_picked":["Limit Break","Bludgeon"],"picked":"Barricade","floor":16.0},{"not_picked":["Heavy Blade","True Grit"],"picked":"Body Slam","floor":18.0},{"not_picked":["Shrug It Off","Combust"],"picked":"Battle Trance+1","floor":19},{"not_picked":["Twin Strike","Dropkick+1"],"picked":"Second Wind+1","floor":23}],"player_experience":895094,"relics_obtained":[{"floor":6.0,"key":"Gremlin Horn"},{"floor":9.0,"key":"Mummified Hand"},{"floor":10.0,"key":"Bronze Scales"},{"floor":13.0,"key":"Lantern"},{"floor":17.0,"key":"Ancient Tea Set"},{"floor":17.0,"key":"Pantograph"},{"floor":17.0,"key":"Ginger"},{"floor":19,"key":"Red Mask"}],"event_choices":[{"damage_healed":0.0,"max_hp_gain":0.0,"max_hp_loss":0.0,"gold_gain":0.0,"event_name":"Golden Idol","player_choice":"Take Damage","floor":3.0,"gold_loss":0.0,"damage_taken":26.0,"relics_obtained":["Golden Idol"]},{"damage_healed":0.0,"max_hp_gain":0.0,"max_hp_loss":0.0,"gold_gain":75.0,"event_name":"World of Goop","player_choice":"Gather Gold","floor":4.0,"gold_loss":0.0,"damage_taken":11.0},{"cards_removed":["Strike_R"],"damage_healed":0.0,"max_hp_gain":0.0,"max_hp_loss":0.0,"gold_gain":0.0,"event_name":"The Cleric","player_choice":"Card Removal","floor":5.0,"gold_loss":75.0,"damage_taken":0.0},{"damage_healed":0.0,"max_hp_gain":0.0,"max_hp_loss":0.0,"gold_gain":50.0,"event_name":"Golden Shrine","player_choice":"Pray","floor":7.0,"gold_loss":0.0,"damage_taken":0.0},{"damage_healed":0,"gold_gain":0,"player_choice":"Fought Bandits","damage_taken":0,"max_hp_gain":0,"max_hp_loss":0,"event_name":"Masked Bandits","floor":19,"gold_loss":0},{"cards_removed":["Strike_R"],"damage_healed":0,"gold_gain":0,"player_choice":"Gave Gold","damage_taken":0,"max_hp_gain":0,"max_hp_loss":0,"event_name":"Beggar","floor":20,"gold_loss":75}],"is_beta":false,"boss_relics":[{"not_picked":["Black Blood","Ectoplasm"],"picked":"Calling Bell"}],"items_purged_floors":[14,21],"is_endless":false,"potions_floor_spawned":[1,10,13,16,19,23],"killed_by":"Shelled Parasite and Fungi","ascension_level":20}}