{"host":"kiauivt48syq9iz6","time":1608871380,"event":{"mods":["BaseMod","Conspire","Downfall","Hermit","Minty Spire (QoL Compilation)","Replay The Spire","SIMod","StSLib","The Animator","The Construct","The Cursed","The Runesmith","The Servant 0.9.4"],"gold_per_floor":[116,135,9,9,9,24,24,42,68,68,68,23,99,124,124,258,258,279,27,27,27,40,40,89,89,164,0,0,28,28,28,28,159,159,177,177,198,18,39,39,74,100,172,72,72,72,72,37,37,37],"floor_reached":51,"playtime":2394,"items_purged":["hermit:Showdown+1"],"score":679,"play_id":"363c43bd-3589-4367-b84b-f1303d93c996","local_time":"20201224214300","is_ascension_mode":false,"campfire_choices":[{"floor":7,"key":"REST"},{"data":"hermit:Brawl","floor":11,"key":"SMITH"},{"floor":15,"key":"REST"},{"data":"hermit:Brawl","floor":23,"key":"SMITH"},{"data":"hermit:ShadowCloak","floor":25,"key":"SMITH"},{"data":"hermit:TakeAim","floor":28,"key":"SMITH"},{"data":"hermit:Determination","floor":30,"key":"SMITH"},{"data":"Shame","floor":32,"key":"PURGE"},{"floor":40,"key":"REST"},{"floor":45,"key":"REST"},{"floor":49,"key":"REST"}],"circlet_count":0,"master_deck":["hermit:Defend_Hermit","hermit:Defend_Hermit","hermit:Defend_Hermit","hermit:Defend_Hermit","hermit:Snapshot","hermit:Covet","conspire:Banana","hermit:Coalescence","hermit:Cheat","hermit:Scavenge","Injury","hermit:HoleUp+1","ReplayTheSpireMod:Splinters","hermit:Snipe","hermit:RoundhouseKick","AbeCurse","ReplayTheSpireMod:Splinters","Decay","hermit:Coalescence","Bite+1","Bite","Bite","Bite","Bite","Guardian:Aged","hermit:Vantage+1","hermit:GhostlyPresence","hermit:CalledShot","hermit:EyeOfTheStorm","hermit:Dissolve","hermit:SprayPray+1","hermit:SprayPray","conspire:Banana","hermit:Headshot","hermit:Headshot","hermit:Glare","hermit:SprayPray+1","hermit:Dive+1","hermit:Gestalt+1","hermit:Roulette","hermit:Combo+1","hermit:Adapt+1","hermit:OverwhelmingPower+1","hermit:Determination+1","hermit:Combo+1","Trip","Survey Options","hermit:Grudge"],"relics":["hermit:Momento","Pantograph","Runesmith:AutoHammer","Golden Idol","Gremlin Food","Replay:Ancient Bell","ReplayFunnel","Meat on the Bone","Durian","Toolbox","Replay:Rubber Ducky","Strawberry","Mercury Hourglass","Replay:Baseball","Sozu","DollysMirror","Bag of Preparation","Bottled Flame"],"acts_visited":["Exordium","TheCity","TheBeyond"],"potions_floor_usage":[14,16,18,22,22,29,29,29,33,33,33],"damage_taken":[{"damage":2,"enemies":"2 Louse","floor":1,"turns":3},{"damage":6,"enemies":"Jaw Worm","floor":2,"turns":3},{"damage":8,"enemies":"Small Slimes","floor":6,"turns":3},{"damage":8,"enemies":"Looter","floor":8,"turns":4},{"damage":0,"enemies":"Large Slime","floor":14,"turns":6},{"damage":53,"enemies":"Hexaghost","floor":16,"turns":9},{"damage":19,"enemies":"Chosen","floor":18,"turns":11},{"damage":24,"enemies":"Shell Parasite","floor":22,"turns":7},{"damage":24,"enemies":"Gremlin Leader","floor":24,"turns":10},{"damage":2,"enemies":"Centurion and Healer","floor":29,"turns":10},{"damage":36,"enemies":"Collector","floor":33,"turns":10},{"damage":9,"enemies":"Orb Walker","floor":35,"turns":5},{"damage":18,"enemies":"3 Shapes","floor":37,"turns":5},{"damage":6,"enemies":"Maw","floor":39,"turns":7},{"damage":33,"enemies":"Nemesis","floor":41,"turns":7},{"damage":44,"enemies":"Sphere and 2 Shapes","floor":42,"turns":8},{"damage":51,"enemies":"Replay:Hell Engine","floor":50,"turns":12}],"seed_played":"3288688676232439977","potions_obtained":[{"floor":6,"key":"LiquidBronze"},{"floor":8,"key":"DistilledChaos"},{"floor":13,"key":"sneckomod:MuddlingPotion"},{"floor":16,"key":"Regen Potion"},{"floor":24,"key":"Slimebound:ThreeZeroPotion"},{"floor":29,"key":"DuplicationPotion"}],"is_trial":false,"path_per_floor":["M","M","$","?","T","M","R","M","T","?","R","$","?","M","R","B",null,"M","$","?","?","M","R","E","R","T","$","R","M","R","?","R","B",null,"M","?","M","$","M","R","E","M","T","$","R","?","?","$","R","B",null],"character_chosen":"HERMIT","items_purchased":["hermit:Showdown+1","hermit:Cheat","hermit:HoleUp","Toolbox","hermit:Coalescence","Energy Potion","hermit:TakeAim","hermit:CalledShot","DollysMirror","hermit:Headshot","hermit:Gestalt","hermit:Roulette","hermit:Grudge"],"campfire_rested":5,"item_purchase_floors":[3,3,12,19,19,19,27,27,38,38,44,44,48],"current_hp_per_floor":[74,69,69,69,69,62,78,71,71,71,71,71,71,72,80,28,86,68,68,60,60,60,60,59,59,59,59,59,70,70,70,70,49,71,68,68,54,54,58,73,48,26,26,26,49,49,44,44,67,46],"gold":37,"neow_bonus":"RANDOM_COLORLESS","is_daily":false,"chose_seed":false,"campfire_upgraded":5,"win_rate":0.0,"timestamp":1608871380,"path_taken":["M","M","$","?","?","M","R","M","T","?","R","$","?","M","R","BOSS","M","$","?","?","M","R","E","R","T","$","R","M","R","?","R","BOSS","M","?","?","$","M","R","E","M","T","$","R","?","?","?","R","BOSS"],"items_purchased_type":["Card","Card","Card","Relic","Card","Potion","Card","Card","Relic","Card","Card","Card","Card"],"build_version":"2020-12-22","purchased_purges":1,"victory":true,"max_hp_per_floor":[76,77,77,77,77,78,78,79,79,79,79,79,79,80,80,81,86,87,87,60,60,61,61,69,69,69,69,69,70,70,70,70,71,71,71,71,72,72,73,73,75,77,77,77,77,77,77,77,77,79],"card_choices":[{"not_picked":["Replay:SS_forest_5","ReplayTheSpireMod:Uncanny Aura"],"picked":"conspire:Banana","floor":0},{"not_picked":["hermit:HoleUp","hermit:Virtue"],"picked":"hermit:Brawl","floor":1},{"not_picked":["hermit:Virtue","hermit:Ricochet"],"picked":"hermit:Coalescence","floor":2},{"not_picked":["hermit:CalledShot","hermit:Cheat"],"picked":"hermit:Scavenge","floor":6},{"not_picked":["hermit:NoHoldsBarred","hermit:Feint"],"picked":"hermit:Determination","floor":8},{"not_picked":["hermit:Dive","hermit:ItchyTrigger"],"picked":"hermit:Snipe","floor":13},{"not_picked":["hermit:BodyArmor","hermit:Spite"],"picked":"hermit:ShadowCloak","floor":13},{"not_picked":["hermit:TrackingShot","hermit:Malice","hermit:EyeOfTheStorm"],"picked":"SKIP","floor":14},{"not_picked":["hermit:BlackWind","hermit:EternalForm"],"picked":"hermit:RoundhouseKick","floor":16},{"not_picked":["Languid","Pain"],"picked":"AbeCurse","floor":17},{"not_picked":["Guardian:Aged","hexamod:Haunted"],"picked":"ReplayTheSpireMod:Splinters","floor":17},{"not_picked":["Normality","conspire:Blindness"],"picked":"Decay","floor":17},{"not_picked":["hermit:Spite","hermit:ShadowCloak"],"picked":"hermit:Brawl","floor":18},{"not_picked":["hermit:Gestalt","hermit:Dive"],"picked":"hermit:Vantage+1","floor":22},{"not_picked":["hermit:LowProfile","hermit:CalledShot"],"picked":"hermit:GhostlyPresence","floor":24},{"not_picked":["hermit:Cheat","hermit:FullyLoaded"],"picked":"hermit:EyeOfTheStorm","floor":29},{"not_picked":["hermit:HighNoon","hermit:DeadOrAlive"],"picked":"hermit:Dissolve","floor":33},{"not_picked":["hermit:Grudge+1","hermit:NoHoldsBarred+1"],"picked":"hermit:SprayPray+1","floor":35},{"not_picked":["hermit:Feint","hermit:Showdown+1"],"picked":"hermit:SprayPray","floor":37},{"not_picked":["hermit:NoHoldsBarred","hermit:Ricochet+1"],"picked":"hermit:Glare","floor":39},{"not_picked":["hermit:Magnum","hermit:Desperado"],"picked":"hermit:SprayPray+1","floor":41},{"not_picked":["hermit:SprayPray","hermit:Feint+1"],"picked":"hermit:Dive+1","floor":42},{"not_picked":["expansioncontent:DarkVoid","expansioncontent:GoopSpray"],"picked":"Trip","floor":47},{"not_picked":["expansioncontent:DarkVoid","expansioncontent:TimeRipple"],"picked":"Survey Options","floor":47}],"player_experience":60161,"relics_obtained":[{"floor":5,"key":"Pantograph"},{"floor":9,"key":"Runesmith:AutoHammer"},{"floor":13,"key":"Gremlin Food"},{"floor":24,"key":"Strawberry"},{"floor":26,"key":"Mercury Hourglass"},{"floor":41,"key":"Bag of Preparation"},{"floor":43,"key":"Bottled Flame"}],"event_choices":[{"damage_healed":0,"gold_gain":0,"player_choice":"Leave","damage_taken":0,"max_hp_gain":0,"max_hp_loss":0,"event_name":"conspire:Investor","floor":4,"gold_loss":0},{"damage_healed":0,"gold_gain":0,"player_choice":"Take Wound","damage_taken":0,"relics_obtained":["Golden Idol"],"max_hp_gain":0,"max_hp_loss":0,"event_name":"Golden Idol","floor":10,"gold_loss":0,"cards_obtained":["Injury"]},{"damage_healed":0,"gold_gain":0,"player_choice":"Became a vampire","damage_taken":0,"max_hp_gain":0,"max_hp_loss":27,"event_name":"Vampires","floor":20,"gold_loss":0,"cards_obtained":["Bite","Bite","Bite","Bite","Bite"]},{"damage_healed":0,"gold_gain":0,"player_choice":"Stole Relic","damage_taken":0,"relics_obtained":["Replay:Baseball"],"max_hp_gain":0,"max_hp_loss":0,"event_name":"Addict","floor":31,"gold_loss":0,"cards_obtained":["Shame"]},{"damage_healed":0,"gold_gain":0,"player_choice":"Ignored","damage_taken":0,"max_hp_gain":0,"max_hp_loss":0,"event_name":"SecretPortal","floor":36,"gold_loss":0},{"damage_healed":0,"gold_gain":0,"player_choice":"Memory 2","damage_taken":5,"max_hp_gain":0,"max_hp_loss":0,"event_name":"SensoryStone","floor":47,"gold_loss":0}],"is_beta":false,"boss_relics":[{"not_picked":["Coffee Dripper","Tiny House"],"picked":"Replay:Ancient Bell"},{"not_picked":["Juzu Bracelet","Happy Flower"],"picked":"ReplayFunnel"},{"not_picked":["conspire:BottledYoYo","Molten Egg 2"],"picked":"Meat on the Bone"},{"not_picked":["WingedGreaves","Peace Pipe"],"picked":"Durian"},{"not_picked":["Runic Dome","Empty Cage"],"picked":"Sozu"}],"items_purged_floors":[27],"is_endless":false,"potions_floor_spawned":[6,8,16,24,29,35,41,42],"ascension_level":0}}