{"host":"g7xvyycavwkoojg3","time":1608860009,"event":{"mods":["Astrologer","BaseMod","Challenge The Spire","Exacting","GifTheSpireLib","HexUI Lib","Marisa????????","Minty Spire (QoL Compilation)","Replay The Spire","Shop Mod","StSLib","The Animator","The Bug Knight","The Hierophant","The Necromancer","The Runesmith"],"gold_per_floor":[128,157,171,171,219,219,246,256,256,282,282,295,295,295],"floor_reached":13,"playtime":836,"items_purged":[],"score":87,"play_id":"edf50118-807f-4213-b5bd-31bbd8f055f7","local_time":"20201224203329","is_ascension_mode":false,"campfire_choices":[{"floor":6,"key":"REST"},{"floor":11,"key":"REST"}],"circlet_count":0,"master_deck":["Strike_W","Strike_W","Strike_W","Defend_W","Defend_W","Defend_W","Defend_W","Negative_Energy_Arrows","Bone_Wall","Negative_Energy_Shield","Blood_Whip","Bone_Prison","Vampiric_Strike","Summon_Lich","Stop_Heart","Whirlwind_of_Bones","Death_Knell","Life_Tap"],"relics":["Vampire_Amulet","Sundial","CaptainsWheel","ReplayTheSpireMod:Shallot"],"acts_visited":["Exordium"],"potions_floor_usage":[],"damage_taken":[{"damage":4,"enemies":"Small Slimes","floor":1,"turns":4},{"damage":2,"enemies":"Jaw Worm","floor":2,"turns":3},{"damage":4,"enemies":"Cultist","floor":3,"turns":4},{"damage":30,"enemies":"3 Sentries","floor":7,"turns":8},{"damage":20,"enemies":"Large Slime","floor":8,"turns":5},{"damage":25,"enemies":"Exordium Thugs","floor":10,"turns":4},{"damage":9,"enemies":"Looter","floor":12,"turns":3},{"damage":2,"enemies":"Lagavulin","floor":13,"turns":3}],"seed_played":"1993989880388139912","potions_obtained":[{"floor":3,"key":"SneckoOil"},{"floor":5,"key":"SmokeBomb"},{"floor":7,"key":"ColorlessPotion"},{"floor":8,"key":"Cursed Concoction"}],"is_trial":false,"path_per_floor":["M","M","M","?","?","R","E","M","T","M","R","M","E"],"character_chosen":"NECROMANCER","items_purchased":[],"campfire_rested":2,"item_purchase_floors":[],"current_hp_per_floor":[80,80,78,78,58,82,60,42,42,23,47,40,38,38],"gold":295,"neow_bonus":"TEN_PERCENT_HP_BONUS","is_daily":false,"chose_seed":false,"campfire_upgraded":0,"win_rate":0.0,"timestamp":1608860009,"path_taken":["M","M","M","?","?","R","E","M","T","M","R","?","E"],"items_purchased_type":[],"build_version":"2020-12-22","purchased_purges":0,"victory":false,"max_hp_per_floor":[82,82,82,82,82,82,82,82,82,82,82,82,82,82],"card_choices":[{"not_picked":["Negative_Energy_Sphere","Bone_Shift"],"picked":"Negative_Energy_Shield","floor":1},{"not_picked":["Violent_Necrosis","Pandemic"],"picked":"Blood_Whip","floor":2},{"not_picked":["Negative_Energy_Javelin","Bone_Armor"],"picked":"Bone_Prison","floor":3},{"not_picked":["Bones_to_Steel","Bone_Shift"],"picked":"Summon_Lich","floor":5},{"not_picked":["Negative_Energy_Shield","Blood_Whip"],"picked":"Stop_Heart","floor":7},{"not_picked":["Bone_Bullets","Negative_Energy_Mist"],"picked":"Whirlwind_of_Bones","floor":8},{"not_picked":["Consume_Illness","Death_Coil"],"picked":"Death_Knell","floor":10},{"not_picked":["Bone_Shift","Bone_Prison"],"picked":"Life_Tap","floor":12}],"player_experience":82212,"relics_obtained":[{"floor":5,"key":"Sundial"},{"floor":7,"key":"CaptainsWheel"},{"floor":9,"key":"ReplayTheSpireMod:Shallot"}],"event_choices":[{"damage_healed":0,"gold_gain":0,"cards_transformed":["Strike_W"],"player_choice":"Change","damage_taken":0,"max_hp_gain":0,"max_hp_loss":0,"event_name":"Living Wall","floor":4,"gold_loss":0,"cards_obtained":["Vampiric_Strike"]}],"is_beta":false,"boss_relics":[],"items_purged_floors":[],"is_endless":false,"potions_floor_spawned":[3,7,8,12],"killed_by":"Lagavulin","ascension_level":0}}