{"host":"daa8jqyg4gqfaysm","time":1608921413,"event":{"mods":["BaseMod","Colored Powertips","Minty Spire (QoL Compilation)","StSLib"],"gold_per_floor":[114,3,23,40,58,58,86,86,109,109,109,128,160,170,170,170,170],"floor_reached":16,"playtime":391,"items_purged":[],"score":274,"play_id":"c5d2e34e-fee8-4bf0-bce4-0f1ba42f7989","local_time":"20201226023653","is_ascension_mode":true,"campfire_choices":[{"data":"Defragment","floor":6,"key":"SMITH"},{"data":"Fission","floor":8,"key":"SMITH"},{"data":"Barrage","floor":10,"key":"SMITH"},{"floor":15,"key":"REST"}],"circlet_count":0,"master_deck":["AscendersBane","Strike_B","Strike_B","Strike_B","Strike_B","Defend_B","Defend_B","Defend_B","Defend_B","Zap","Dualcast","Fission+1","Conserve Battery","Leap","Barrage+1","Defragment+1","Hologram","Undo+1","Turbo","Lockon","Biased Cognition"],"relics":["Cracked Core","Oddly Smooth Stone","Bag of Marbles","Lantern"],"acts_visited":["Exordium"],"potions_floor_usage":[7,13],"damage_taken":[{"damage":0,"enemies":"2 Louse","floor":1,"turns":4},{"damage":10,"enemies":"Cultist","floor":3,"turns":5},{"damage":0,"enemies":"Small Slimes","floor":4,"turns":4},{"damage":1,"enemies":"Blue Slaver","floor":5,"turns":3},{"damage":15,"enemies":"Lagavulin","floor":7,"turns":7},{"damage":14,"enemies":"Large Slime","floor":12,"turns":6},{"damage":0,"enemies":"Gremlin Nob","floor":13,"turns":3},{"damage":9,"enemies":"Red Slaver","floor":14,"turns":3},{"damage":17,"enemies":"Slime Boss","floor":16,"turns":5}],"seed_played":"-4760536955371550092","potions_obtained":[{"floor":3,"key":"BlessingOfTheForge"},{"floor":12,"key":"Fire Potion"}],"is_trial":false,"path_per_floor":["M","$","M","M","M","R","E","R","T","R","?","M","E","M","R","B"],"character_chosen":"DEFECT","items_purchased":["Fire Potion","Leap"],"campfire_rested":1,"item_purchase_floors":[2,2],"current_hp_per_floor":[64,64,54,54,53,53,38,38,38,38,38,24,24,15,36,19,19],"gold":170,"neow_bonus":"ONE_RANDOM_RARE_CARD","is_daily":false,"chose_seed":false,"campfire_upgraded":3,"win_rate":0.0,"timestamp":1608921413,"path_taken":["M","$","M","M","M","R","E","R","T","R","?","M","E","M","R","BOSS"],"items_purchased_type":["Potion","Card"],"build_version":"2020-12-22","purchased_purges":0,"victory":false,"max_hp_per_floor":[71,71,71,71,71,71,71,71,71,71,71,71,71,71,71,71,71],"card_choices":[{"not_picked":["Beam Cell","Leap"],"picked":"Conserve Battery","floor":1},{"not_picked":["Skim","Leap"],"picked":"Barrage","floor":3},{"not_picked":["Capacitor","Consume"],"picked":"Defragment","floor":4},{"not_picked":["Streamline","Stack"],"picked":"Hologram","floor":5},{"not_picked":["Fission","Turbo"],"picked":"Undo","floor":7},{"not_picked":["Streamline","Gash"],"picked":"Turbo","floor":12},{"not_picked":["Conserve Battery","Streamline"],"picked":"Lockon","floor":13},{"not_picked":["Scrape","Storm"],"picked":"Biased Cognition","floor":14}],"player_experience":734788,"relics_obtained":[{"floor":7,"key":"Oddly Smooth Stone"},{"floor":9,"key":"Bag of Marbles"},{"floor":13,"key":"Lantern"}],"event_choices":[{"damage_healed":0,"gold_gain":0,"player_choice":"Upgraded","damage_taken":0,"max_hp_gain":0,"max_hp_loss":0,"event_name":"Upgrade Shrine","floor":11,"gold_loss":0,"cards_upgraded":["Undo"]}],"is_beta":false,"boss_relics":[],"items_purged_floors":[],"is_endless":false,"potions_floor_spawned":[3,4,5,12],"killed_by":"Slime Boss","ascension_level":20}}