{"host":"w3q5ijqu8eoknil3","time":1608940271,"event":{"mods":["BaseMod","Block Reminder","Colored Powertips","Minty Spire (QoL Compilation)","Quick Restart","Relic Stats","ojb\u0027s Better Paths Mod","ojb\u0027s Info Mod","slay the spire mod where everything is the same but ironclad has a cowboy hat"],"gold_per_floor":[115,73,84,84,84,119,119,133,133,146,146,162,162,197,197,197,197],"floor_reached":16,"playtime":303,"items_purged":[],"score":270,"play_id":"2c77e926-8b4f-4b78-9567-47c832000472","local_time":"20201225235111","is_ascension_mode":true,"campfire_choices":[{"data":"Bash","floor":7,"key":"SMITH"},{"data":"Cleave","floor":11,"key":"SMITH"},{"floor":15,"key":"REST"}],"circlet_count":0,"master_deck":["AscendersBane","Strike_R","Strike_R","Strike_R","Defend_R","Defend_R","Defend_R+1","Defend_R","Bash+1","Anger","Second Wind+1","Cleave+1","Burning Pact","Sever Soul","Headbutt","Disarm+1","Anger","Fire Breathing","Havoc+1"],"relics":["Burning Blood","NeowsBlessing","Dead Branch","Toxic Egg 2","Dream Catcher"],"acts_visited":["Exordium"],"potions_floor_usage":[14,16,16],"damage_taken":[{"damage":0,"enemies":"Cultist","floor":1,"turns":1},{"damage":0,"enemies":"2 Louse","floor":3,"turns":1},{"damage":0,"enemies":"Gremlin Nob","floor":6,"turns":1},{"damage":8,"enemies":"Small Slimes","floor":8,"turns":3},{"damage":9,"enemies":"Red Slaver","floor":10,"turns":3},{"damage":6,"enemies":"2 Fungi Beasts","floor":12,"turns":3},{"damage":46,"enemies":"Lagavulin","floor":14,"turns":6},{"damage":37,"enemies":"Hexaghost","floor":16,"turns":9}],"seed_played":"3617741392198533374","potions_obtained":[{"floor":6,"key":"Ancient Potion"},{"floor":8,"key":"LiquidMemories"},{"floor":14,"key":"ColorlessPotion"}],"is_trial":false,"path_per_floor":["M","$","M","?","?","E","R","M","T","M","R","M","?","E","R","B"],"character_chosen":"IRONCLAD","items_purchased":["Second Wind"],"campfire_rested":1,"item_purchase_floors":[2],"current_hp_per_floor":[74,74,75,52,52,58,58,56,56,53,53,53,53,13,35,0,0],"gold":197,"neow_bonus":"THREE_ENEMY_KILL","is_daily":false,"chose_seed":false,"campfire_upgraded":2,"win_rate":0.0,"timestamp":1608940271,"path_taken":["M","?","?","?","?","E","R","?","T","M","R","M","?","E","R","BOSS"],"items_purchased_type":["Card"],"build_version":"2020-12-22","purchased_purges":0,"victory":false,"max_hp_per_floor":[75,75,75,75,75,75,75,75,75,75,75,75,75,75,75,75,75],"relic_stats":{"Dream Catcher":1,"counters":[8,27],"Dead Branch":[27],"obtain_stats":[{"Dream Catcher":14,"NeowsBlessing":0,"Dead Branch":6,"Toxic Egg 2":9,"Burning Blood":0},{"Dream Catcher":7,"NeowsBlessing":0,"Dead Branch":3,"Toxic Egg 2":4,"Burning Blood":0},{"Dream Catcher":18,"NeowsBlessing":0,"Dead Branch":3,"Toxic Egg 2":6,"Burning Blood":0}],"Burning Blood":37},"card_choices":[{"not_picked":["Dropkick","Dual Wield"],"picked":"Anger","floor":1},{"not_picked":["Sentinel","Reckless Charge"],"picked":"Cleave","floor":3},{"not_picked":["Battle Trance","Anger"],"picked":"Burning Pact","floor":6},{"not_picked":["Anger","Armaments"],"picked":"Sever Soul","floor":8},{"not_picked":["Havoc+1","Searing Blow"],"picked":"Headbutt","floor":10},{"not_picked":["Sever Soul","Burning Pact+1"],"picked":"Disarm+1","floor":12},{"not_picked":["Havoc+1","Exhume+1"],"picked":"Fire Breathing","floor":14},{"not_picked":["Intimidate+1","Body Slam"],"picked":"Havoc+1","floor":15}],"player_experience":948123,"relics_obtained":[{"floor":6,"key":"Dead Branch"},{"floor":9,"key":"Toxic Egg 2"},{"floor":14,"key":"Dream Catcher"}],"event_choices":[{"damage_healed":0,"gold_gain":0,"player_choice":"Entered Light","damage_taken":23,"max_hp_gain":0,"max_hp_loss":0,"event_name":"Shining Light","floor":4,"gold_loss":0,"cards_upgraded":["Second Wind","Defend_R"]},{"cards_removed":["Strike_R"],"damage_healed":0,"gold_gain":0,"player_choice":"Purged","damage_taken":0,"max_hp_gain":0,"max_hp_loss":0,"event_name":"Purifier","floor":5,"gold_loss":0},{"damage_healed":0,"gold_gain":0,"cards_transformed":["Strike_R"],"player_choice":"Change","damage_taken":0,"max_hp_gain":0,"max_hp_loss":0,"event_name":"Living Wall","floor":13,"gold_loss":0,"cards_obtained":["Anger"]}],"is_beta":false,"boss_relics":[],"items_purged_floors":[],"is_endless":false,"potions_floor_spawned":[6,8,14],"killed_by":"Hexaghost","ascension_level":20}}