{"host":"l3driqybz9dsrt8z","time":1608930890,"event":{"mods":["AchievementEnabler","Act Like it!","Aspiration","BaseMod","Conspire","Downfall","GifTheSpireLib","Hallownest","Hermit","Hubris","Hunter ??","Infinite Spire","Marisa????????","Minty Spire (QoL Compilation)","Quick Restart","Replay The Spire","StSLib","Stuff the Spire","The Bug Knight","The Servant 0.9.4","[IsaacMod]????"],"gold_per_floor":[99,114,129,170,185,215,215,215,215,265,280,295,310,310,325,425,425,425,440,455,535,535,21,46,61,91,106,136,61,76,176,191,291,291,291,306,306,321,171,201,201,231,156,186,286,286,286,367,382,382],"floor_reached":51,"playtime":2201,"items_purged":[],"score":1102,"play_id":"fce27f84-11c1-4f3c-bd5b-4a540684df00","local_time":"20201225211450","daily_mods":["SealedDeck","Vintage","Lethality"],"is_ascension_mode":false,"campfire_choices":[{"data":"Infernal Blade","floor":1,"key":"SMITH"},{"data":"Thunderclap","floor":9,"key":"SMITH"},{"floor":18,"key":"RECALL"},{"floor":29,"key":"REST"},{"floor":35,"key":"REST"},{"floor":43,"key":"REST"},{"floor":46,"key":"REST"}],"circlet_count":0,"master_deck":["Shrug It Off","Armaments","Twin Strike+1","Twin Strike+1","ReplayTheSpireMod:Strike From Hell","Infernal Blade+1","Thunderclap+1","Thunderclap","Demonic Infusion+1","hubris:StunningStrike+1","Metamorphosis+1","Infernal Blade+1","Armaments+1","Exhume+1","Pummel+1","hubris:Rewind+1","Limit Break+1","Exhume+1","Bloodletting+1"],"relics":["Burning Blood","HushsDoor","TuHaoJin","Blood Vial","Mirror","ReplayTheSpireMod:Spearhead","PillsDrop","ReplayTheSpireMod:Shallot","hubris:Towel","TheBean","Vajra","Bag of Marbles","Toxic Egg 2","aspiration:HummingbirdHeart","Fusion Hammer","Toy Ornithopter","BookofShadows","Anchor","hubris:IronBody","StuffTheSpire:GrapeVine","hubris:SphereOfDissonance","hubris:PeanutButter","StrikeDummy","Garlic","downfall:HeartBlessingRed","infinitespire:Lucky Rock","Molten Egg 2","aspiration:RitualDagger","Happy Flower","hubris:DisguiseKit","Akabeko","PreservedInsect","Gremlin Food","downfall:HeartBlessingGreen","Ancient Tea Set","conspire:GiftBox","ReplayTheSpireMod:Lightbulb"],"acts_visited":["Exordium","TheCity","TheBeyond"],"potions_floor_usage":[23],"damage_taken":[{"damage":0,"enemies":"Small Slimes","floor":2,"turns":2},{"damage":0,"enemies":"Cultist","floor":3,"turns":2},{"damage":0,"enemies":"2 Louse","floor":5,"turns":1},{"damage":0,"enemies":"3 Sentries","floor":6,"turns":1},{"damage":0,"enemies":"Large Slime","floor":11,"turns":1},{"damage":0,"enemies":"Exordium Wildlife","floor":12,"turns":1},{"damage":0,"enemies":"Blue Slaver","floor":13,"turns":1},{"damage":0,"enemies":"Exordium Thugs","floor":15,"turns":1},{"damage":16,"enemies":"downfall:Silent","floor":16,"turns":4},{"damage":0,"enemies":"Spheric Guardian","floor":19,"turns":2},{"damage":0,"enemies":"Chosen","floor":20,"turns":2},{"damage":3,"enemies":"downfall:FleeingMerchant","floor":23,"turns":4},{"damage":0,"enemies":"3 Cultists","floor":25,"turns":2},{"damage":0,"enemies":"conspire:SneckoGhost","floor":26,"turns":3},{"damage":0,"enemies":"Sentry and Sphere","floor":27,"turns":1},{"damage":0,"enemies":"conspire:Head Lice","floor":28,"turns":2},{"damage":0,"enemies":"Snake Plant","floor":30,"turns":2},{"damage":0,"enemies":"Centurion and Healer","floor":32,"turns":2},{"damage":0,"enemies":"downfall:Watcher","floor":33,"turns":3},{"damage":0,"enemies":"3 Darklings","floor":36,"turns":2},{"damage":0,"enemies":"Orb Walker","floor":38,"turns":1},{"damage":7,"enemies":"R_Hoarder","floor":40,"turns":5},{"damage":0,"enemies":"Nemesis","floor":42,"turns":2},{"damage":1,"enemies":"Nightmare","floor":44,"turns":3},{"damage":0,"enemies":"infinitespire:Three Voidlings","floor":45,"turns":2},{"damage":10,"enemies":"Nightmare_Alpha","floor":45,"turns":6},{"damage":0,"enemies":"downfall:FleeingMerchant","floor":48,"turns":1},{"damage":0,"enemies":"Sphere and 2 Shapes","floor":49,"turns":2},{"damage":4,"enemies":"downfall:Defect","floor":50,"turns":3}],"seed_played":"-567031674859551473","potions_obtained":[{"floor":5,"key":"Energy Potion"},{"floor":11,"key":"Explosive Potion"},{"floor":12,"key":"PowerPotion"},{"floor":15,"key":"Toxic Potion"},{"floor":26,"key":"FairyPotion"}],"is_trial":false,"path_per_floor":["R","M","M","?","M","E","T","?","R","T","M","M","M","?","M","B",null,"R","M","M","?","?","$","T","M","E","M","E","R","M","?","M","B",null,"R","M","?","M","?","E","T","E","R","NM","?","R","?","$","M","B",null],"character_chosen":"IRONCLAD","items_purchased":["Metamorphosis+1","Infernal Blade+1","hubris:IronBody","Exhume+1","Bloodletting+1"],"campfire_rested":4,"item_purchase_floors":[23,23,23,48,48],"current_hp_per_floor":[80,80,80,65,73,80,80,80,80,80,80,80,80,80,80,70,80,80,80,80,65,65,75,75,80,80,80,80,80,80,80,80,80,80,80,80,80,80,90,89,89,90,90,90,86,90,82,90,90,90],"gold":382,"neow_bonus":"","is_daily":true,"chose_seed":false,"campfire_upgraded":2,"win_rate":0.0,"timestamp":1608930890,"path_taken":["R","M","M","?","M","E","T","?","R","?","M","M","?","?","M","BOSS","R","M","M","?","?","?","T","M","E","M","E","R","M","?","M","BOSS","R","M","?","?","?","E","T","E","R","NM","?","R","?","$","M","BOSS"],"items_purchased_type":["Card","Card","Relic","Card","Card"],"build_version":"2020-12-22","purchased_purges":0,"victory":true,"max_hp_per_floor":[80,80,80,80,80,80,80,80,80,80,80,80,80,80,80,80,80,80,80,80,80,80,80,80,80,80,80,80,80,80,80,80,80,80,80,80,80,80,90,90,90,90,90,90,90,90,90,90,90,90],"card_choices":[{"not_picked":["hubris:ReadiedAction","Warcry"],"picked":"Thunderclap","floor":6},{"not_picked":["Limit Break+1","Juggernaut"],"picked":"Demonic Infusion+1","floor":16},{"not_picked":["Ghostly Armor+1","Body Slam"],"picked":"hubris:StunningStrike","floor":23},{"not_picked":["Eclipse+1","Heavy Blade"],"picked":"Armaments+1","floor":26},{"not_picked":["Uppercut","Blood for Blood","StuffTheSpire:BloodClot+1"],"picked":"SKIP","floor":28},{"not_picked":["conspire:HitWhereItHurts+1","Reaper+1"],"picked":"Exhume+1","floor":33},{"not_picked":["Clothesline+1","conspire:ExplosiveBarrier+1","champ:RisingSlash"],"picked":"Pummel+1","floor":40},{"not_picked":["infinitespire:OneForAll+1","Armaments+1","Cleave+1","champ:AdrenalArmor"],"picked":"SKIP","floor":42},{"not_picked":["Twin Strike+1","Thunderclap+1","Flex+1","champ:BerserkersShout"],"picked":"SKIP","floor":44},{"not_picked":["ReplayTheSpireMod:Haul","ReplayTheSpireMod:Echoes of Time"],"picked":"hubris:Rewind","floor":45},{"not_picked":["Hemogenesis+1","Immolate+1"],"picked":"Limit Break+1","floor":45},{"not_picked":["StuffTheSpire:Incineration+1","Power Through+1","conspire:ExplosiveBarrier+1","champ:AdrenalArmor"],"picked":"SKIP","floor":48}],"player_experience":32780,"relics_obtained":[{"floor":2,"key":"Blood Vial"},{"floor":3,"key":"Mirror"},{"floor":5,"key":"ReplayTheSpireMod:Spearhead"},{"floor":6,"key":"PillsDrop"},{"floor":7,"key":"ReplayTheSpireMod:Shallot"},{"floor":10,"key":"TheBean"},{"floor":11,"key":"Vajra"},{"floor":12,"key":"Bag of Marbles"},{"floor":13,"key":"Toxic Egg 2"},{"floor":15,"key":"aspiration:HummingbirdHeart"},{"floor":19,"key":"Toy Ornithopter"},{"floor":20,"key":"BookofShadows"},{"floor":24,"key":"StuffTheSpire:GrapeVine"},{"floor":25,"key":"hubris:SphereOfDissonance"},{"floor":26,"key":"hubris:PeanutButter"},{"floor":27,"key":"StrikeDummy"},{"floor":28,"key":"Garlic"},{"floor":30,"key":"infinitespire:Lucky Rock"},{"floor":32,"key":"Molten Egg 2"},{"floor":36,"key":"Happy Flower"},{"floor":38,"key":"hubris:DisguiseKit"},{"floor":40,"key":"Akabeko"},{"floor":41,"key":"PreservedInsect"},{"floor":42,"key":"Gremlin Food"},{"floor":44,"key":"Ancient Tea Set"},{"floor":45,"key":"conspire:GiftBox"},{"floor":49,"key":"ReplayTheSpireMod:Lightbulb"}],"event_choices":[{"cards_removed":["Disarm"],"damage_healed":0,"gold_gain":0,"player_choice":"Card Removal","damage_taken":0,"max_hp_gain":0,"max_hp_loss":0,"event_name":"Wheel of Change","floor":14,"gold_loss":0},{"cards_removed":["Seeing Red"],"damage_healed":0,"gold_gain":0,"player_choice":"Removed Skill","damage_taken":0,"max_hp_gain":0,"max_hp_loss":0,"event_name":"Falling","floor":37,"gold_loss":0}],"is_beta":false,"boss_relics":[{"not_picked":["Abe\u0027s Treasure","expansioncontent:StudyCardRelic"],"picked":"Fusion Hammer"},{"not_picked":[]},{"not_picked":["Electric Blood","hubris:CrackedHourglass"],"picked":"aspiration:RitualDagger"},{"not_picked":[]}],"items_purged_floors":[],"is_endless":false,"potions_floor_spawned":[5,11,12,15,26,27,28,32,36,42,44,49],"ascension_level":0}}