{"host":"w7dhjqgqsib0c3vt","time":1608905116,"event":{"mods":["ATMod(°¢èªMod)","BaseMod","Minty Spire (QoL Compilation)","Shop Mod","StSLib","TheWitcher"],"gold_per_floor":[116,133,83,158,158,185,200,200,200,220,220,35,64,77,77,172,172,189,200,21,40,54,54,81,101,126,126,12,30,30,130,130,227,277,294,32,47,47,47,72,107,133,157,184,196,44,63,79,79,79],"floor_reached":51,"playtime":2419,"items_purged":[],"score":1455,"play_id":"25edc8dc-9ddd-4759-a46c-d0e01372249e","local_time":"20201225220516","is_ascension_mode":true,"campfire_choices":[{"data":"AT_CaressingTears","floor":8.0,"key":"SMITH"},{"floor":11.0,"key":"REST"},{"floor":15.0,"key":"REST"},{"floor":23.0,"key":"REST"},{"floor":32,"key":"REST"},{"data":"AT_IchimonjiDouble","floor":49,"key":"SMITH"}],"circlet_count":0,"master_deck":["AscendersBane","Strike_R+1","Strike_R+1","Strike_R+1","Defend_R+1","Defend_R+1","Defend_R+1","Bash","AT_CaressingTears+1","Cleave","Whirlwind","Sword Boomerang","Dark Embrace","Warcry","Twin Strike","AT_ManFootWork","Wild Strike","Heavy Blade","AT_BodySlamDance","Limit Break+1","AT_IchimonjiDouble+1","Cleave","Fire Breathing","Shrug It Off+1","Flex","Pommel Strike","Berserk","AT_ManFootWork+1","Armaments","Thunderclap","Seeing Red","Heavy Blade+1","Dark Shackles","Headbutt","Intimidate","Reaper","Demon Form","Rage+1","Armaments+1","Wild Strike","AT_TearsDenial","Inflame","Anger","Wild Strike+1","Secret Technique","AT_BreakingExtremeWeapon","Dark Shackles","Twin Strike+1","Clothesline+1","Evolve+1","Spot Weakness","Headbutt+1","Reckless Charge","AT_BodySlamDance","Iron Wave+1"],"relics":["Burning Blood","AT_ATBox","AT_BellowingDragoncrestRing","Blue Candle","AT_RedTearstoneRing","Prayer Wheel","Runic Pyramid","AT_ArcaneBoots","AT_DeathDance","Oddly Smooth Stone","SnafuTest:PlaceholderRelic","WingedGreaves","Ornamental Fan","Tiny House","Kunai","Bronze Scales","Bottled Lightning","Potion Belt","SnafuTest:CatRelic","Cauldron"],"acts_visited":["Exordium","TheCity","TheBeyond"],"potions_floor_usage":[24,31,31,35,35,42,47,47,50,50],"damage_taken":[{"damage":9.0,"enemies":"2 Louse","floor":1.0,"turns":3.0},{"damage":7.0,"enemies":"Small Slimes","floor":2.0,"turns":3.0},{"damage":40.0,"enemies":"3 Sentries","floor":6.0,"turns":7.0},{"damage":6.0,"enemies":"Cultist","floor":7.0,"turns":3.0},{"damage":8.0,"enemies":"Gremlin Gang","floor":10.0,"turns":2.0},{"damage":37.0,"enemies":"Lagavulin","floor":13.0,"turns":8.0},{"damage":6.0,"enemies":"Looter","floor":14.0,"turns":2.0},{"damage":0.0,"enemies":"Slime Boss","floor":16.0,"turns":5.0},{"damage":14.0,"enemies":"3 Byrds","floor":18.0,"turns":4.0},{"damage":33.0,"enemies":"Spheric Guardian","floor":19.0,"turns":4.0},{"damage":12.0,"enemies":"3 Cultists","floor":21.0,"turns":3.0},{"damage":48.0,"enemies":"Snake Plant","floor":22.0,"turns":3.0},{"damage":53,"enemies":"Book of Stabbing","floor":24,"turns":5},{"damage":0,"enemies":"Snecko","floor":25,"turns":2},{"damage":16,"enemies":"Shelled Parasite and Fungi","floor":29,"turns":5},{"damage":4,"enemies":"Colosseum Slavers","floor":31,"turns":2},{"damage":6,"enemies":"Colosseum Nobs","floor":31,"turns":4},{"damage":26,"enemies":"Champ","floor":33,"turns":7},{"damage":7,"enemies":"Orb Walker","floor":35,"turns":2},{"damage":6,"enemies":"3 Shapes","floor":37,"turns":3},{"damage":18,"enemies":"Giant Head","floor":40,"turns":6},{"damage":0,"enemies":"Nemesis","floor":41,"turns":4},{"damage":12,"enemies":"Giant Head","floor":42,"turns":5},{"damage":66,"enemies":"Reptomancer","floor":44,"turns":6},{"damage":4,"enemies":"Maw","floor":45,"turns":6},{"damage":0,"enemies":"Jaw Worm Horde","floor":47,"turns":3},{"damage":4,"enemies":"4 Shapes","floor":48,"turns":2},{"damage":33,"enemies":"Awakened One","floor":50,"turns":6}],"seed_played":"3136427570985351022","potions_obtained":[{"floor":1.0,"key":"SkillPotion"},{"floor":2.0,"key":"LiquidBronze"},{"floor":7.0,"key":"Swift Potion"},{"floor":13.0,"key":"PowerPotion"},{"floor":19.0,"key":"BloodPotion"},{"floor":22.0,"key":"Regen Potion"},{"floor":25,"key":"FearPotion"},{"floor":29,"key":"Fire Potion"},{"floor":33,"key":"Fire Potion"},{"floor":34,"key":"EssenceOfSteel"},{"floor":40,"key":"DistilledChaos"},{"floor":44,"key":"AttackPotion"},{"floor":46,"key":"FairyPotion"},{"floor":46,"key":"CultistPotion"},{"floor":46,"key":"ColorlessPotion"},{"floor":47,"key":"Swift Potion"},{"floor":48,"key":"FearPotion"}],"is_trial":false,"path_per_floor":["M","M","?","?","?","E","M","R","T","M","R","$","E","M","R","B",null,"M","M","$","M","M","R","E","M","T","?","$","M","?","?","R","B",null,"M","$","M","?","?","E","E","E","T","E","M","$","M","M","R","B",null],"character_chosen":"IRONCLAD","items_purchased":["AT_RedTearstoneRing","AT_ManFootWork","AT_SpeedBoots","Flex","Dark Shackles","Headbutt","AT_TearsDenial","Inflame","Cauldron"],"campfire_rested":4,"item_purchase_floors":[12,12,20,20,28,28,36,36,46],"current_hp_per_floor":[69,68,68,57,57,31,31,31,31,29,53,53,22,22,46,60,75,69,44,44,38,12,36,23,29,29,29,29,21,21,23,47,71,83,82,82,82,72,72,85,85,79,79,85,85,85,85,85,85,58],"gold":79,"neow_bonus":"REMOVE_CARD","is_daily":false,"chose_seed":false,"campfire_upgraded":2,"win_rate":0.0,"timestamp":1608905116,"path_taken":["M","M","?","?","?","E","M","R","T","?","R","$","E","?","R","BOSS","M","M","$","M","M","R","E","M","T","?","?","M","?","?","R","BOSS","M","$","M","?","?","E","E","E","T","E","M","$","?","?","R","BOSS"],"items_purchased_type":["Relic","Card","Relic","Card","Card","Card","Card","Card","Relic"],"build_version":"2020-12-22","purchased_purges":0,"victory":true,"max_hp_per_floor":[80,80,80,80,80,80,80,80,80,80,80,80,80,80,80,80,80,80,80,80,80,80,80,80,80,80,80,80,80,80,80,80,80,85,85,85,85,85,85,85,85,85,85,85,85,85,85,85,85,85],"card_choices":[{"not_picked":["AT_CaressingTears","Shrug It Off"],"picked":"Cleave","floor":1.0},{"not_picked":["Cleave","Clash"],"picked":"Whirlwind","floor":2.0},{"not_picked":["AT_GerminateFire","Cleave"],"picked":"Dark Embrace","floor":6.0},{"not_picked":["Searing Blow","Sword Boomerang"],"picked":"Warcry","floor":7.0},{"not_picked":["Whirlwind","Clash"],"picked":"Twin Strike","floor":10.0},{"not_picked":["Pommel Strike","AT_GerminateFire"],"picked":"Wild Strike","floor":13.0},{"not_picked":["Fiend Fire","Pommel Strike"],"picked":"Heavy Blade","floor":14.0},{"not_picked":["Havoc","Whirlwind"],"picked":"AT_BodySlamDance","floor":14.0},{"not_picked":["Demon Form","Reaper"],"picked":"Limit Break","floor":16.0},{"not_picked":["Iron Wave","Ghostly Armor"],"picked":"AT_IchimonjiDouble","floor":18.0},{"not_picked":["Dropkick","Combust"],"picked":"Cleave","floor":18.0},{"not_picked":["Clash","Havoc"],"picked":"Fire Breathing","floor":19.0},{"not_picked":["AT_IchimonjiDouble","Disarm"],"picked":"Shrug It Off","floor":19.0},{"not_picked":["Sword Boomerang","AT_DiedThrough"],"picked":"Pommel Strike","floor":21.0},{"not_picked":["Warcry","Clash"],"picked":"Berserk","floor":21.0},{"not_picked":["Heavy Blade","Carnage"],"picked":"AT_ManFootWork+1","floor":22.0},{"not_picked":["Anger+1","Iron Wave"],"picked":"Armaments","floor":22.0},{"not_picked":["Sentinel+1","Second Wind"],"picked":"Thunderclap","floor":24},{"not_picked":["Thunderclap","Pommel Strike"],"picked":"Seeing Red","floor":25},{"not_picked":["Armaments","Metallicize"],"picked":"Heavy Blade+1","floor":25},{"not_picked":["Metallicize","Headbutt"],"picked":"Intimidate","floor":29},{"not_picked":["AT_BodySlamDance","True Grit","Heavy Blade"],"picked":"SKIP","floor":29},{"not_picked":["Headbutt","Armaments"],"picked":"Reaper","floor":31},{"not_picked":["Corruption","Berserk"],"picked":"Demon Form","floor":33},{"not_picked":["Clash","Carnage"],"picked":"Rage+1","floor":34},{"not_picked":["Havoc+1","Clothesline"],"picked":"Armaments+1","floor":35},{"not_picked":["Iron Wave","Clothesline"],"picked":"Wild Strike","floor":35},{"not_picked":["Bloodletting","AT_CaressingTears"],"picked":"Anger","floor":37},{"not_picked":["Feel No Pain+1","True Grit"],"picked":"Wild Strike+1","floor":37},{"not_picked":["Good Instincts","Impatience"],"picked":"Secret Technique","floor":38},{"not_picked":["Thinking Ahead","Purity"],"picked":"AT_BreakingExtremeWeapon","floor":38},{"not_picked":["HandOfGreed","Panache"],"picked":"Dark Shackles","floor":38},{"not_picked":["True Grit","Sword Boomerang","Clothesline"],"picked":"SKIP","floor":40},{"not_picked":["Fire Breathing","AT_IchimonjiDouble"],"picked":"Twin Strike+1","floor":41},{"not_picked":["Fire Breathing","Perfected Strike"],"picked":"Clothesline+1","floor":42},{"not_picked":["Twin Strike","AT_GerminateFire"],"picked":"Evolve+1","floor":44},{"not_picked":["Dual Wield","Rampage+1"],"picked":"Spot Weakness","floor":45},{"not_picked":["Metallicize","Uppercut","Second Wind"],"picked":"SKIP","floor":45},{"not_picked":["Combust","Reaper"],"picked":"Headbutt+1","floor":47},{"not_picked":["Shrug It Off","Fire Breathing"],"picked":"Reckless Charge","floor":47},{"not_picked":["Feel No Pain","Ghostly Armor"],"picked":"AT_BodySlamDance","floor":48},{"not_picked":["Clothesline","Carnage+1"],"picked":"Iron Wave+1","floor":48}],"player_experience":576015,"relics_obtained":[{"floor":6.0,"key":"AT_BellowingDragoncrestRing"},{"floor":9.0,"key":"Blue Candle"},{"floor":13.0,"key":"Prayer Wheel"},{"floor":24,"key":"AT_DeathDance"},{"floor":26,"key":"Oddly Smooth Stone"},{"floor":31,"key":"WingedGreaves"},{"floor":31,"key":"Ornamental Fan"},{"floor":40,"key":"Kunai"},{"floor":41,"key":"Bronze Scales"},{"floor":42,"key":"Bottled Lightning"},{"floor":43,"key":"Potion Belt"},{"floor":44,"key":"SnafuTest:CatRelic"}],"event_choices":[{"cards_removed":["Strike_R"],"damage_healed":0.0,"max_hp_gain":0.0,"max_hp_loss":0.0,"gold_gain":0.0,"event_name":"The Cleric","player_choice":"Card Removal","floor":3.0,"gold_loss":50.0,"damage_taken":0.0},{"damage_healed":0.0,"max_hp_gain":0.0,"max_hp_loss":0.0,"gold_gain":75.0,"event_name":"World of Goop","player_choice":"Gather Gold","floor":4.0,"gold_loss":0.0,"damage_taken":11.0},{"damage_healed":0.0,"max_hp_gain":0.0,"max_hp_loss":0.0,"gold_gain":0.0,"cards_transformed":["Strike_R"],"event_name":"Transmorgrifier","player_choice":"Transformed","floor":5.0,"gold_loss":0.0,"damage_taken":0.0,"cards_obtained":["Sword Boomerang"]},{"damage_healed":0,"gold_gain":0,"player_choice":"Simplicity","damage_taken":0,"max_hp_gain":0,"max_hp_loss":0,"event_name":"Back to Basics","floor":30,"gold_loss":0,"cards_upgraded":["Strike_R","Strike_R","Strike_R","Defend_R","Defend_R","Defend_R"]},{"damage_healed":0,"gold_gain":0,"player_choice":"Fight","damage_taken":0,"max_hp_gain":0,"max_hp_loss":0,"event_name":"Colosseum","floor":31,"gold_loss":0},{"damage_healed":0,"gold_gain":0,"player_choice":"Fought Nobs","damage_taken":0,"max_hp_gain":0,"max_hp_loss":0,"event_name":"Colosseum","floor":31,"gold_loss":0},{"damage_healed":0,"gold_gain":0,"player_choice":"Memory 3","damage_taken":10,"max_hp_gain":0,"max_hp_loss":0,"event_name":"SensoryStone","floor":38,"gold_loss":0},{"damage_healed":0,"gold_gain":0,"player_choice":"Upgraded","damage_taken":0,"max_hp_gain":0,"max_hp_loss":0,"event_name":"Upgrade Shrine","floor":39,"gold_loss":0,"cards_upgraded":["Limit Break"]}],"is_beta":false,"boss_relics":[{"not_picked":["Coffee Dripper","Busted Crown"],"picked":"Runic Pyramid"},{"not_picked":["SlaversCollar","Runic Dome"],"picked":"Tiny House"}],"items_purged_floors":[],"is_endless":false,"potions_floor_spawned":[1,2,7,13,19,22,25,29,33,40,44,47,48],"ascension_level":12}}