{"host":"5gs251imfkyqlzrh","time":1608931834,"event":{"mods":["BaseMod","Downfall","Hermit","Jorbs\u0027s Wanderer Trilogy","Marisa????????","Minty Spire (QoL Compilation)","Replay The Spire","StSLib","The Bug Knight","The Construct","The Cursed","The Disciple","The Hierophant","The Necromancer","The Runesmith","The Servant 0.9.4"],"gold_per_floor":[119,137,137,137,137,137,164,156,156],"floor_reached":8,"playtime":336,"items_purged":[],"score":46,"play_id":"31ffec2f-8ce5-450e-ac85-378230862615","local_time":"20201225213034","is_ascension_mode":false,"campfire_choices":[{"data":"hierophant:Smite","floor":6,"key":"SMITH"}],"circlet_count":0,"master_deck":["hierophant:Strike_Hierophant","hierophant:Strike_Hierophant","hierophant:Strike_Hierophant","hierophant:Strike_Hierophant","hierophant:Punish","hierophant:Defend_Hierophant","hierophant:Defend_Hierophant","hierophant:Defend_Hierophant","hierophant:Defend_Hierophant","hierophant:ChurchCoffers","hierophant:Doubloon","hierophant:RecallFunds","hierophant:Smite+1","hierophant:Zeal"],"relics":["hierophant:PropheticMaskRelic","NeowsBlessing"],"acts_visited":["Exordium"],"potions_floor_usage":[8],"damage_taken":[{"damage":0,"enemies":"Small Slimes","floor":1,"turns":1},{"damage":0,"enemies":"2 Louse","floor":2,"turns":1},{"damage":0,"enemies":"Cultist","floor":7,"turns":1},{"damage":21,"enemies":"Lagavulin","floor":8,"turns":6}],"seed_played":"413099454728302652","potions_obtained":[{"floor":1,"key":"AttackPotion"}],"is_trial":false,"path_per_floor":["M","M","$","?","$","R","M","E"],"character_chosen":"HIEROPHANT","items_purchased":[],"campfire_rested":0,"item_purchase_floors":[],"current_hp_per_floor":[75,75,75,75,75,75,75,54,54],"gold":156,"neow_bonus":"THREE_ENEMY_KILL","is_daily":false,"chose_seed":false,"campfire_upgraded":1,"win_rate":0.0,"timestamp":1608931834,"path_taken":["M","M","$","?","$","R","M","E"],"items_purchased_type":[],"build_version":"2020-12-22","purchased_purges":0,"victory":false,"max_hp_per_floor":[75,75,75,75,75,75,75,75,75],"card_choices":[{"not_picked":["hierophant:OrnateJavelin","hierophant:Doubloon"],"picked":"hierophant:RecallFunds","floor":1},{"not_picked":["hierophant:PassingBell","hierophant:ArchangelShield"],"picked":"hierophant:Smite","floor":2},{"not_picked":["hierophant:Shelter","hierophant:Glossolalia"],"picked":"hierophant:Zeal","floor":7}],"player_experience":174175,"relics_obtained":[],"event_choices":[],"is_beta":false,"boss_relics":[],"items_purged_floors":[],"is_endless":false,"potions_floor_spawned":[1],"killed_by":"Lagavulin","ascension_level":0}}