{"host":"o7j6aatxjwpw1421","time":1608927793,"event":{"mods":["2.2 Compatiblity","AchievementEnabler","BaseMod","Colored Map","DeckTracker","Highlight Path","Keyboard Shortcuts","Minty Spire (QoL Compilation)","Permanent Neow","Quick Restart","StSLib","SuperFastMode","everything is the same but u backflip on backflip"],"gold_per_floor":[115,115,134,151,168,168,178,194,221,232,252,252,269,269,269,372,372,389,7,39,55,68,68,68,68],"floor_reached":24,"playtime":972,"items_purged":[],"score":310,"play_id":"2d23633b-4c84-4e10-b092-d5b4fe7fbc43","local_time":"20201226052313","is_ascension_mode":true,"campfire_choices":[{"data":"1","floor":6.0,"key":"LIFT"},{"data":"2","floor":12.0,"key":"LIFT"},{"data":"Heavy Blade","floor":15.0,"key":"SMITH"},{"data":"3","floor":23.0,"key":"LIFT"}],"circlet_count":0,"master_deck":["AscendersBane","Strike_R","Strike_R","Defend_R","Defend_R","Defend_R","Defend_R","Bash","Headbutt","Seeing Red","Heavy Blade+1","Thunderclap","Uppercut","Seeing Red","Sword Boomerang","Twin Strike","Entrench","Double Tap","Trip","Impervious","Second Wind+1","Power Through","Whirlwind+1","Evolve"],"relics":["Burning Blood","Girya","Bag of Preparation","Empty Cage","Omamori","Oddly Smooth Stone","Red Mask"],"acts_visited":["Exordium","TheCity"],"potions_floor_usage":[24],"damage_taken":[{"damage":8.0,"enemies":"2 Louse","floor":1.0,"turns":2.0},{"damage":6.0,"enemies":"Cultist","floor":3.0,"turns":4.0},{"damage":0.0,"enemies":"Small Slimes","floor":4.0,"turns":3.0},{"damage":23.0,"enemies":"Exordium Thugs","floor":5.0,"turns":6.0},{"damage":7.0,"enemies":"Looter","floor":7.0,"turns":4.0},{"damage":0.0,"enemies":"Large Slime","floor":8.0,"turns":2.0},{"damage":0.0,"enemies":"3 Louse","floor":10.0,"turns":4.0},{"damage":0.0,"enemies":"2 Fungi Beasts","floor":11.0,"turns":2.0},{"damage":4.0,"enemies":"Blue Slaver","floor":13.0,"turns":3.0},{"damage":59.0,"enemies":"Slime Boss","floor":16.0,"turns":7.0},{"damage":6.0,"enemies":"Spheric Guardian","floor":18.0,"turns":3.0},{"damage":33.0,"enemies":"Masked Bandits","floor":20.0,"turns":5.0},{"damage":6.0,"enemies":"Shell Parasite","floor":21.0,"turns":4.0},{"damage":12.0,"enemies":"Snake Plant","floor":22.0,"turns":3.0},{"damage":19,"enemies":"Book of Stabbing","floor":24,"turns":4}],"seed_played":"-2984173490739304118","potions_obtained":[{"floor":5.0,"key":"EntropicBrew"},{"floor":7.0,"key":"HeartOfIron"},{"floor":10.0,"key":"SkillPotion"},{"floor":11.0,"key":"Block Potion"},{"floor":13.0,"key":"LiquidBronze"},{"floor":18.0,"key":"ElixirPotion"},{"floor":22.0,"key":"EssenceOfSteel"}],"is_trial":false,"path_per_floor":["M","?","M","M","M","R","M","M","T","M","M","R","M","?","R","B",null,"M","$","?","M","M","R","E"],"character_chosen":"IRONCLAD","items_purchased":["Omamori","Oddly Smooth Stone","Power Through"],"campfire_rested":0,"item_purchase_floors":[19,19,19],"current_hp_per_floor":[49,49,49,55,38,38,37,59,59,65,71,71,73,73,73,20,65,65,65,38,38,32,32,13,13],"gold":68,"neow_bonus":"ONE_RARE_RELIC","is_daily":false,"chose_seed":false,"campfire_upgraded":1,"win_rate":0.0,"timestamp":1608927793,"path_taken":["M","?","?","M","M","R","M","M","T","M","M","R","M","?","R","BOSS","M","$","?","M","M","R","E"],"items_purchased_type":["Relic","Relic","Card"],"build_version":"2020-12-22","purchased_purges":0,"victory":false,"max_hp_per_floor":[80,80,80,80,80,80,80,80,80,80,80,80,80,80,80,80,80,80,80,80,80,80,80,80,80],"card_choices":[{"not_picked":["Warcry","Perfected Strike"],"picked":"Headbutt","floor":1.0},{"not_picked":["Pommel Strike","Body Slam"],"picked":"Seeing Red","floor":3.0},{"not_picked":["Sentinel","Combust"],"picked":"Heavy Blade","floor":4.0},{"not_picked":["Havoc","Rupture"],"picked":"Thunderclap","floor":5.0},{"not_picked":["Spot Weakness","Offering"],"picked":"Uppercut","floor":7.0},{"not_picked":["Metallicize","Warcry"],"picked":"Seeing Red","floor":8.0},{"not_picked":["Seeing Red","Anger"],"picked":"Sword Boomerang","floor":10.0},{"not_picked":["Pommel Strike","Headbutt"],"picked":"Twin Strike","floor":11.0},{"not_picked":["Twin Strike","Rampage"],"picked":"Entrench","floor":13.0},{"not_picked":["Juggernaut","Bludgeon"],"picked":"Impervious","floor":16.0},{"not_picked":["Body Slam","Infernal Blade"],"picked":"Second Wind+1","floor":18.0},{"not_picked":["Heavy Blade","Dropkick"],"picked":"Whirlwind+1","floor":20.0},{"not_picked":["Uppercut","Warcry","Sword Boomerang"],"picked":"SKIP","floor":21.0},{"not_picked":["Havoc","Wild Strike"],"picked":"Evolve","floor":22.0}],"player_experience":360755,"relics_obtained":[{"floor":9.0,"key":"Bag of Preparation"},{"floor":20.0,"key":"Red Mask"}],"event_choices":[{"cards_removed":["Strike_R"],"damage_healed":0.0,"max_hp_gain":0.0,"max_hp_loss":0.0,"gold_gain":0.0,"event_name":"Bonfire Elementals","player_choice":"Offered Basic","floor":2.0,"gold_loss":0.0,"damage_taken":0.0},{"damage_healed":0.0,"max_hp_gain":0.0,"max_hp_loss":0.0,"gold_gain":0.0,"event_name":"Match and Keep!","player_choice":"2 cards matched","floor":14.0,"gold_loss":0.0,"damage_taken":0.0,"cards_obtained":["Double Tap","Trip"]},{"damage_healed":0.0,"max_hp_gain":0.0,"max_hp_loss":0.0,"gold_gain":0.0,"event_name":"Masked Bandits","player_choice":"Fought Bandits","floor":20.0,"gold_loss":0.0,"damage_taken":0.0}],"is_beta":false,"boss_relics":[{"not_picked":["Philosopher\u0027s Stone","Snecko Eye"],"picked":"Empty Cage"}],"items_purged_floors":[],"is_endless":false,"potions_floor_spawned":[5,7,10,11,13,18,22],"killed_by":"Book of Stabbing","ascension_level":12}}