{"host":"x1qj4d8ympd5jdqh","time":1608877671,"event":{"mods":["AchievementEnabler","AlwaysNeverKeys","BaseMod","Colored Map","Custom Start","DeckTracker","Highlight Path","Minty Spire (QoL Compilation)","StSLib","SuperFastMode"],"gold_per_floor":[115,115,126,144,163,163,196,208,280,296,296,70,86,120,120,120,120],"floor_reached":16,"playtime":443,"items_purged":["Strike_R"],"score":228,"play_id":"fc4d9056-c9f3-44a9-91de-40c097c50dbd","local_time":"20201225152751","is_ascension_mode":true,"campfire_choices":[{"data":"Wild Strike","floor":6,"key":"SMITH"},{"data":"Hemokinesis","floor":11,"key":"SMITH"},{"floor":15,"key":"REST"}],"circlet_count":0,"master_deck":["AscendersBane","Strike_R","Strike_R","Defend_R","Defend_R","Defend_R","Defend_R","Bash","Spot Weakness","Wild Strike+1","Hemokinesis+1","Burning Pact","Combust","Shrug It Off","Offering","Headbutt"],"relics":["Burning Blood","FossilizedHelix","Champion Belt"],"acts_visited":["Exordium"],"potions_floor_usage":[8,14,16],"damage_taken":[{"damage":3,"enemies":"2 Louse","floor":1,"turns":4},{"damage":6,"enemies":"Cultist","floor":3,"turns":3},{"damage":17,"enemies":"Small Slimes","floor":4,"turns":3},{"damage":13,"enemies":"Blue Slaver","floor":5,"turns":3},{"damage":26,"enemies":"3 Sentries","floor":7,"turns":6},{"damage":0,"enemies":"Lots of Slimes","floor":8,"turns":2},{"damage":13,"enemies":"Exordium Thugs","floor":10,"turns":3},{"damage":13,"enemies":"Gremlin Gang","floor":13,"turns":3},{"damage":27,"enemies":"Lagavulin","floor":14,"turns":6},{"damage":26,"enemies":"The Guardian","floor":16,"turns":10}],"seed_played":"-4090722366352584384","potions_obtained":[{"floor":1,"key":"Swift Potion"},{"floor":7,"key":"Explosive Potion"},{"floor":13,"key":"PowerPotion"},{"floor":14,"key":"AttackPotion"}],"is_trial":false,"path_per_floor":["M","?","M","M","M","R","E","M","T","M","R","$","M","E","R","B"],"character_chosen":"IRONCLAD","items_purchased":["Offering"],"campfire_rested":1,"item_purchase_floors":[12],"current_hp_per_floor":[53,75,75,64,57,57,37,43,43,36,36,36,29,8,30,4,4],"gold":120,"neow_bonus":"TRANSFORM_TWO_CARDS","is_daily":false,"chose_seed":false,"campfire_upgraded":2,"win_rate":0.0,"timestamp":1608877671,"path_taken":["M","?","?","M","M","R","E","M","T","M","R","?","M","E","R","BOSS"],"items_purchased_type":["Card"],"build_version":"2020-12-22","purchased_purges":1,"victory":false,"max_hp_per_floor":[75,75,75,75,75,75,75,75,75,75,75,75,75,75,75,75,75],"card_choices":[{"not_picked":["Bloodletting","Spot Weakness"],"picked":"Wild Strike","floor":1},{"not_picked":["Perfected Strike","Sword Boomerang"],"picked":"Hemokinesis","floor":3},{"not_picked":["True Grit","Metallicize","Burning Pact"],"picked":"SKIP","floor":4},{"not_picked":["True Grit","Metallicize"],"picked":"Burning Pact","floor":4},{"not_picked":["Perfected Strike","Infernal Blade"],"picked":"Combust","floor":5},{"not_picked":["True Grit","Feel No Pain","Combust"],"picked":"SKIP","floor":7},{"not_picked":["Headbutt","Juggernaut"],"picked":"Shrug It Off","floor":8},{"not_picked":["Twin Strike","Clothesline","Flex"],"picked":"SKIP","floor":10},{"not_picked":["Dual Wield","Shrug It Off"],"picked":"Headbutt","floor":13},{"not_picked":["Dropkick","Uppercut","Twin Strike"],"picked":"SKIP","floor":14}],"player_experience":1269272,"relics_obtained":[{"floor":7,"key":"FossilizedHelix"},{"floor":14,"key":"Champion Belt"}],"event_choices":[{"cards_removed":["Sever Soul"],"damage_healed":22,"gold_gain":0,"player_choice":"Offered Uncommon","damage_taken":0,"max_hp_gain":0,"max_hp_loss":0,"event_name":"Bonfire Elementals","floor":2,"gold_loss":0}],"is_beta":false,"boss_relics":[],"items_purged_floors":[12],"is_endless":false,"potions_floor_spawned":[1,7,13,14],"killed_by":"The Guardian","ascension_level":20}}