{"host":"uflv0e3ja7hvnij7","time":1608939321,"event":{"mods":["Aspiration","BaseMod","Better Altar","Better Match","Better Note","Better Sensory Stone","Better Skull","Better Third Choice","Hubris","Infinite Spire","Minty Spire (QoL Compilation)","Permanent Neow","Replay The Spire","Shop Mod","StSLib"],"gold_per_floor":[114,114,41,41,52,52,77,77,77,91,109,9,26,44,44,143,143,113,113],"floor_reached":18,"playtime":4400,"items_purged":["Regret","hubris:Compulsion"],"score":162,"play_id":"4f5697e8-463e-4e0f-b936-a5a77825287f","local_time":"20201225183521","is_ascension_mode":false,"campfire_choices":[{"data":"Zap","floor":6,"key":"SMITH"},{"floor":8,"key":"REST"},{"data":"Defragment","floor":15,"key":"SMITH"}],"circlet_count":0,"master_deck":["Strike_B","Strike_B","Strike_B","Strike_B","Defend_B","Defend_B","Defend_B","Defend_B","Zap+1","Dualcast","Capacitor","Melter","Defragment+1","Ball Lightning","Cold Snap","hubris:Ukulele"],"relics":["Cracked Core","hubris:PeanutButter","Shuriken","ReplayTheSpireMod:CursedCoin","Lantern","Replay:Mystery Machine","Incense Burner","SacredBark"],"acts_visited":["Exordium","TheCity"],"potions_floor_usage":[16,18],"damage_taken":[{"damage":2,"enemies":"Jaw Worm","floor":1,"turns":4},{"damage":0,"enemies":"Cultist","floor":5,"turns":3},{"damage":30,"enemies":"Gremlin Nob","floor":7,"turns":5},{"damage":0,"enemies":"2 Louse","floor":10,"turns":3},{"damage":10,"enemies":"Lots of Slimes","floor":11,"turns":3},{"damage":8,"enemies":"Red Slaver","floor":13,"turns":4},{"damage":0,"enemies":"3 Louse","floor":14,"turns":2},{"damage":10,"enemies":"Hexaghost","floor":16,"turns":7},{"damage":3,"enemies":"2 Thieves","floor":18,"turns":2}],"seed_played":"5656515308745562366","potions_obtained":[{"floor":13,"key":"Weak Potion"},{"floor":14,"key":"Elixir"},{"floor":16,"key":"SkillPotion"}],"is_trial":false,"path_per_floor":["M","?","$","?","M","R","E","R","T","M","M","$","M","M","R","B",null,"M"],"character_chosen":"DEFECT","items_purchased":["ReplayTheSpireMod:CursedCoin","Lantern"],"campfire_rested":1,"item_purchase_floors":[3,3],"current_hp_per_floor":[73,66,66,66,66,66,36,58,58,58,48,48,40,40,40,30,75,72,72],"gold":113,"neow_bonus":"RANDOM_EVENT","is_daily":false,"chose_seed":false,"campfire_upgraded":2,"win_rate":0.0,"timestamp":1608939321,"path_taken":["M","?","$","?","M","R","E","R","T","M","M","?","M","M","R","BOSS","M"],"items_purchased_type":["Relic","Relic"],"build_version":"2020-12-22","purchased_purges":2,"victory":false,"max_hp_per_floor":[75,75,75,75,75,75,75,75,75,75,75,75,75,75,75,75,75,75,75],"card_choices":[{"not_picked":["Cold Snap","Genetic Algorithm"],"picked":"Capacitor","floor":1},{"not_picked":["Blizzard","Darkness"],"picked":"Melter","floor":5},{"not_picked":["Gash","Rebound"],"picked":"Defragment","floor":7},{"not_picked":["Hello World","Streamline"],"picked":"Ball Lightning","floor":10},{"not_picked":["Barrage","Blizzard"],"picked":"Cold Snap","floor":11},{"not_picked":["Time Bomb","Hologram"],"picked":"hubris:Ukulele","floor":13},{"not_picked":["Conserve Battery","Steam","Barrage"],"picked":"SKIP","floor":14}],"player_experience":384841,"relics_obtained":[{"floor":7,"key":"Replay:Mystery Machine"},{"floor":9,"key":"Incense Burner"}],"event_choices":[{"damage_healed":0,"gold_gain":0,"player_choice":"Box","damage_taken":0,"relics_obtained":["hubris:PeanutButter"],"max_hp_gain":0,"max_hp_loss":0,"event_name":"Big Fish","floor":0,"gold_loss":0,"cards_obtained":["Regret"]},{"damage_healed":0,"gold_gain":0,"player_choice":"Relic ","damage_taken":7,"max_hp_gain":0,"max_hp_loss":0,"event_name":"betterThird:BetterScrap","floor":2,"gold_loss":0,"cards_obtained":["ReplayTheSpireMod:Tripwire"]}],"is_beta":false,"boss_relics":[{"not_picked":["Fusion Hammer","Runic Pyramid"],"picked":"SacredBark"}],"items_purged_floors":[3,12],"is_endless":false,"potions_floor_spawned":[13,14,16],"killed_by":"2 Thieves","ascension_level":0}}