{"host":"5bdt6s51dmpd4l3v","time":1608885943,"event":{"mods":["AchievementEnabler","BaseMod","Colored Map","Colored Powertips","Highlight Path","Minty Spire (QoL Compilation)","Quick Restart","Rare Cards Sparkle","StSLib"],"gold_per_floor":[119,30,180,70,70,70,85,117,164,176,176,206,217,252,252,252,252],"floor_reached":16,"playtime":324,"items_purged":["Doubt"],"score":250,"play_id":"fef5e3c8-792e-4ea9-85eb-8a641cac4407","local_time":"20201225164543","is_ascension_mode":true,"campfire_choices":[{"data":"Armaments","floor":6.0,"key":"SMITH"},{"data":"Body Slam","floor":11.0,"key":"SMITH"},{"data":"Inflame","floor":15,"key":"SMITH"}],"circlet_count":0,"master_deck":["AscendersBane","Strike_R","Strike_R","Strike_R","Strike_R","Strike_R","Defend_R","Defend_R","Defend_R","Defend_R","Bash","Armaments+1","Flex+1","Dropkick","Inflame+1","Clash","Headbutt","Body Slam+1","Whirlwind","Clash","Warcry+1"],"relics":["Burning Blood","NeowsBlessing","Oddly Smooth Stone","Bag of Preparation","Toxic Egg 2","Gremlin Horn"],"acts_visited":["Exordium"],"potions_floor_usage":[],"damage_taken":[{"damage":0.0,"enemies":"Jaw Worm","floor":1.0,"turns":1.0},{"damage":0.0,"enemies":"Small Slimes","floor":7.0,"turns":1.0},{"damage":0.0,"enemies":"Gremlin Nob","floor":8.0,"turns":1.0},{"damage":0.0,"enemies":"Cultist","floor":10.0,"turns":3.0},{"damage":28.0,"enemies":"Lagavulin","floor":12.0,"turns":4.0},{"damage":18,"enemies":"Gremlin Gang","floor":13,"turns":3},{"damage":25,"enemies":"Gremlin Nob","floor":14,"turns":4},{"damage":24,"enemies":"Slime Boss","floor":16,"turns":3}],"seed_played":"-4204858163770211152","potions_obtained":[{"floor":8.0,"key":"HeartOfIron"},{"floor":14,"key":"Energy Potion"}],"is_trial":false,"path_per_floor":["M","$","?","$","?","R","M","E","T","M","R","E","M","E","R","B"],"character_chosen":"IRONCLAD","items_purchased":["Flex","Dropkick","Inflame"],"campfire_rested":0,"item_purchase_floors":[2,2,4],"current_hp_per_floor":[74,74,74,74,74,74,75,75,75,75,75,53,41,22,22,0,0],"gold":252,"neow_bonus":"THREE_ENEMY_KILL","is_daily":false,"chose_seed":false,"campfire_upgraded":3,"win_rate":0.0,"timestamp":1608885943,"path_taken":["M","$","?","$","?","R","M","E","T","M","R","E","M","E","R","BOSS"],"items_purchased_type":["Card","Card","Card"],"build_version":"2020-12-22","purchased_purges":1,"victory":false,"max_hp_per_floor":[75,75,75,75,75,75,75,75,75,75,75,75,75,75,75,75,75],"card_choices":[{"not_picked":["Cleave","Dark Embrace"],"picked":"Armaments","floor":1.0},{"not_picked":["Iron Wave","Clothesline"],"picked":"Clash","floor":7.0},{"not_picked":["True Grit","Perfected Strike"],"picked":"Headbutt","floor":8.0},{"not_picked":["Havoc","Dark Embrace"],"picked":"Body Slam","floor":10.0},{"not_picked":["Feel No Pain","Fiend Fire"],"picked":"Whirlwind","floor":12.0},{"not_picked":["Thunderclap","Havoc+1"],"picked":"Clash","floor":13},{"not_picked":["Pommel Strike","Cleave"],"picked":"Warcry+1","floor":14}],"player_experience":228109,"relics_obtained":[{"floor":8.0,"key":"Oddly Smooth Stone"},{"floor":9.0,"key":"Bag of Preparation"},{"floor":12.0,"key":"Toxic Egg 2"},{"floor":14,"key":"Gremlin Horn"}],"event_choices":[{"damage_healed":0.0,"max_hp_gain":0.0,"max_hp_loss":0.0,"gold_gain":150.0,"event_name":"Liars Game","player_choice":"AGREE","floor":3.0,"gold_loss":0.0,"damage_taken":0.0,"cards_obtained":["Doubt"]},{"damage_healed":0.0,"max_hp_gain":0.0,"max_hp_loss":0.0,"gold_gain":0.0,"event_name":"Living Wall","player_choice":"Grow","floor":5.0,"gold_loss":0.0,"damage_taken":0.0,"cards_upgraded":["Flex"]}],"is_beta":false,"boss_relics":[],"items_purged_floors":[4],"is_endless":false,"potions_floor_spawned":[8,14],"killed_by":"Slime Boss","ascension_level":15}}