{"host":"qjr2x8lg4bxz99yh","time":1608922930,"event":{"mods":["Act Like it!","BaseMod","Colored Powertips","Downfall","Friendly Minions","Hallownest","Hermit","Minty Spire (QoL Compilation)","Replay The Spire","StSLib","The Bug Knight","The Cursed","The Disciple","The Hierophant","The Jungle","The Necromancer","The Runesmith","everything is the same but u backflip on backflip"],"gold_per_floor":[116,135,16,16,40,78,78,119,187,187,187,187,187,210,210,340,340,365,389,9,9,9],"floor_reached":21,"playtime":2137,"items_purged":[],"score":187,"play_id":"d373de00-0a4b-4e28-9560-27cdaf9239d0","local_time":"20201225130210","is_ascension_mode":false,"campfire_choices":[{"floor":7,"key":"REST"},{"floor":10,"key":"REST"},{"floor":12,"key":"RECALL"},{"floor":15,"key":"REST"}],"circlet_count":0,"master_deck":["hermit:Strike_Hermit","hermit:Strike_Hermit","hermit:Strike_Hermit","hermit:Strike_Hermit","hermit:Defend_Hermit","hermit:Defend_Hermit","hermit:Defend_Hermit","hermit:Defend_Hermit","hermit:Snapshot","hermit:Covet","hermit:Desperado","hermit:Maintenance","hermit:NoHoldsBarred","hermit:Dive","Injury","hermit:HighCaliber","hermit:TrackingShot","hermit:Purgatory","Regret","hermit:TakeAim","hermit:Dissolve","hermit:Deadeye","hermit:Virtue","hermit:Brawl","hermit:CalledShot"],"relics":["hermit:Momento","Golden Idol","Gambling Chip","Replay:Baseball","ReplayTheSpireMod:Shallot","ReplayTheSpireMod:Lightbulb","Kunai"],"acts_visited":["Exordium","TheCity"],"potions_floor_usage":[6,16,16,21,21],"damage_taken":[{"damage":7,"enemies":"Cultist","floor":1,"turns":5},{"damage":3,"enemies":"2 Louse","floor":2,"turns":2},{"damage":11,"enemies":"Jaw Worm","floor":5,"turns":2},{"damage":32,"enemies":"3 Sentries","floor":6,"turns":9},{"damage":24,"enemies":"Lagavulin","floor":8,"turns":7},{"damage":33,"enemies":"Large Slime","floor":14,"turns":5},{"damage":54,"enemies":"Fading Forest","floor":16,"turns":11},{"damage":19,"enemies":"2 Thieves","floor":18,"turns":2},{"damage":29,"enemies":"Chosen","floor":19,"turns":9},{"damage":34,"enemies":"Sentry and Sphere","floor":21,"turns":5}],"seed_played":"5746659672837740687","potions_obtained":[{"floor":1,"key":"Ancient Potion"},{"floor":5,"key":"Strength Potion"},{"floor":6,"key":"FairyPotion"},{"floor":8,"key":"LiquidMemories"},{"floor":18,"key":"SpeedPotion"},{"floor":19,"key":"Dexterity Potion"}],"is_trial":false,"path_per_floor":["M","M","$","?","M","E","R","E","T","R","?","R","?","M","R","B",null,"M","M","$","M"],"character_chosen":"HERMIT","items_purchased":["hermit:NoHoldsBarred","hermit:Dive","Kunai","hermit:Brawl","hermit:CalledShot"],"campfire_rested":3,"item_purchase_floors":[3,3,20,20,20],"current_hp_per_floor":[75,72,72,72,61,29,53,29,29,53,46,46,46,13,37,8,82,63,34,34,0,0],"gold":9,"neow_bonus":"TEN_PERCENT_HP_BONUS","is_daily":false,"chose_seed":false,"campfire_upgraded":0,"win_rate":0.0,"timestamp":1608922930,"path_taken":["M","M","?","?","M","E","R","E","T","R","?","R","?","M","R","BOSS","M","M","$","M"],"items_purchased_type":["Card","Card","Relic","Card","Card"],"build_version":"2020-12-22","purchased_purges":0,"victory":false,"max_hp_per_floor":[82,82,82,82,82,82,82,82,82,82,82,82,82,82,82,82,82,82,82,82,82,82],"card_choices":[{"not_picked":["hermit:LuckOfTheDraw","hermit:SprayPray"],"picked":"hermit:Desperado","floor":1},{"not_picked":["hermit:Quickdraw","hermit:ItchyTrigger"],"picked":"hermit:Maintenance","floor":2},{"not_picked":["hermit:LowProfile","hermit:ItchyTrigger"],"picked":"hermit:HighCaliber","floor":5},{"not_picked":["hermit:Ricochet","hermit:PistolWhip"],"picked":"hermit:TrackingShot","floor":6},{"not_picked":["hermit:FatalDesire","hermit:HoleUp"],"picked":"hermit:Purgatory","floor":8},{"not_picked":["hermit:Ricochet","hermit:WideOpen"],"picked":"hermit:TakeAim","floor":14},{"not_picked":["hermit:FatalDesire","hermit:Purgatory"],"picked":"hermit:Dissolve","floor":16},{"not_picked":["hermit:Gestalt","hermit:Manifest"],"picked":"hermit:Deadeye","floor":18},{"not_picked":["hermit:Desperado","hermit:Vantage"],"picked":"hermit:Virtue","floor":19}],"player_experience":43969,"relics_obtained":[{"floor":6,"key":"Gambling Chip"},{"floor":8,"key":"Replay:Baseball"}],"event_choices":[{"damage_healed":0,"gold_gain":0,"player_choice":"Take Wound","damage_taken":0,"relics_obtained":["Golden Idol"],"max_hp_gain":0,"max_hp_loss":0,"event_name":"Golden Idol","floor":4,"gold_loss":0,"cards_obtained":["Injury"]},{"damage_healed":0,"gold_gain":0,"player_choice":"Success","damage_taken":7,"relics_obtained":["ReplayTheSpireMod:Shallot"],"max_hp_gain":0,"max_hp_loss":0,"event_name":"Scrap Ooze","floor":11,"gold_loss":0},{"damage_healed":0,"gold_gain":0,"player_choice":"Box","damage_taken":0,"relics_obtained":["ReplayTheSpireMod:Lightbulb"],"max_hp_gain":0,"max_hp_loss":0,"event_name":"Big Fish","floor":13,"gold_loss":0,"cards_obtained":["Regret"]}],"is_beta":false,"boss_relics":[{"not_picked":["Snecko Eye","Kintsugi","Runesmith:UraniumAnvil"]}],"items_purged_floors":[],"is_endless":false,"potions_floor_spawned":[1,5,6,8,18,19],"killed_by":"Sentry and Sphere","ascension_level":0}}