{"host":"qnxnem68q7ulahas","time":1608914639,"event":{"mods":["ATMod(阿瑾Mod)","Act Like it!","BaseMod","Highlight Path","Hunter 猎人","Minty Spire (QoL Compilation)","Replay The Spire","RumiaBox-露米娅的神秘盒子","SOS（斯巴达之子）","Spicy Shops","StSLib","The Alterego","[IsaacMod]以撒尖塔","【功能Mod】混沌之环修复补丁","【遗物卡牌】REMEMod"],"gold_per_floor":[117,127,167,258,34,83,83,150,173,231,259,259,328,368,368,478,478,490,490,490,527,218,278,278,301,301,380,380,421,421,484,484,569,569,582,625,290,346,420,420,448,524,606,625,723,723,908,1052,1052,1270,1319,1319,1319,708,803,925],"floor_reached":57,"playtime":5056,"items_purged":["Shoot","Defend_Dante","Defend_Dante","Defend_Dante","Rebellion","AT_BreakingExtremeWeapon","Redorb","Shoot+1"],"score":3131,"play_id":"eb0728c8-283b-4905-8de4-3c83217494f6","local_time":"20201226004359","is_ascension_mode":true,"campfire_choices":[{"data":"Provocation","floor":7.0,"key":"SMITH"},{"data":"Dash2","floor":12.0,"key":"SMITH"},{"data":"Trickster","floor":24.0,"key":"SMITH"},{"floor":32,"key":"RECALL"},{"data":"Weaponreturn","floor":40,"key":"SMITH"},{"data":"Darkslayer","floor":46,"key":"SMITH"},{"data":"Royaldefend","floor":49,"key":"SMITH"},{"data":"Gilgamesh","floor":53,"key":"SMITH"}],"circlet_count":9,"master_deck":["AscendersBane","Attack_a","Attack_a","Attack_b+1","Provocation+1","Defend_Dante+1","BeastUppercut","Straight","Dash2+1","Swordmaster+1","Trickster+1","Unrisingdragon","Provocation+1","BeastUppercut","Darkslayer+1","Gilgamesh+1","Weaponreturn+1","Enemystep","Royaldefend+1","Shock"],"relics":["SSS","Combocheck","AT_ATBox","HushsDoor","REME_ComplimentaryCards","NeowsBlessing","Circlet","ReplayTheSpireMod:TigerMarble","Replay:Rubber Ducky","DeadEye","REME_PuzzleBoxRelic","TheBible","Replay:Baseball","SSSystem","Meat on the Bone","AT_SilvercatRing","GuppysTail","Pet Ghost","Odd Mushroom","Bag of Marbles","EasyGame_NEW","Tiny Chest","Sling","AT_SeraphEmbrace","Happy Flower","Smiling Mask","Pantograph","Replay:Mystery Machine","Omamori","alterego_mod:FleetingLove","Simple Rune","Durian","SoulBox","AT_RedTearstoneRing","PillsDrop","AT_EbonyIvory","Replay:Towering Pillar of Hats","MagicDraw3","Replay:Bottled Steam","Nunchaku","MagicDraw4","Replay:Bandana","AT_MibuBalloonWealth","DoctorsRemote","Ccalipers","BargainBundle","Bronze Scales","AT_ImmortalShieldbow"],"acts_visited":["Exordium","TheCity","TheBeyond","TheEnding"],"potions_floor_usage":[56],"damage_taken":[{"damage":0.0,"enemies":"Small Slimes","floor":1.0,"turns":1.0},{"damage":0.0,"enemies":"2 Louse","floor":2.0,"turns":1.0},{"damage":0.0,"enemies":"3 Sentries","floor":6.0,"turns":2.0},{"damage":0.0,"enemies":"Gremlin Nob","floor":8.0,"turns":2.0},{"damage":0.0,"enemies":"Jaw Worm","floor":10.0,"turns":2.0},{"damage":0.0,"enemies":"Gremlin Gang","floor":11.0,"turns":3.0},{"damage":0.0,"enemies":"3 Sentries","floor":13.0,"turns":4.0},{"damage":0.0,"enemies":"The Mushroom Lair","floor":14.0,"turns":1.0},{"damage":0.0,"enemies":"The Guardian","floor":16.0,"turns":1.0},{"damage":0.0,"enemies":"Shell Parasite","floor":18.0,"turns":1.0},{"damage":0.0,"enemies":"Chosen","floor":21.0,"turns":2.0},{"damage":0.0,"enemies":"Gremlin Leader","floor":23.0,"turns":2.0},{"damage":0.0,"enemies":"Shelled Parasite and Fungi","floor":25.0,"turns":2.0},{"damage":0.0,"enemies":"REME_1_Revenger","floor":27.0,"turns":2.0},{"damage":0,"enemies":"Sentry and Sphere","floor":29,"turns":2},{"damage":0,"enemies":"Replay:Snechameleon","floor":31,"turns":2},{"damage":0,"enemies":"Automaton","floor":33,"turns":2},{"damage":0,"enemies":"3 Shapes","floor":35,"turns":2},{"damage":1,"enemies":"3 Darklings","floor":36,"turns":4},{"damage":0,"enemies":"Mind Bloom Boss Battle","floor":38,"turns":2},{"damage":0,"enemies":"Writhing Mass","floor":41,"turns":2},{"damage":0,"enemies":"Reptomancer","floor":42,"turns":1},{"damage":0,"enemies":"Transient","floor":44,"turns":2},{"damage":0,"enemies":"R_Hoarder","floor":45,"turns":3},{"damage":6,"enemies":"4 Shapes","floor":47,"turns":1},{"damage":0,"enemies":"3 Darklings","floor":48,"turns":1},{"damage":0,"enemies":"Awakened One","floor":50,"turns":2},{"damage":0,"enemies":"Replay:Hell Engine","floor":51,"turns":1},{"damage":0,"enemies":"Shield and Spear","floor":55,"turns":1},{"damage":4,"enemies":"The Heart","floor":56,"turns":5}],"seed_played":"-7802331918947984288","potions_obtained":[{"floor":3.0,"key":"Weak Potion"},{"floor":10.0,"key":"Elixir"},{"floor":38,"key":"FairyPotion"},{"floor":48,"key":"REME_GoldPotion"}],"is_trial":false,"path_per_floor":["M","M","?","?","$","E","R","E","T","M","M","R","?","?","R","B",null,"M","?","?","M","$","E","R","M","T","E","T","M","?","E","R","B",null,"M","M","$","?","T","R","M","E","T","M","E","R","M","M","R","B","B",null,"R","$","E","B",null],"character_chosen":"DANTE","items_purchased":["Rebellion","Trickster","Unrisingdragon","Sling","Gilgamesh","Weaponreturn","Enemystep","PillsDrop","Ccalipers","BargainBundle","Bronze Scales","Shock"],"campfire_rested":0,"item_purchase_floors":[5,17,17,22,34,34,37,37,54,54,54,54],"current_hp_per_floor":[68,68,68,53,53,53,53,53,53,53,53,53,53,53,75,75,63,63,63,63,63,63,63,63,63,63,68,68,68,68,73,73,73,61,61,65,65,66,66,66,66,71,71,71,71,71,34,46,46,71,71,71,71,71,71,71],"gold":925,"neow_bonus":"THREE_ENEMY_KILL","is_daily":false,"chose_seed":false,"campfire_upgraded":7,"win_rate":0.0,"timestamp":1608914639,"path_taken":["M","M","?","?","$","E","R","E","T","?","M","R","?","?","R","BOSS","M","?","?","M","$","E","R","M","T","E","?","M","?","E","R","BOSS","M","M","$","?","?","R","M","E","T","M","E","R","?","M","R","BOSS","BOSS","R","$","E","BOSS"],"items_purchased_type":["Card","Card","Card","Relic","Card","Card","Card","Relic","Relic","Relic","Relic","Card"],"build_version":"2020-12-22","purchased_purges":8,"victory":true,"max_hp_per_floor":[75,75,75,75,75,75,75,75,75,75,75,75,75,75,75,75,63,63,63,63,63,63,63,63,63,63,68,68,68,68,73,73,73,61,61,66,66,66,66,66,66,71,71,71,71,71,71,71,71,71,71,71,71,71,71,71],"card_choices":[{"not_picked":["Doubleshoot","Gunstinger","VitalstarM"],"picked":"SKIP","floor":1.0},{"not_picked":["DT","Ecstasy","Chargeshoot"],"picked":"SKIP","floor":2.0},{"not_picked":["Ecstasy","DevilstarS","Honeycombofire"],"picked":"SKIP","floor":6.0},{"not_picked":["Millionstab","Rebellion"],"picked":"BeastUppercut","floor":8.0},{"not_picked":["Kick13","Holywater"],"picked":"Straight","floor":10.0},{"not_picked":["Greenorb","Dash1"],"picked":"Dash2","floor":11.0},{"not_picked":["Millionstab","LucifercomboA"],"picked":"Swordmaster","floor":14.0},{"not_picked":["Gunslinger","DT","LucifercomboB"],"picked":"SKIP","floor":18.0},{"not_picked":["Royaldefend","Chargeshoot2+1","Kick13"],"picked":"SKIP","floor":21.0},{"not_picked":["DevilstarS","Dash1"],"picked":"BeastUppercut","floor":23.0},{"not_picked":["Lucifer","Chargeshoot","LucifercomboB"],"picked":"SKIP","floor":25.0},{"not_picked":["LucifercomboA","GilgameshcomboA","Fullhouse"],"picked":"SKIP","floor":27.0},{"not_picked":["Weaponreturn","Fullhouse","BeastUppercut"],"picked":"SKIP","floor":29},{"not_picked":["DevilstarS","DT","Chargeshoot2"],"picked":"SKIP","floor":31},{"not_picked":["Trickster","VitalstarL"],"picked":"Darkslayer","floor":33},{"not_picked":["Dash1","Rebellion","Chargeshoot2+1"],"picked":"SKIP","floor":35},{"not_picked":["VitalstarS","Kick13","Rebellion"],"picked":"SKIP","floor":36},{"not_picked":["Gunslinger","CoyoteA+1","Whiteorb"],"picked":"SKIP","floor":41},{"not_picked":["Fullhouse+1","Holywater+1","Rebellion+1"],"picked":"SKIP","floor":42},{"not_picked":["Chargeshoot2","Swordmaster+1","VitalstarS"],"picked":"SKIP","floor":44},{"not_picked":["Stylechange","Fullhouse+1","DT"],"picked":"SKIP","floor":45},{"not_picked":["Millionkick+1","Rebellion+1"],"picked":"Royaldefend","floor":47},{"not_picked":["BeastUppercut","Millionkick","Enemystep"],"picked":"SKIP","floor":48},{"not_picked":["Royaldefend","LucifercomboD","VitalstarS"],"picked":"SKIP","floor":55}],"player_experience":348965,"relics_obtained":[{"floor":1.0,"key":"ReplayTheSpireMod:TigerMarble"},{"floor":2.0,"key":"Replay:Rubber Ducky"},{"floor":3.0,"key":"DeadEye"},{"floor":6.0,"key":"REME_PuzzleBoxRelic"},{"floor":6.0,"key":"TheBible"},{"floor":8.0,"key":"Replay:Baseball"},{"floor":9.0,"key":"SSSystem"},{"floor":10.0,"key":"Meat on the Bone"},{"floor":11.0,"key":"AT_SilvercatRing"},{"floor":13.0,"key":"Pet Ghost"},{"floor":14.0,"key":"Odd Mushroom"},{"floor":14.0,"key":"Bag of Marbles"},{"floor":18.0,"key":"theSenshi:FeatherClipsRelic"},{"floor":21.0,"key":"Tiny Chest"},{"floor":23.0,"key":"AT_ArchangelStaff"},{"floor":23.0,"key":"Happy Flower"},{"floor":25.0,"key":"Smiling Mask"},{"floor":26.0,"key":"Pantograph"},{"floor":27.0,"key":"Circlet"},{"floor":27.0,"key":"Replay:Mystery Machine"},{"floor":29,"key":"Omamori"},{"floor":31,"key":"Simple Rune"},{"floor":31,"key":"Durian"},{"floor":35,"key":"AT_RedTearstoneRing"},{"floor":36,"key":"Circlet"},{"floor":38,"key":"AT_EbonyIvory"},{"floor":38,"key":"Replay:Towering Pillar of Hats"},{"floor":39,"key":"MagicDraw3"},{"floor":41,"key":"Replay:Bottled Steam"},{"floor":42,"key":"Nunchaku"},{"floor":42,"key":"Circlet"},{"floor":43,"key":"MagicDraw4"},{"floor":44,"key":"Replay:Bandana"},{"floor":45,"key":"AT_MibuBalloonWealth"},{"floor":45,"key":"DoctorsRemote"},{"floor":55,"key":"AT_ImmortalShieldbow"}],"event_choices":[{"damage_healed":0.0,"max_hp_gain":0.0,"max_hp_loss":0.0,"gold_gain":30.0,"event_name":"Dead Adventurer","player_choice":"Searched \u00273\u0027 times","floor":13.0,"gold_loss":0.0,"damage_taken":0.0,"relics_obtained":["GuppysTail"]},{"damage_healed":0.0,"max_hp_gain":0.0,"max_hp_loss":0.0,"gold_gain":0.0,"event_name":"Mushrooms","player_choice":"Fought Mushrooms","floor":14.0,"gold_loss":0.0,"damage_taken":0.0},{"damage_healed":0.0,"max_hp_gain":0.0,"max_hp_loss":0.0,"gold_gain":0.0,"event_name":"Vampires","player_choice":"Ignored","floor":20.0,"gold_loss":0.0,"damage_taken":0.0},{"damage_healed":0,"gold_gain":0,"player_choice":"Choice 1","damage_taken":0,"relics_obtained":["alterego_mod:FleetingLove"],"max_hp_gain":0,"max_hp_loss":0,"event_name":"爱的神圣花园","floor":30,"gold_loss":0},{"damage_healed":0,"gold_gain":0,"player_choice":"Fight","damage_taken":0,"max_hp_gain":0,"max_hp_loss":0,"event_name":"MindBloom","floor":38,"gold_loss":0}],"is_beta":false,"boss_relics":[{"not_picked":["Busted Crown","ChewingGum"],"picked":"EasyGame_NEW"},{"not_picked":[]},{"not_picked":["Snecko Eye","Honey Jar"],"picked":"SoulBox"},{"not_picked":[]}],"items_purged_floors":[5,17,22,22,34,37,54,54],"is_endless":false,"potions_floor_spawned":[10,11,13,16,18,31,36,38,48],"ascension_level":20}}