{"host":"u36ni54khriudopt","time":1608910222,"event":{"mods":["BaseMod","Downfall","GifTheSpireLib","Minty Spire (QoL Compilation)","StSLib","[IsaacMod]ÒÔÈö¼âËþ"],"gold_per_floor":[99,99,158,16,30,47,47,57,57,76,1,12,28,42,56,159,159,84,110,184,184,184,184,209,227,255,16,44,44,44,61,80,80,80,80],"floor_reached":33,"playtime":2072,"items_purged":["hexamod:Strike"],"score":286,"play_id":"1235e9df-7d41-4597-9a8b-e4378d921e25","local_time":"20201225233022","is_ascension_mode":false,"campfire_choices":[{"floor":1.0,"key":"RECALL"},{"data":"hexamod:SoulSteal","floor":11.0,"key":"SMITH"},{"data":"hexamod:EmpoweringStance","floor":18.0,"key":"SMITH"},{"data":"hexamod:TimeOfNeed","floor":23.0,"key":"SMITH"},{"data":"hexamod:RadiantFlame","floor":30.0,"key":"SMITH"}],"circlet_count":0,"master_deck":["hexamod:Sear","hexamod:Float","hexamod:HauntingEcho","hexamod:RadiantFlame+1","hexamod:Again","hexamod:FifthSeal","hexamod:NightmareGuise","hexamod:BurningTouch","hexamod:SoulSteal+1","hexamod:NightmareStrike","hexamod:BacktrackSmack","hexamod:FourthSeal","hexamod:SecondSeal","hexamod:EmpoweringStance+1","hexamod:TimeOfNeed+1","hexamod:ChargedBarrage+1","Writhe","hexamod:SixthSeal","hexamod:FirstSeal","hexamod:CouncilsJustice","hexamod:CouncilsJustice","hexamod:CouncilsJustice","Ghostly","Ghostly","Ghostly","hexamod:RadiantFlame"],"relics":["hexamod:SpiritBrand","HushsDoor","GuppysPaw","downfall:HeartsMalice","downfall:HeartBlessingRed","Busted Crown","downfall:HeartBlessingBlue","SharpPlug","Pocketwatch","downfall:RedIOU","hexamod:MatchstickCase","Nunchaku","Vajra"],"acts_visited":["Exordium","TheCity"],"potions_floor_usage":[33,33,33],"damage_taken":[{"damage":0.0,"enemies":"Jaw Worm","floor":2.0,"turns":1.0},{"damage":0.0,"enemies":"Lagavulin Event","floor":3.0,"turns":1.0},{"damage":0.0,"enemies":"downfall:FleeingMerchant","floor":4.0,"turns":1.0},{"damage":0.0,"enemies":"Small Slimes","floor":5.0,"turns":3.0},{"damage":0.0,"enemies":"Cultist","floor":6.0,"turns":3.0},{"damage":3.0,"enemies":"Exordium Wildlife","floor":8.0,"turns":3.0},{"damage":5.0,"enemies":"Large Slime","floor":10.0,"turns":4.0},{"damage":0.0,"enemies":"3 Louse","floor":12.0,"turns":3.0},{"damage":5.0,"enemies":"Exordium Wildlife","floor":13.0,"turns":3.0},{"damage":2.0,"enemies":"2 Fungi Beasts","floor":14.0,"turns":3.0},{"damage":1.0,"enemies":"Blue Slaver","floor":15.0,"turns":3.0},{"damage":33.0,"enemies":"downfall:Defect","floor":16.0,"turns":7.0},{"damage":0.0,"enemies":"Spheric Guardian","floor":19.0,"turns":5.0},{"damage":0.0,"enemies":"Chosen","floor":25.0,"turns":4.0},{"damage":33.0,"enemies":"Slavers","floor":26.0,"turns":3.0},{"damage":0.0,"enemies":"downfall:FleeingMerchant","floor":27.0,"turns":4.0},{"damage":12.0,"enemies":"Snake Plant","floor":28.0,"turns":3.0},{"damage":2.0,"enemies":"3 Cultists","floor":31.0,"turns":4.0},{"damage":1.0,"enemies":"Shelled Parasite and Fungi","floor":32.0,"turns":5.0},{"damage":42,"enemies":"downfall:Silent","floor":33,"turns":8}],"seed_played":"456892667742179096","potions_obtained":[{"floor":3.0,"key":"ColorlessPotion"},{"floor":5.0,"key":"champ:CounterPotion"},{"floor":6.0,"key":"DuplicationPotion"},{"floor":13.0,"key":"SkillPotion"},{"floor":15.0,"key":"Strength Potion"},{"floor":16.0,"key":"Block Potion"},{"floor":25.0,"key":"Swift Potion"},{"floor":26.0,"key":"Fire Potion"},{"floor":27.0,"key":"SteroidPotion"},{"floor":31.0,"key":"Block Potion"}],"is_trial":false,"path_per_floor":["R","M","?","$","M","M","T","M","?","M","R","M","M","M","M","B",null,"R","M","T","?","?","R","T","M","E","$","M","?","R","M","M","B"],"character_chosen":"THE_SPIRIT","items_purchased":["hexamod:FifthSeal","hexamod:FirstSeal","Vajra"],"campfire_rested":0,"item_purchase_floors":[4,27,27],"current_hp_per_floor":[70,70,70,70,70,70,70,67,72,67,67,67,62,60,59,26,75,85,85,85,85,85,85,85,85,52,52,47,42,42,42,42,0,0,0],"gold":80,"neow_bonus":"THREE_ENEMY_KILL","is_daily":false,"chose_seed":false,"campfire_upgraded":4,"win_rate":0.0,"timestamp":1608910222,"path_taken":["R","M","?","$","M","M","T","M","?","M","R","M","M","?","M","BOSS","R","M","?","?","?","R","T","?","E","$","M","?","R","M","M","BOSS"],"items_purchased_type":["Card","Card","Relic"],"build_version":"2020-12-22","purchased_purges":1,"victory":false,"max_hp_per_floor":[70,70,70,70,70,70,70,70,75,75,75,75,75,75,75,75,75,85,85,85,85,85,85,85,85,85,85,85,42,42,42,42,42,42,42],"card_choices":[{"not_picked":[],"picked":"ChaosCard","floor":0.0},{"not_picked":["hexamod:FastForward","hexamod:GhostShield"],"picked":"hexamod:HauntingEcho","floor":2.0},{"not_picked":["hexamod:Firestarter","hexamod:HauntingEcho"],"picked":"hexamod:RadiantFlame","floor":3.0},{"not_picked":["hexamod:Haunt","hexamod:RecurringNightmare"],"picked":"hexamod:Again","floor":4.0},{"not_picked":["hexamod:HeatShield","hexamod:Hexaguard"],"picked":"hexamod:NightmareGuise","floor":5.0},{"not_picked":["hexamod:ParanormalForm","hexamod:Firestarter"],"picked":"hexamod:BurningTouch","floor":6.0},{"not_picked":["hexamod:GhostOfSpirePast","hexamod:Hexaguard"],"picked":"hexamod:SoulSteal","floor":8.0},{"not_picked":["hexamod:AdvancingGuard","hexamod:HeatCrush"],"picked":"hexamod:NightmareStrike","floor":10.0},{"not_picked":["hexamod:BurningTouch","hexamod:SpectralAdrenaline"],"picked":"hexamod:BacktrackSmack","floor":12.0},{"not_picked":["hexamod:FastForward","hexamod:PhantomFireball"],"picked":"hexamod:FourthSeal","floor":13.0},{"not_picked":["hexamod:AdvancingGuard","hexamod:FastForward"],"picked":"hexamod:SecondSeal","floor":14.0},{"not_picked":["hexamod:AdvancingGuard","hexamod:SpectersWail"],"picked":"hexamod:EmpoweringStance","floor":15.0},{"not_picked":["hexamod:GhostflameInferno","hexamod:CrushingStance"],"picked":"hexamod:TimeOfNeed","floor":16.0},{"not_picked":[],"picked":"hexamod:ChargedBarrage+1","floor":19.0},{"not_picked":["hexamod:FourthSeal"],"picked":"SKIP","floor":19.0},{"not_picked":[],"picked":"hexamod:SixthSeal","floor":25.0},{"not_picked":["hexamod:Again"],"picked":"SKIP","floor":25.0},{"not_picked":["hexamod:HauntingEcho"],"picked":"SKIP","floor":26.0},{"not_picked":["hexamod:GhostOfSpirePresent"],"picked":"SKIP","floor":27.0},{"not_picked":["hexamod:BacktrackSmack"],"picked":"SKIP","floor":28.0},{"not_picked":["hexamod:FourthSeal"],"picked":"SKIP","floor":31.0},{"not_picked":["hexamod:BacktrackSmack+1"],"picked":"SKIP","floor":31.0},{"not_picked":[],"picked":"hexamod:RadiantFlame","floor":32.0},{"not_picked":["hexamod:FirstSeal"],"picked":"SKIP","floor":32.0}],"player_experience":382523,"relics_obtained":[{"floor":20.0,"key":"SharpPlug"},{"floor":24.0,"key":"hexamod:MatchstickCase"},{"floor":26.0,"key":"Nunchaku"}],"event_choices":[{"damage_healed":0.0,"max_hp_gain":5.0,"max_hp_loss":0.0,"gold_gain":0.0,"event_name":"Big Fish","player_choice":"Donut","floor":9.0,"gold_loss":0.0,"damage_taken":0.0}],"is_beta":false,"boss_relics":[{"not_picked":["Velvet Choker","Runic Pyramid"],"picked":"Busted Crown"},{"not_picked":[]}],"items_purged_floors":[4],"is_endless":false,"potions_floor_spawned":[3,5,6,13,15,25,26,28,31],"killed_by":"downfall:Silent","ascension_level":0}}