{"host":"li2oyy8xcjugrjw6","time":1608861586,"event":{"mods":["AchievementEnabler","BaseMod","Colored Map","Minty Spire (QoL Compilation)","Permanent Neow","Replay The Spire","StSLib"],"gold_per_floor":[365,381,21,77,91,91,122,138,138,152,163,163,182,200,200,301,401,415,431,446,361,376,404,344,356,356,356,374,374,374,387,387,490,490,501,518,518,568,1567,1567,1567,1567,1591,1601,1614,1614,1614,1642,1642,1642],"floor_reached":51,"playtime":3781,"items_purged":[],"score":1367,"play_id":"ccb3fe15-e790-4388-b767-289d23e14bc7","local_time":"20201224175946","is_ascension_mode":true,"campfire_choices":[{"data":"Poisoned Stab","floor":6.0,"key":"SMITH"},{"data":"Cloak And Dagger","floor":12.0,"key":"SMITH"},{"data":"Footwork","floor":15,"key":"SMITH"},{"floor":27,"key":"DIG"},{"floor":32,"key":"DIG"},{"floor":40,"key":"DIG"},{"floor":42,"key":"DIG"}],"circlet_count":0,"master_deck":["AscendersBane","Strike_G","Strike_G","Strike_G","Strike_G","Strike_G","Defend_G","Defend_G","Defend_G","Defend_G","Defend_G","Survivor","ReplayTheSpireMod:IOU","Dagger Spray","Poisoned Stab+1","Cloak And Dagger+1","Slice","Crippling Poison","Dash","Footwork+1","Dagger Spray","Deadly Poison","Blade Dance","A Thousand Cuts","Dodge and Roll+1","Cloak And Dagger","PiercingWail","Deflect+1","ReplayTheSpireMod:Necrosis","Terror+1","Concentrate","Cloak And Dagger+1","Bane+1","Normality","Hidden Blade+1","Dagger Throw","Writhe","Injury"],"relics":["Ring of the Snake","TungstenRod","Anchor","ReplayTheSpireMod:Ninjato","Du-Vu Doll","Replay:Wanted Poster","Shovel","Replay:Rubber Ducky","Darkstone Periapt","Byrd Skull","Nilry\u0027s Codex","Shuriken","Unceasing Top","WristBlade","CaptainsWheel","Ninja Scroll","HornCleat","FossilizedHelix","Replay:Baseball","Smiling Mask"],"acts_visited":["Exordium","TheCity","TheBeyond"],"potions_floor_usage":[13,16,20,25,33,33,33,38,38,50,50,50],"damage_taken":[{"damage":1.0,"enemies":"2 Louse","floor":1.0,"turns":4.0},{"damage":0.0,"enemies":"Small Slimes","floor":2.0,"turns":4.0},{"damage":0.0,"enemies":"Cultist","floor":5.0,"turns":4.0},{"damage":41.0,"enemies":"Lagavulin","floor":7.0,"turns":7.0},{"damage":12.0,"enemies":"Gremlin Gang","floor":8.0,"turns":4.0},{"damage":0.0,"enemies":"Looter","floor":10.0,"turns":3.0},{"damage":0.0,"enemies":"2 Fungi Beasts","floor":11.0,"turns":2.0},{"damage":0,"enemies":"Large Slime","floor":13,"turns":3},{"damage":0,"enemies":"Exordium Wildlife","floor":14,"turns":1},{"damage":0,"enemies":"Slime Boss","floor":16,"turns":5},{"damage":2,"enemies":"Spheric Guardian","floor":18,"turns":3},{"damage":11,"enemies":"Chosen","floor":19,"turns":4},{"damage":2,"enemies":"Snake Plant","floor":20,"turns":4},{"damage":2,"enemies":"Centurion and Healer","floor":22,"turns":5},{"damage":10,"enemies":"Replay:Snechameleon","floor":23,"turns":7},{"damage":0,"enemies":"Shelled Parasite and Fungi","floor":25,"turns":5},{"damage":3,"enemies":"Snake Plant","floor":28,"turns":4},{"damage":0,"enemies":"Centurion and Healer","floor":31,"turns":5},{"damage":0,"enemies":"Champ","floor":33,"turns":7},{"damage":0,"enemies":"Orb Walker","floor":35,"turns":3},{"damage":5,"enemies":"3 Shapes","floor":36,"turns":4},{"damage":12,"enemies":"2 Orb Walkers","floor":38,"turns":4},{"damage":0,"enemies":"Spire Growth","floor":44,"turns":3},{"damage":0,"enemies":"3 Darklings","floor":45,"turns":2},{"damage":0,"enemies":"R_Hoarder","floor":48,"turns":6},{"damage":4,"enemies":"Awakened One","floor":50,"turns":8}],"seed_played":"-656579569082494598","potions_obtained":[{"floor":2.0,"key":"Swift Potion"},{"floor":4.0,"key":"FairyPotion"},{"floor":4.0,"key":"AttackPotion"},{"floor":10.0,"key":"Energy Potion"},{"floor":11.0,"key":"PowerPotion"},{"floor":13,"key":"Fire Potion"},{"floor":19,"key":"Swift Potion"},{"floor":22,"key":"CultistPotion"},{"floor":28,"key":"Adrenaline Potion"},{"floor":31,"key":"Energy Potion"},{"floor":33,"key":"Toxic Potion"},{"floor":36,"key":"BlessingOfTheForge"},{"floor":38,"key":"Strength Potion"},{"floor":45,"key":"LiquidMemories"},{"floor":48,"key":"PowerPotion"}],"is_trial":false,"path_per_floor":["M","M","$","?","M","R","E","M","T","M","M","R","M","M","R","B",null,"M","M","M","?","M","E","?","M","T","R","M","?","T","M","R","B",null,"M","M","?","?","?","R","T","R","T","M","M","?","?","E","R_BF","B",null],"character_chosen":"THE_SILENT","items_purchased":["TungstenRod","Cloak And Dagger"],"campfire_rested":0,"item_purchase_floors":[3,3],"current_hp_per_floor":[62,62,62,35,35,35,21,9,9,9,9,9,9,9,9,9,55,53,42,40,40,38,28,28,28,28,28,25,13,13,13,13,13,56,56,51,51,39,51,51,51,51,51,51,51,78,78,78,84,80],"gold":1642,"neow_bonus":"TWO_FIFTY_GOLD","is_daily":false,"chose_seed":false,"campfire_upgraded":3,"win_rate":0.0,"timestamp":1608861586,"path_taken":["M","M","$","?","M","R","E","?","T","M","M","R","?","M","R","BOSS","M","M","M","?","M","E","?","M","T","R","M","?","?","M","R","BOSS","M","M","?","?","?","R","?","R","T","M","?","?","?","E","R_BF","BOSS"],"items_purchased_type":["Relic","Card"],"build_version":"2020-12-22","purchased_purges":0,"victory":true,"max_hp_per_floor":[70,70,70,70,70,70,70,70,70,70,70,70,70,70,70,70,70,70,70,70,70,70,70,70,70,70,70,70,70,70,70,70,70,70,70,70,70,70,82,82,82,82,82,82,82,88,88,88,94,94],"card_choices":[{"not_picked":["Endless Agony","Prepared"],"picked":"Dagger Spray","floor":1.0},{"not_picked":["Poisoned Stab","Setup","Masterful Stab"],"picked":"SKIP","floor":2.0},{"not_picked":["Setup","Masterful Stab"],"picked":"Poisoned Stab","floor":2.0},{"not_picked":["Quick Slash","Dodge and Roll"],"picked":"Slice","floor":4.0},{"not_picked":["Dodge and Roll","Sucker Punch","Prepared"],"picked":"SKIP","floor":5.0},{"not_picked":["PiercingWail","Dodge and Roll"],"picked":"Crippling Poison","floor":7.0},{"not_picked":["Deflect","Bane"],"picked":"Dash","floor":8.0},{"not_picked":["Bullet Time","Expertise"],"picked":"Footwork","floor":10.0},{"not_picked":["Distraction","Prepared"],"picked":"Dagger Spray","floor":11.0},{"not_picked":["Quick Slash","Outmaneuver"],"picked":"Deadly Poison","floor":13},{"not_picked":["Bouncing Flask","ReplayTheSpireMod:Scrap Shanks"],"picked":"Blade Dance","floor":14},{"not_picked":["Glass Knife","Corpse Explosion"],"picked":"A Thousand Cuts","floor":16},{"not_picked":["Backflip","Noxious Fumes"],"picked":"Dodge and Roll+1","floor":18},{"not_picked":["ReplayTheSpireMod:Scrap Shanks","Poisoned Stab"],"picked":"Cloak And Dagger","floor":19},{"not_picked":["Backflip+1","Dodge and Roll"],"picked":"PiercingWail","floor":20},{"not_picked":["ReplayTheSpireMod:Exploit Weakness","Sneak Up"],"picked":"Deflect+1","floor":22},{"not_picked":["Cloak And Dagger","Hidden Blade"],"picked":"ReplayTheSpireMod:Necrosis","floor":23},{"not_picked":["Eviscerate","Deadly Poison"],"picked":"Terror+1","floor":25},{"not_picked":["Skewer","Prepared"],"picked":"Concentrate","floor":28},{"not_picked":["Riddle With Holes","Dagger Spray","Dagger Throw+1"],"picked":"SKIP","floor":31},{"not_picked":["Deadly Poison+1","Poisoned Stab"],"picked":"Cloak And Dagger+1","floor":35},{"not_picked":["Unload","Dodge and Roll+1"],"picked":"Bane+1","floor":36},{"not_picked":["Dodge and Roll+1","Glass Knife"],"picked":"Hidden Blade+1","floor":44},{"not_picked":["Well Laid Plans","Poisoned Stab+1"],"picked":"Dagger Throw","floor":45},{"not_picked":["Sucker Punch","Outmaneuver+1","Doppelganger"],"picked":"SKIP","floor":48}],"player_experience":968579,"relics_obtained":[{"floor":4.0,"key":"Anchor"},{"floor":7.0,"key":"ReplayTheSpireMod:Ninjato"},{"floor":9.0,"key":"Du-Vu Doll"},{"floor":23,"key":"Replay:Rubber Ducky"},{"floor":26,"key":"Darkstone Periapt"},{"floor":27,"key":"Byrd Skull"},{"floor":29,"key":"Nilry\u0027s Codex"},{"floor":30,"key":"Shuriken"},{"floor":32,"key":"Unceasing Top"},{"floor":38,"key":"CaptainsWheel"},{"floor":40,"key":"Ninja Scroll"},{"floor":41,"key":"HornCleat"},{"floor":42,"key":"FossilizedHelix"},{"floor":43,"key":"Replay:Baseball"},{"floor":48,"key":"Smiling Mask"}],"event_choices":[{"damage_healed":0,"gold_gain":0,"player_choice":"Obtained Relic","damage_taken":0,"relics_obtained":["Shovel"],"max_hp_gain":0,"max_hp_loss":0,"event_name":"Addict","floor":21,"gold_loss":85},{"damage_healed":0,"gold_gain":0,"player_choice":"Obtained Book","damage_taken":16,"max_hp_gain":0,"max_hp_loss":0,"event_name":"Cursed Tome","floor":29,"gold_loss":0},{"cards_removed":["Neutralize"],"damage_healed":0,"gold_gain":0,"player_choice":"Removed Attack","damage_taken":0,"max_hp_gain":0,"max_hp_loss":0,"event_name":"Falling","floor":37,"gold_loss":0},{"damage_healed":0,"gold_gain":0,"player_choice":"Fight","damage_taken":0,"max_hp_gain":0,"max_hp_loss":0,"event_name":"Mysterious Sphere","floor":38,"gold_loss":0},{"damage_healed":0,"gold_gain":999,"player_choice":"Gold","damage_taken":0,"max_hp_gain":0,"max_hp_loss":0,"event_name":"MindBloom","floor":39,"gold_loss":0,"cards_obtained":["Normality","Normality"]},{"damage_healed":21,"gold_gain":0,"player_choice":"Writhe","damage_taken":0,"max_hp_gain":0,"max_hp_loss":0,"event_name":"Winding Halls","floor":46,"gold_loss":0,"cards_obtained":["Writhe"]},{"damage_healed":0,"gold_gain":0,"player_choice":"Ignored","damage_taken":0,"max_hp_gain":0,"max_hp_loss":0,"event_name":"Tomb of Lord Red Mask","floor":47,"gold_loss":0}],"is_beta":false,"boss_relics":[{"not_picked":["Ring of the Serpent","Painkiller Herb"],"picked":"Replay:Wanted Poster"},{"not_picked":["Busted Crown","SacredBark"],"picked":"WristBlade"}],"items_purged_floors":[],"is_endless":false,"potions_floor_spawned":[2,10,11,13,19,22,28,31,33,36,38,45,48],"ascension_level":10}}