{"host":"qn9jmys3bzrfa36a","time":1608904522,"event":{"mods":["Act Like it!","BaseMod","Downfall","Minty Spire (QoL Compilation)","MostiFishMod","Replay The Spire","StSLib"],"gold_per_floor":[99,99,156,306,306,231,231,250,261,294,313,91,191,257,276,371,371,296,315,365,415,425,475,475,475,541,553,553,553],"floor_reached":28,"playtime":2740,"items_purged":["Slimebound:Icky"],"score":318,"play_id":"8820ad3c-53c1-4c23-b838-0e8e121bd1be","local_time":"20201225215521","is_ascension_mode":false,"campfire_choices":[{"floor":1.0,"key":"RECALL"},{"data":"sneckomod:RainOfDice","floor":6.0,"key":"SMITH"},{"data":"1","floor":18.0,"key":"LIFT"},{"data":"2","floor":25,"key":"LIFT"}],"circlet_count":0,"master_deck":["sneckomod:TailWhip","sneckomod:SnekBite","sneckomod:Unknown","sneckomod:Unknown","sneckomod:ImprovisedAttack","sneckomod:UnknownWeak","sneckomod:RainOfDice+1","sneckomod:RainOfDice","sneckomod:UnknownClassSLIMEBOUND","sneckomod:UnlimitedRolls","sneckomod:ImprovisedAttack","sneckomod:Restock","sneckomod:UnknownClassHEXA_GHOST_PURPLE+1","sneckomod:UnknownUncommonPower","sneckomod:UnknownStrike","sneckomod:UnknownCommonSkill","sneckomod:UnknownBlock","sneckomod:UnknownRareAttack","MostiFishMod:EE1D","MostiFishMod:EE1D","MostiFishMod:EE1D","sneckomod:DiceBoulder+1","sneckomod:UnknownCommonSkill","sneckomod:Unknown","sneckomod:UnknownRarePower","sneckomod:UnknownUncommonPower","sneckomod:Unknown3Cost","sneckomod:UnknownVulnerable","sneckomod:UnknownUncommonSkill","Shame","sneckomod:UnknownStrike","sneckomod:WideSting"],"relics":["sneckomod:SneckoSoul","DaveBox","FeatherPendant","downfall:HeartsMalice","Replay:Bottled Snecko","downfall:HeartBlessingRed","Girya","downfall:CloakOfManyFaces","CultistMask","FaceOfCleric","NlothsMask","GremlinMask","SsserpentHead","EE1DDrone","downfall:HeartBlessingBlue","MutagenicStrength","Shovel"],"acts_visited":["Exordium","TheCity"],"potions_floor_usage":[],"damage_taken":[{"damage":0.0,"enemies":"Cultist","floor":2.0,"turns":1.0},{"damage":0.0,"enemies":"3 Sentries","floor":3.0,"turns":1.0},{"damage":0.0,"enemies":"Small Slimes","floor":5.0,"turns":1.0},{"damage":0.0,"enemies":"2 Louse","floor":8.0,"turns":2.0},{"damage":0.0,"enemies":"Lots of Slimes","floor":9.0,"turns":2.0},{"damage":0.0,"enemies":"Gremlin Nob","floor":10.0,"turns":2.0},{"damage":0.0,"enemies":"Large Slime","floor":11.0,"turns":1.0},{"damage":10.0,"enemies":"downfall:FleeingMerchant","floor":12.0,"turns":4.0},{"damage":4.0,"enemies":"downfall:FaceTrader","floor":13.0,"turns":4.0},{"damage":11.0,"enemies":"Exordium Wildlife","floor":14.0,"turns":2.0},{"damage":8.0,"enemies":"Lots of Slimes","floor":15.0,"turns":3.0},{"damage":13.0,"enemies":"downfall:Watcher","floor":16.0,"turns":3.0},{"damage":0.0,"enemies":"Spheric Guardian","floor":19.0,"turns":2.0},{"damage":10,"enemies":"Chosen","floor":22,"turns":3},{"damage":19,"enemies":"Snake Plant","floor":26,"turns":4},{"damage":37,"enemies":"Shelled Parasite and Fungi","floor":27,"turns":3},{"damage":39,"enemies":"Replay:Snechameleon","floor":28,"turns":3}],"seed_played":"347258376351262197","potions_obtained":[{"floor":8.0,"key":"Fire Potion"},{"floor":9.0,"key":"Doom Potion"},{"floor":11.0,"key":"Energy Potion"}],"is_trial":false,"path_per_floor":["R","M","?","?","M","R","T","M","M","E","M","$","?","M","M","B",null,"R","M","?","?","M","?","T","R","M","M","E"],"character_chosen":"THE_SNECKO","items_purchased":["sneckomod:UnknownClassHEXA_GHOST_PURPLE+1","sneckomod:UnknownUncommonPower"],"campfire_rested":0,"item_purchase_floors":[12,12],"current_hp_per_floor":[90,90,91,91,91,91,91,91,92,92,92,92,89,80,74,71,101,111,112,118,118,110,110,110,110,93,66,27,27],"gold":553,"neow_bonus":"THREE_ENEMY_KILL","is_daily":false,"chose_seed":false,"campfire_upgraded":1,"win_rate":0.0,"timestamp":1608904521,"path_taken":["R","M","?","?","M","R","T","M","M","E","M","$","?","?","M","BOSS","R","M","?","?","M","?","T","R","?","M","E"],"items_purchased_type":["Card","Card"],"build_version":"2020-12-22","purchased_purges":1,"victory":false,"max_hp_per_floor":[90,90,91,91,91,91,91,91,92,92,92,94,95,97,99,101,101,111,112,118,118,120,120,120,120,122,123,123,123],"card_choices":[{"not_picked":["sneckomod:UnknownClassPURPLE","sneckomod:ImprovisedGuard"],"picked":"sneckomod:ImprovisedAttack","floor":2.0},{"not_picked":["sneckomod:UnknownCommonAttack","sneckomod:IronFang"],"picked":"sneckomod:UnknownWeak","floor":3.0},{"not_picked":["sneckomod:SnekBeam","sneckomod:DiceCrush"],"picked":"sneckomod:RainOfDice","floor":5.0},{"not_picked":["sneckomod:Unknown1Cost","sneckomod:SoulRoll"],"picked":"sneckomod:RainOfDice","floor":8.0},{"not_picked":["sneckomod:ImprovisedGuard","sneckomod:QuickBite"],"picked":"sneckomod:UnknownClassSLIMEBOUND","floor":9.0},{"not_picked":["sneckomod:IronFang","sneckomod:MasterEye"],"picked":"sneckomod:UnlimitedRolls","floor":10.0},{"not_picked":["sneckomod:RainOfDice","sneckomod:Unknown1Cost"],"picked":"sneckomod:ImprovisedAttack","floor":11.0},{"not_picked":["sneckomod:DiceCrush","sneckomod:CheapStock"],"picked":"sneckomod:Restock","floor":12.0},{"not_picked":["sneckomod:Unknown1Cost","sneckomod:SoulRoll"],"picked":"sneckomod:UnknownStrike","floor":13.0},{"not_picked":["sneckomod:UnknownBlock","sneckomod:ImprovisedAttack"],"picked":"sneckomod:UnknownCommonSkill","floor":14.0},{"not_picked":["sneckomod:CheapStock","sneckomod:UnknownWeak"],"picked":"sneckomod:UnknownBlock","floor":15.0},{"not_picked":["sneckomod:Restock","sneckomod:SoulExchange"],"picked":"sneckomod:UnknownRareAttack","floor":16.0},{"not_picked":["sneckomod:QuickBite","sneckomod:SlitherStrike"],"picked":"sneckomod:DiceBoulder+1","floor":19.0},{"not_picked":["sneckomod:DefensiveFlair","sneckomod:SnekBeam"],"picked":"sneckomod:UnknownUncommonSkill","floor":22},{"not_picked":["sneckomod:UnknownClassBLUE","sneckomod:Unknown1Cost"],"picked":"sneckomod:UnknownStrike","floor":26},{"not_picked":["sneckomod:IronFang","sneckomod:ImprovisedAttack+1"],"picked":"sneckomod:WideSting","floor":27}],"player_experience":52228,"relics_obtained":[{"floor":3.0,"key":"Replay:Bottled Snecko"},{"floor":10.0,"key":"Girya"},{"floor":13.0,"key":"downfall:CloakOfManyFaces"}],"event_choices":[{"damage_healed":0,"gold_gain":0,"player_choice":"Inject Mutagens","damage_taken":0,"relics_obtained":["MutagenicStrength"],"max_hp_gain":0,"max_hp_loss":0,"event_name":"Drug Dealer","floor":21,"gold_loss":0},{"damage_healed":0,"gold_gain":0,"player_choice":"Stole Relic","damage_taken":0,"relics_obtained":["Shovel"],"max_hp_gain":0,"max_hp_loss":0,"event_name":"Addict","floor":23,"gold_loss":0,"cards_obtained":["Shame"]}],"is_beta":false,"boss_relics":[{"not_picked":["Painkiller Herb","RhineSuit"],"picked":"EE1DDrone"}],"items_purged_floors":[12],"is_endless":false,"potions_floor_spawned":[8,9,11,13,14,16,26,27],"killed_by":"Replay:Snechameleon","ascension_level":0}}