{"host":"od099uxc49ip1k8b","time":1608919728,"event":{"mods":["Act Like it!","BaseMod","Downfall","Gensokyo","Hermit","Highlight Path","Koishi","Marisa????????","Minty Spire (QoL Compilation)","Rare Cards Sparkle","Remilia??????","StSLib","Td1madao Mod","The Administrix","The Animator","The Cursed","The Gatherer","The Servant 0.9.4","The Wild Card","Waifu the Spire","WarShipGirlsR/????R mod","Yuyuko"],"gold_per_floor":[114,128,138,149,162,162,162,195,195,211,211,136,136,150,150,150,150,150],"floor_reached":16,"playtime":2115,"items_purged":["Gatherer:StoneFence"],"score":104,"play_id":"408d8345-7794-40c4-9364-656d8c299059","local_time":"20201225130848","is_ascension_mode":false,"metric_token":1425,"campfire_choices":[{"data":"Gatherer:Centralize","floor":6,"key":"SMITH"},{"floor":11,"key":"REST"},{"data":"Gatherer:BambuSword","floor":13,"key":"SMITH"},{"floor":15,"key":"REST"}],"circlet_count":0,"master_deck":["Gatherer:Strike_Gatherer","Gatherer:Strike_Gatherer","Gatherer:Strike_Gatherer","Gatherer:Strike_Gatherer","Gatherer:Strike_Gatherer","Gatherer:Defend_Gatherer","Gatherer:Defend_Gatherer","Gatherer:Defend_Gatherer","Gatherer:Defend_Gatherer","Gatherer:Defend_Gatherer","Gatherer:Centralize+1","Gatherer:FlowerWhip","Gatherer:BambuSword+1","Gatherer:BalancedGrowth","Gatherer:Pollute","Gatherer:ScentOfRosmari","Gatherer:Transmute","Gatherer:TreeGrowth","Gatherer:FlowerShield"],"relics":["Gatherer:AlchemyBag","Ice Cream","Frozen Egg 2"],"acts_visited":["Exordium"],"potions_floor_usage":[8,8,16,16],"damage_taken":[{"damage":0,"enemies":"Small Slimes","floor":1,"turns":3},{"damage":4,"enemies":"Cultist","floor":2,"turns":4},{"damage":1,"enemies":"Jaw Worm","floor":3,"turns":4},{"damage":13,"enemies":"Lots of Slimes","floor":4,"turns":5},{"damage":0,"enemies":"Large Slime","floor":5,"turns":6},{"damage":31,"enemies":"3 Sentries","floor":8,"turns":10},{"damage":11,"enemies":"Exordium Wildlife","floor":10,"turns":3},{"damage":2,"enemies":"2 Fungi Beasts","floor":14,"turns":3},{"damage":100,"enemies":"Hexaghost","floor":16,"turns":19}],"seed_played":"2906240196438559740","potions_obtained":[{"floor":2,"key":"EssenceOfSteel"},{"floor":8,"key":"BloodPotion"},{"floor":10,"key":"ColorlessPotion"},{"floor":14,"key":"DistilledChaos"}],"is_trial":false,"path_per_floor":["M","M","M","M","M","R","?","E","T","M","R","$","R","M","R","B"],"character_chosen":"THE_GATHERER","items_purchased":[],"campfire_rested":2,"item_purchase_floors":[],"current_hp_per_floor":[79,75,74,61,61,61,61,45,45,34,57,57,57,55,78,0,0,0],"gold":150,"neow_bonus":"TEN_PERCENT_HP_BONUS","is_daily":false,"chose_seed":false,"campfire_upgraded":2,"win_rate":0.0,"timestamp":1608919728,"path_taken":["M","M","M","M","M","R","?","E","T","?","R","?","R","M","R","BOSS"],"items_purchased_type":[],"build_version":"2020-12-22","purchased_purges":1,"victory":false,"max_hp_per_floor":[79,79,79,79,79,79,79,79,79,79,79,79,79,79,79,79,79,79],"card_choices":[{"not_picked":["Gatherer:Frenzy","Gatherer:EnergyBasket"],"picked":"Gatherer:BambuSword","floor":1},{"not_picked":["Gatherer:AromaProtection","Gatherer:CollectorsShot"],"picked":"Gatherer:BalancedGrowth","floor":2},{"not_picked":["Gatherer:Polymorphism","Gatherer:QuickSynthesis"],"picked":"Gatherer:Pollute","floor":3},{"not_picked":["Gatherer:FragileHammer","Gatherer:PotentialSlash"],"picked":"Gatherer:ScentOfRosmari","floor":4},{"not_picked":["Gatherer:Polymorphism","Gatherer:CollectorsShot"],"picked":"Gatherer:Transmute","floor":5},{"not_picked":[],"picked":"Gatherer:StoneFence","floor":7},{"not_picked":["Gatherer:SaveValuables","Gatherer:RecipeChange"],"picked":"Gatherer:TreeGrowth","floor":8},{"not_picked":["Gatherer:Convert","Gatherer:BambuSword"],"picked":"Gatherer:FlowerShield","floor":10},{"not_picked":["Gatherer:CarefulStrike","Gatherer:AcidicSpray","Gatherer:SaveValuables"],"picked":"SKIP","floor":14}],"player_experience":93841,"relics_obtained":[{"floor":8,"key":"Ice Cream"},{"floor":9,"key":"Frozen Egg 2"}],"event_choices":[],"is_beta":false,"boss_relics":[],"items_purged_floors":[12],"is_endless":false,"potions_floor_spawned":[2,8,10,14],"killed_by":"Hexaghost","ascension_level":0}}