{"host":"k2x36244ucab5lxq","time":1608934362,"event":{"mods":["2.2 Compatiblity","AchievementEnabler","Act Like it!","Aspiration","BaseMod","Beaked The Cultist","Bestiary","Better Altar","Better Match","Better Note","Better Sensory Stone","Better Skull","Better Third Choice","Better Vampires","BetterRewards","Block Reminder","CatGirl Mod","Clawfect","Clockwork Mod","Colored Map","Conspire","Curses Come First","Downfall","Energized Spire","Gensokyo","GungeonMod","Halation","Hermit","Hubris","Infinite Spire","Jedi Mod","JesterMod","Jorbs\u0027s Wanderer Trilogy","Marisa????????","Marked Mod","Mimic Mod","Minty Spire (QoL Compilation)","Pale of the Ancients","Random Character Button","Rare Cards Sparkle","Relic Sorter","Relic Stats","Replay The Spire","SCP261 Mod","Shop Mod","StSLib","The Administrix","The Alterego","The Blackbeard","The Bladedancer","The Construct","The Cursed","The Disciple","The Judge","The Necromancer","The Problem Sleuth","The Sage","The Servant 0.9.4","The Showman","Transform Curses","Unceasing Turn Reminder","Virulent Crown","egg","everything is the same but u backflip on backflip","slay the spire mod where everything is the same but ironclad has a cowboy hat","thorton"],"gold_per_floor":[115,115,131,144,144,144,10,138,174,185,185,185,185,150,150,252,252,268,281,281,52,22,50,50,66,66,66,97,97,97,97,97,200,200,220,270,270,270,281,281,311,311,311,321,334,334,346,372,372,372,372,372,16,45,45],"floor_reached":56,"playtime":2934,"items_purged":["construct:Strike_Gold","construct:Strike_Gold"],"score":1387,"play_id":"b55fc9e3-401a-4991-a2e7-cda37eb5cc17","local_time":"20201225171242","is_ascension_mode":true,"campfire_choices":[{"data":"construct:HammerDown+1","floor":6,"key":"SMITH"},{"data":"construct:Hazardproof","floor":11,"key":"SMITH"},{"data":"construct:Chainstrike","floor":15,"key":"SMITH"},{"data":"construct:Enhance","floor":24,"key":"SMITH"},{"data":"construct:Enhance+1","floor":29,"key":"SMITH"},{"data":"construct:Versatility+1","floor":32,"key":"SMITH"},{"floor":40,"key":"RECALL"},{"data":"construct:Forcefield","floor":42,"key":"SMITH"},{"data":"infinitespire:Starlight","floor":49,"key":"SMITH"},{"data":"construct:Chainstrike+1","floor":52,"key":"SMITH"}],"circlet_count":0,"master_deck":["construct:Strike_Gold","construct:Strike_Gold","construct:Strike_Gold","construct:Defend_Gold","construct:Defend_Gold","construct:Defend_Gold","construct:Defend_Gold","construct:AttackMode","construct:DefenseMode","construct:HammerDown+2","construct:Reinforce","construct:Hazardproof+2","construct:ClusterMines","construct:Chainstrike+2","construct:Boost","construct:Forcefield+1","construct:Electrocute","construct:SiegeForm","construct:Enhance+2","construct:Versatility+2","infinitespire:Gouge","infinitespire:Starlight+1","Replay:Fractal Strike","construct:SweepLaser"],"relics":["construct:ClockworkPhoenix","DemoMod:ChaffGrenade","hubris:MobiusCoin","Juzu Bracelet","Coffee Dripper","Vajra","conspire:BottledYoYo","Nloth\u0027s Gift","halation:SmartPhone","infinitespire:FocusingShard","conspire:DecoderRing","hubris:ToyBattleship","infinitespire:Satchel","Membership Card","conspire:Dentures","Shuriken"],"acts_visited":["Exordium","TheCity","TheBeyond","TheEnding"],"potions_floor_usage":[16,16,23,25,33,35,39,39,41,47,50],"damage_taken":[{"damage":1,"enemies":"Cultist","floor":1,"turns":4},{"damage":8,"enemies":"Jaw Worm","floor":3,"turns":4},{"damage":0,"enemies":"Small Slimes","floor":4,"turns":4},{"damage":0,"enemies":"hubris:Merchant","floor":5,"turns":1},{"damage":37,"enemies":"Lagavulin","floor":8,"turns":8},{"damage":0,"enemies":"Looter","floor":9,"turns":13},{"damage":7,"enemies":"Looter","floor":10,"turns":4},{"damage":17,"enemies":"The Guardian","floor":16,"turns":8},{"damage":33,"enemies":"Chosen","floor":18,"turns":6},{"damage":4,"enemies":"3 Byrds","floor":19,"turns":7},{"damage":27,"enemies":"Gremlin Leader","floor":23,"turns":6},{"damage":12,"enemies":"Snake Plant","floor":25,"turns":6},{"damage":0,"enemies":"Nightmare","floor":28,"turns":10},{"damage":10,"enemies":"Collector","floor":33,"turns":8},{"damage":0,"enemies":"3 Darklings","floor":35,"turns":6},{"damage":0,"enemies":"Orb Walker","floor":39,"turns":4},{"damage":2,"enemies":"beaked:SuperParasite","floor":41,"turns":6},{"damage":3,"enemies":"Maw","floor":44,"turns":7},{"damage":19,"enemies":"3 Darklings","floor":45,"turns":10},{"damage":0,"enemies":"Sphere and 2 Shapes","floor":47,"turns":4},{"damage":44,"enemies":"Reptomancer","floor":48,"turns":9},{"damage":32,"enemies":"hubris:GrandSnecko","floor":50,"turns":9},{"damage":23,"enemies":"Shield and Spear","floor":54,"turns":5},{"damage":45,"enemies":"The Heart","floor":55,"turns":8}],"seed_played":"5078163893862115577","potions_obtained":[{"floor":8,"key":"champ:CounterPotion"},{"floor":10,"key":"BlessingOfTheForge"},{"floor":19,"key":"Dexterity Potion"},{"floor":22,"key":"Adrenaline Potion"},{"floor":23,"key":"AttackPotion"},{"floor":33,"key":"DistilledChaos"},{"floor":38,"key":"GamblersBrew"},{"floor":38,"key":"SCP261:GirlTearsPotion"},{"floor":38,"key":"DistilledChaos"},{"floor":39,"key":"LiquidBronze"},{"floor":45,"key":"SkillPotion"}],"is_trial":false,"path_per_floor":["M","?","M","M","$","R","$","E","MIM","M","R","?","?","?","R","B",null,"M","M","?","$","?","E","R","M","T","?","NM","R","?","?","R","B",null,"M","AVR","?","?","M","R","E","R","T","M","M","?","M","E","R","B",null,"R","$","E","B",null],"character_chosen":"THE_CONSTRUCT_MOD","items_purchased":["construct:Chainstrike","construct:Boost","Vajra","Membership Card","conspire:Dentures","construct:SweepLaser"],"campfire_rested":0,"item_purchase_floors":[7,7,21,53,53,53],"current_hp_per_floor":[84,84,76,76,76,76,76,39,39,32,32,32,32,53,53,36,85,52,48,48,48,48,21,21,9,9,37,37,37,37,37,37,27,85,85,69,69,69,79,79,77,77,77,82,73,73,83,49,49,32,85,85,77,69,39],"gold":45,"neow_bonus":"ONE_RANDOM_RARE_CARD","is_daily":false,"chose_seed":false,"campfire_upgraded":9,"win_rate":0.0,"timestamp":1608934362,"path_taken":["M","?","?","M","$","R","$","E","MIM","M","R","?","?","?","R","BOSS","M","M","?","$","?","E","R","M","T","?","NM","R","?","?","R","BOSS","M","AVR","?","?","M","R","E","R","T","M","M","?","M","E","R","BOSS","R","$","E","BOSS"],"items_purchased_type":["Card","Card","Relic","Relic","Relic","Card"],"build_version":"2020-12-22","purchased_purges":2,"victory":true,"max_hp_per_floor":[85,85,85,85,85,85,85,85,85,85,85,85,85,85,85,85,85,85,85,85,85,85,85,85,85,85,85,85,85,85,85,85,85,85,85,85,85,85,85,85,85,85,85,85,85,85,85,85,85,85,85,85,85,85,85],"relic_stats":{"counters":[24,157],"Shuriken":[3],"Juzu Bracelet":5,"Nloth\u0027s Gift":4,"obtain_stats":[{"conspire:Dentures":53,"hubris:MobiusCoin":8,"halation:SmartPhone":34,"DemoMod:ChaffGrenade":23,"Vajra":21,"DemoMod:GlassGuonStoneRelic":4,"infinitespire:FocusingShard":36,"Juzu Bracelet":9,"construct:ClockworkPhoenix":0,"Shuriken":54,"conspire:DecoderRing":41,"infinitespire:Satchel":48,"hubris:DeckOfHolding":26,"Coffee Dripper":17,"conspire:BottledYoYo":28,"Nloth\u0027s Gift":31,"hubris:ToyBattleship":46,"Membership Card":53},{"conspire:Dentures":22,"hubris:MobiusCoin":5,"halation:SmartPhone":14,"DemoMod:ChaffGrenade":11,"Vajra":10,"DemoMod:GlassGuonStoneRelic":3,"infinitespire:FocusingShard":15,"Juzu Bracelet":6,"construct:ClockworkPhoenix":0,"Shuriken":23,"conspire:DecoderRing":17,"infinitespire:Satchel":21,"hubris:DeckOfHolding":12,"Coffee Dripper":8,"conspire:BottledYoYo":13,"Nloth\u0027s Gift":13,"hubris:ToyBattleship":19,"Membership Card":22},{"conspire:Dentures":144,"hubris:MobiusCoin":21,"halation:SmartPhone":89,"DemoMod:ChaffGrenade":65,"Vajra":59,"DemoMod:GlassGuonStoneRelic":12,"infinitespire:FocusingShard":95,"Juzu Bracelet":34,"construct:ClockworkPhoenix":0,"Shuriken":149,"conspire:DecoderRing":105,"infinitespire:Satchel":135,"hubris:DeckOfHolding":71,"Coffee Dripper":46,"conspire:BottledYoYo":81,"Nloth\u0027s Gift":81,"hubris:ToyBattleship":122,"Membership Card":144}]},"card_choices":[{"not_picked":["construct:Overcharge","construct:VentSteam"],"picked":"construct:Reinforce","floor":1},{"not_picked":["construct:Forcefield","construct:ShiftStrike"],"picked":"construct:Hazardproof","floor":3},{"not_picked":["construct:Backfire","construct:FierceBash"],"picked":"construct:ClusterMines","floor":4},{"not_picked":["construct:ModeShift","construct:MemoryTap"],"picked":"construct:Forcefield","floor":8},{"not_picked":["construct:CripplingShot","construct:SaveState"],"picked":"construct:Electrocute","floor":10},{"not_picked":["construct:HastyRepair","construct:Multistage"],"picked":"construct:SiegeForm","floor":16},{"not_picked":["construct:Antimatter","construct:SaveState","construct:QuickAttack"],"picked":"SKIP","floor":18},{"not_picked":["construct:UnbalancingBlast","construct:Accumulate","construct:CripplingShot+1"],"picked":"SKIP","floor":19},{"not_picked":["construct:Forcefield","construct:VentSteam"],"picked":"construct:Enhance","floor":23},{"not_picked":["construct:LaserCore","construct:Analyze"],"picked":"construct:Versatility+1","floor":25},{"not_picked":["hubris:Rewind","infinitespire:FutureSight"],"picked":"infinitespire:Gouge","floor":28},{"not_picked":["construct:HammerDown","construct:Electrocute","construct:HyperBeam"],"picked":"SKIP","floor":28},{"not_picked":["construct:Isolate","construct:FocusedBeam","construct:Autoturret"],"picked":"SKIP","floor":35},{"not_picked":["construct:MetalShell","construct:Missile","construct:ModeShift+1"],"picked":"SKIP","floor":39},{"not_picked":["construct:BatteryAcid+1","construct:SpinDrive","construct:Chainstrike+1"],"picked":"SKIP","floor":41},{"not_picked":["construct:Autoturret","construct:SaveState+1","construct:Isolate+1"],"picked":"SKIP","floor":44},{"not_picked":["construct:Chainstrike","construct:Backfire+1","construct:SpinDrive"],"picked":"SKIP","floor":45},{"not_picked":["construct:SweepLaser+1","construct:ShiftGuard+1","construct:SyphonStrike"],"picked":"SKIP","floor":47},{"not_picked":["construct:SuppressiveFire","construct:ChargeShot+1","construct:ElectricArmor"],"picked":"SKIP","floor":48},{"not_picked":["construct:ShiftingStance","construct:Antimatter+1","construct:Missile+1"],"picked":"SKIP","floor":54}],"player_experience":576583,"relics_obtained":[{"floor":8,"key":"hubris:MobiusCoin"},{"floor":9,"key":"Juzu Bracelet"},{"floor":23,"key":"DemoMod:ChaffGrenade"},{"floor":26,"key":"hubris:DeckOfHolding"},{"floor":28,"key":"conspire:BottledYoYo"},{"floor":41,"key":"conspire:DecoderRing"},{"floor":46,"key":"hubris:ToyBattleship"},{"floor":48,"key":"infinitespire:Satchel"},{"floor":54,"key":"Shuriken"}],"event_choices":[{"cards_removed":["construct:Defend_Gold"],"damage_healed":0,"gold_gain":0,"player_choice":"Offered Basic","damage_taken":0,"max_hp_gain":0,"max_hp_loss":0,"event_name":"Bonfire Elementals","floor":13,"gold_loss":0},{"damage_healed":21,"gold_gain":0,"player_choice":"Healed","damage_taken":0,"max_hp_gain":0,"max_hp_loss":0,"event_name":"The Cleric","floor":14,"gold_loss":35},{"damage_healed":28,"gold_gain":0,"player_choice":"Heal","damage_taken":0,"max_hp_gain":0,"max_hp_loss":0,"event_name":"The Library","floor":27,"gold_loss":0},{"damage_healed":0,"gold_gain":0,"player_choice":"Traded Relic","damage_taken":0,"relics_obtained":["Nloth\u0027s Gift"],"max_hp_gain":0,"max_hp_loss":0,"event_name":"N\u0027loth","floor":31,"relics_lost":["hubris:DeckOfHolding"],"gold_loss":0},{"damage_healed":0,"gold_gain":0,"player_choice":"Got Potions","damage_taken":0,"max_hp_gain":0,"max_hp_loss":0,"event_name":"Lab","floor":38,"gold_loss":0},{"damage_healed":0,"gold_gain":0,"player_choice":"Relic","damage_taken":0,"max_hp_gain":0,"max_hp_loss":0,"event_name":"Wheel of Change","floor":46,"gold_loss":0}],"is_beta":false,"boss_relics":[{"not_picked":["energizedSpire:OgreHead","ReplayTheSpireMod:DimensionalGlitch"],"picked":"Coffee Dripper"},{"not_picked":["aspiration:FutureDiary","Calling Bell"],"picked":"halation:SmartPhone"}],"items_purged_floors":[21,53],"is_endless":false,"potions_floor_spawned":[8,10,19,23,33,39,45],"ascension_level":1}}