{"host":"wna8kqr6yweggo4i","time":1608924045,"event":{"mods":["BaseMod","Colored Powertips","Hermit","Hubris","Marisa????????","Minty Spire (QoL Compilation)","StSLib","The Bug Knight"],"gold_per_floor":[112,112,112,112,126,126,152,166,217,217,274,274,274,125,125,222,272,291,9,9,9,25,25,56,56,56,2,28,41,58,71,71,175,175,191,191,211,176,176,176,210,235,314,334,353,95,95,106,106,106,106],"floor_reached":50,"playtime":1450,"items_purged":[],"score":581,"play_id":"999be31b-6cbd-448f-a63b-ca227bb7c253","local_time":"20201225132045","is_ascension_mode":false,"campfire_choices":[{"floor":6,"key":"REST"},{"data":"BlazeAway","floor":10,"key":"SMITH"},{"data":"SprinkleStarSeal","floor":13,"key":"SMITH"},{"data":"MysteriousBeam","floor":15,"key":"SMITH"},{"data":"GalacticHalo","floor":23,"key":"SMITH"},{"data":"1","floor":25,"key":"LIFT"},{"data":"2","floor":32,"key":"LIFT"},{"data":"3","floor":40,"key":"LIFT"},{"floor":47,"key":"RECALL"},{"data":"PropBag","floor":49,"key":"SMITH"}],"circlet_count":0,"master_deck":["Strike_MRS+1","Strike_MRS+1","Strike_MRS+1","Strike_MRS+1","Defend_MRS+1","Defend_MRS+1","Defend_MRS+1","Defend_MRS+1","MasterSpark","UpSweep","MilkyWay+1","MysteriousBeam+1","BlazeAway+1","SprinkleStarSeal+1","JA+1","PropBag+1","GalacticHalo+1","DoubleSpark","WitchLeyline","Parasite","Parasite","PowerUp+1","ChargingUp+1","WitchLeyline","SuperNova","WitchLeyline","Parasite","EnergyFlow","Parasite"],"relics":["MiniHakkero","hubris:Towel","Blood Vial","Nunchaku","CaptainsWheel","Bag of Marbles","Lee\u0027s Waffle","Tiny House","hubris:SphereOfDissonance","MutagenicStrength","Girya","hubris:Potato","ShroomBag","Coffee Dripper","PreservedInsect","hubris:CrystalStatue","hubris:PeanutButter","Letter Opener"],"acts_visited":["Exordium","TheCity","TheBeyond"],"potions_floor_usage":[7,16,28,33,50,50,50],"damage_taken":[{"damage":0,"enemies":"Small Slimes","floor":1,"turns":3},{"damage":0,"enemies":"2 Louse","floor":5,"turns":2},{"damage":6,"enemies":"Gremlin Nob","floor":7,"turns":4},{"damage":1,"enemies":"Cultist","floor":8,"turns":3},{"damage":8,"enemies":"Gremlin Nob","floor":11,"turns":3},{"damage":14,"enemies":"Slime Boss","floor":16,"turns":7},{"damage":0,"enemies":"Chosen","floor":18,"turns":1},{"damage":0,"enemies":"Spheric Guardian","floor":22,"turns":1},{"damage":12,"enemies":"Book of Stabbing","floor":24,"turns":3},{"damage":25,"enemies":"Gremlin Leader","floor":28,"turns":4},{"damage":4,"enemies":"Centurion and Healer","floor":29,"turns":4},{"damage":0,"enemies":"Chosen and Byrds","floor":30,"turns":3},{"damage":3,"enemies":"Snecko","floor":31,"turns":4},{"damage":12,"enemies":"Collector","floor":33,"turns":4},{"damage":0,"enemies":"Orb Walker","floor":35,"turns":2},{"damage":10,"enemies":"3 Darklings","floor":37,"turns":3},{"damage":0,"enemies":"HollowMod:StalkingDevout","floor":41,"turns":3},{"damage":0,"enemies":"Spire Growth","floor":44,"turns":1},{"damage":3,"enemies":"Writhing Mass","floor":45,"turns":3},{"damage":11,"enemies":"Maw","floor":48,"turns":5},{"damage":93,"enemies":"Awakened One","floor":50,"turns":9}],"seed_played":"-2303498800243783341","potions_obtained":[{"floor":0,"key":"SpeedPotion"},{"floor":0,"key":"SneckoOil"},{"floor":0,"key":"Dexterity Potion"},{"floor":7,"key":"Fire Potion"},{"floor":16,"key":"Dexterity Potion"},{"floor":17,"key":"Explosive Potion"},{"floor":29,"key":"Swift Potion"},{"floor":33,"key":"Block Potion"},{"floor":35,"key":"BottledSpark"}],"is_trial":false,"path_per_floor":["M","?","?","?","M","R","E","M","T","R","?","T","R","$","R","B",null,"M","$","?","?","M","R","E","R","T","$","E","M","M","M","R","B",null,"M","?","M","$","?","R","E","T","T","M","M","$","R","M","R","B"],"character_chosen":"MARISA","items_purchased":["Lee\u0027s Waffle","hubris:SphereOfDissonance","ChargeUpSpray","WitchLeyline","EnergyFlow","hubris:PeanutButter"],"campfire_rested":1,"item_purchase_floors":[14,19,19,27,38,46],"current_hp_per_floor":[75,75,60,60,60,75,69,70,70,70,64,64,64,82,82,68,87,87,87,87,87,87,87,75,75,75,75,52,54,56,57,57,49,87,87,87,79,79,79,79,83,83,83,87,84,84,84,78,78,0,0],"gold":106,"neow_bonus":"THREE_SMALL_POTIONS","is_daily":false,"chose_seed":false,"campfire_upgraded":5,"win_rate":0.0,"timestamp":1608924045,"path_taken":["M","?","?","?","?","R","E","M","T","R","?","?","R","$","R","BOSS","M","$","?","?","M","R","E","R","T","$","E","M","M","M","R","BOSS","M","?","?","$","?","R","E","?","T","M","M","$","R","M","R","BOSS"],"items_purchased_type":["Relic","Relic","Card","Card","Card","Relic"],"build_version":"2020-12-22","purchased_purges":0,"victory":false,"max_hp_per_floor":[75,75,75,75,75,75,75,75,75,75,75,75,75,82,82,82,87,87,87,87,87,87,87,87,87,87,87,87,87,87,87,87,87,87,87,87,87,87,87,87,87,87,87,87,87,87,87,87,87,87,87],"card_choices":[{"not_picked":["NonDirectionalLaser","LuminesStrike"],"picked":"MilkyWay","floor":1},{"not_picked":["NonDirectionalLaser","StarlightTyphoon"],"picked":"MysteriousBeam","floor":5},{"not_picked":["GravityBeat","WitchOfGreed","StarlightTyphoon"],"picked":"SKIP","floor":7},{"not_picked":["WitchOfGreed","SatelliteIllusion"],"picked":"BlazeAway","floor":8},{"not_picked":["GrandCross","UnstableBomb"],"picked":"SprinkleStarSeal","floor":11},{"not_picked":["ManaRampage","EscapeVelocity"],"picked":"JA","floor":16},{"not_picked":["GravityBeat","Robbery"],"picked":"PropBag","floor":17},{"not_picked":["IllusionStar","NonDirectionalLaser","OneTimeOff"],"picked":"SKIP","floor":18},{"not_picked":["WitchOfGreed","TreasureHunter"],"picked":"GalacticHalo","floor":22},{"not_picked":["SuperNova","UnstableBomb"],"picked":"DoubleSpark","floor":24},{"not_picked":["MeteoricShower","WitchOfGreed"],"picked":"PowerUp+1","floor":28},{"not_picked":["UnstableBomb","ManaConvection","GravityBeat+1"],"picked":"SKIP","floor":29},{"not_picked":["ChargeUpSpray","OortCloud"],"picked":"ChargingUp+1","floor":30},{"not_picked":["DoubleSpark","ShootTheMoon"],"picked":"WitchLeyline","floor":31},{"not_picked":["BlazingStar","StarDustReverie"],"picked":"SuperNova","floor":33},{"not_picked":["MilkyWay+1","MeteoricShower+1"],"picked":"WitchLeyline","floor":35},{"not_picked":["Robbery","EnergyFlow","SuperPerseids"],"picked":"SKIP","floor":37},{"not_picked":["AlicesGift+1","DarkMatter","OpenUniverse+1"],"picked":"SKIP","floor":41},{"not_picked":["DoubleSpark+1","RefractionSpark","FairyDestructionRay+1"],"picked":"SKIP","floor":44},{"not_picked":["LuminesStrike+1","Singularity","Orbital+1"],"picked":"SKIP","floor":45},{"not_picked":["IllusionStar","ManaConvection","PowerUp"],"picked":"SKIP","floor":48}],"player_experience":393823,"relics_obtained":[{"floor":7,"key":"Blood Vial"},{"floor":9,"key":"Nunchaku"},{"floor":11,"key":"CaptainsWheel"},{"floor":12,"key":"Bag of Marbles"},{"floor":24,"key":"Girya"},{"floor":26,"key":"hubris:Potato"},{"floor":28,"key":"ShroomBag"},{"floor":41,"key":"PreservedInsect"},{"floor":43,"key":"hubris:CrystalStatue"}],"event_choices":[{"damage_healed":0,"gold_gain":0,"player_choice":"Entered Light","damage_taken":15,"max_hp_gain":0,"max_hp_loss":0,"event_name":"Shining Light","floor":3,"gold_loss":0,"cards_upgraded":["MilkyWay","Strike_MRS"]},{"damage_healed":0,"gold_gain":0,"player_choice":"Ignored","damage_taken":0,"max_hp_gain":0,"max_hp_loss":0,"event_name":"Purifier","floor":4,"gold_loss":0},{"damage_healed":0,"gold_gain":0,"player_choice":"Searched \u00271\u0027 times","damage_taken":0,"max_hp_gain":0,"max_hp_loss":0,"event_name":"Dead Adventurer","floor":11,"gold_loss":0},{"damage_healed":0,"gold_gain":0,"player_choice":"Inject Mutagens","damage_taken":0,"relics_obtained":["MutagenicStrength"],"max_hp_gain":0,"max_hp_loss":0,"event_name":"Drug Dealer","floor":20,"gold_loss":0},{"damage_healed":0,"gold_gain":0,"player_choice":"Simplicity","damage_taken":0,"max_hp_gain":0,"max_hp_loss":0,"event_name":"Back to Basics","floor":21,"gold_loss":0,"cards_upgraded":["Strike_MRS","Strike_MRS","Strike_MRS","Defend_MRS","Defend_MRS","Defend_MRS","Defend_MRS"]},{"damage_healed":0,"gold_gain":0,"player_choice":"Copied","damage_taken":0,"max_hp_gain":0,"max_hp_loss":0,"event_name":"Duplicator","floor":36,"gold_loss":0,"cards_obtained":["Parasite"]},{"cards_removed":["ChargeUpSpray"],"damage_healed":0,"gold_gain":0,"player_choice":"Removed Attack","damage_taken":0,"max_hp_gain":0,"max_hp_loss":0,"event_name":"Falling","floor":39,"gold_loss":0}],"is_beta":false,"boss_relics":[{"not_picked":["SacredBark","BewitchedHakkero"],"picked":"Tiny House"},{"not_picked":["Empty Cage","Pandora\u0027s Box"],"picked":"Coffee Dripper"}],"items_purged_floors":[],"is_endless":false,"potions_floor_spawned":[7,16,18,29,30,33,35,45],"killed_by":"Awakened One","ascension_level":0}}