{"host":"ji1fk25fd1ga4ji1","time":1608892022,"event":{"mods":["2.2 Compatiblity","BaseMod","Colored Map","DeckTracker","Minty Spire (QoL Compilation)","Permanent Neow","Quick Restart","StSLib","SuperFastMode"],"gold_per_floor":[115,290,290,290,24,53,63,93,118,118,133,168,93,107,107,204,204,223,223,123,123,140,169,44,56,79,79,79,108,108,124,124,219,219,234,279,22,41,41,68,68,80,80,80,97,111,123,28,28,28],"floor_reached":51,"playtime":1143,"items_purged":["Strike_G","Strike_G","Strike_G"],"score":898,"play_id":"e556cedc-e584-4f48-9a73-7689b0d687cd","local_time":"20201225192702","is_ascension_mode":true,"campfire_choices":[{"floor":10.0,"key":"REST"},{"data":"Blade Dance","floor":15.0,"key":"SMITH"},{"data":"Adrenaline","floor":27,"key":"SMITH"},{"data":"Burst","floor":30,"key":"SMITH"},{"data":"Cloak And Dagger","floor":32,"key":"SMITH"},{"data":"After Image","floor":41,"key":"SMITH"},{"data":"Distraction","floor":44,"key":"SMITH"},{"data":"Accuracy","floor":49,"key":"SMITH"}],"circlet_count":0,"master_deck":["Survivor","Neutralize","Dagger Throw+1","Slice","Catalyst","Quick Slash","Dagger Throw","All Out Attack","Blade Dance+1","Adrenaline+1","Blade Dance+1","Burst+1","Cloak And Dagger+1","After Image+1","All Out Attack","Predator","Masterful Stab","Blur","Grand Finale","Die Die Die","Distraction+1","Backflip+1","Cloak And Dagger","Accuracy+1"],"relics":["Black Star","Question Card","Toy Ornithopter","PreservedInsect","Matryoshka","Eternal Feather","Orichalcum","Whetstone","Shuriken","Tough Bandages","Ancient Tea Set","HornCleat","Art of War","Anchor","Lantern","CaptainsWheel","Pandora\u0027s Box","Torii","Kunai","Omamori","Mummified Hand","Pen Nib"],"acts_visited":["Exordium","TheCity","TheBeyond"],"potions_floor_usage":[23,33,50,50],"damage_taken":[{"damage":1.0,"enemies":"Jaw Worm","floor":1.0,"turns":6.0},{"damage":49.0,"enemies":"Lagavulin","floor":6.0,"turns":9.0},{"damage":1.0,"enemies":"2 Louse","floor":7.0,"turns":3.0},{"damage":0.0,"enemies":"Gremlin Nob","floor":8.0,"turns":2.0},{"damage":3.0,"enemies":"Small Slimes","floor":11.0,"turns":3.0},{"damage":15.0,"enemies":"Lagavulin","floor":12.0,"turns":4.0},{"damage":2.0,"enemies":"Blue Slaver","floor":14.0,"turns":3.0},{"damage":14.0,"enemies":"Slime Boss","floor":16.0,"turns":8.0},{"damage":9.0,"enemies":"2 Thieves","floor":18.0,"turns":4.0},{"damage":0.0,"enemies":"3 Byrds","floor":22.0,"turns":3.0},{"damage":6,"enemies":"Book of Stabbing","floor":23,"turns":3},{"damage":2,"enemies":"Centurion and Healer","floor":25,"turns":4},{"damage":0,"enemies":"Slavers","floor":29,"turns":3},{"damage":0,"enemies":"Chosen and Byrds","floor":31,"turns":4},{"damage":37,"enemies":"Automaton","floor":33,"turns":8},{"damage":0,"enemies":"3 Darklings","floor":35,"turns":4},{"damage":9,"enemies":"2 Orb Walkers","floor":36,"turns":4},{"damage":0,"enemies":"Orb Walker","floor":38,"turns":2},{"damage":23,"enemies":"Nemesis","floor":40,"turns":7},{"damage":0,"enemies":"Transient","floor":42,"turns":5},{"damage":0,"enemies":"4 Shapes","floor":45,"turns":2},{"damage":1,"enemies":"Sphere and 2 Shapes","floor":46,"turns":3},{"damage":0,"enemies":"3 Darklings","floor":47,"turns":4},{"damage":0,"enemies":"Awakened One","floor":50,"turns":7}],"seed_played":"-7250573299051144921","potions_obtained":[{"floor":1.0,"key":"Ancient Potion"},{"floor":6.0,"key":"Strength Potion"},{"floor":7.0,"key":"SteroidPotion"},{"floor":12.0,"key":"Explosive Potion"},{"floor":14.0,"key":"SteroidPotion"},{"floor":25,"key":"CunningPotion"},{"floor":33,"key":"Dexterity Potion"}],"is_trial":false,"path_per_floor":["M","?","?","?","$","E","M","E","T","R","M","E","$","M","R","B",null,"M","?","$","?","M","E","$","M","T","R","$","E","R","M","R","B",null,"M","?","$","M","?","E","R","M","T","R","M","M","M","$","R","B",null],"character_chosen":"THE_SILENT","items_purchased":["Question Card","Slice","Kunai","GhostInAJar"],"campfire_rested":1,"item_purchase_floors":[5,5,37,48],"current_hp_per_floor":[69,69,69,62,62,13,12,17,17,47,44,29,29,27,36,22,70,61,61,61,61,61,60,60,58,58,67,67,67,70,70,70,33,70,70,61,61,61,61,38,50,50,50,62,62,61,61,61,70,70],"gold":28,"neow_bonus":"BOSS_RELIC","is_daily":false,"chose_seed":false,"campfire_upgraded":7,"win_rate":0.0,"timestamp":1608892022,"path_taken":["M","?","?","?","$","E","M","E","T","R","M","E","?","M","R","BOSS","M","?","?","?","M","E","$","M","T","R","$","E","R","M","R","BOSS","M","?","$","M","?","E","R","?","T","R","M","M","M","$","R","BOSS"],"items_purchased_type":["Relic","Card","Relic","Potion"],"build_version":"2020-12-22","purchased_purges":3,"victory":true,"max_hp_per_floor":[70,70,70,70,70,70,70,70,70,70,70,70,70,70,70,70,70,70,70,70,70,70,70,70,70,70,70,70,70,70,70,70,70,70,70,70,70,70,70,70,70,70,70,70,70,70,70,70,70,70],"card_choices":[{"not_picked":["Flechettes","Outmaneuver"],"picked":"Dagger Throw","floor":1.0},{"not_picked":["Caltrops","Well Laid Plans","Outmaneuver"],"picked":"Catalyst","floor":6.0},{"not_picked":["Sucker Punch","Slice","Deflect"],"picked":"Quick Slash","floor":7.0},{"not_picked":["Tools of the Trade","Endless Agony","Accuracy"],"picked":"Dagger Throw","floor":8.0},{"not_picked":["Underhanded Strike","Predator","Sucker Punch","Bane"],"picked":"SKIP","floor":11.0},{"not_picked":["Choke","Endless Agony","Bane"],"picked":"All Out Attack","floor":12.0},{"not_picked":["Underhanded Strike","Grand Finale","Prepared"],"picked":"Blade Dance","floor":14.0},{"not_picked":["Burst","Malaise","Wraith Form v2"],"picked":"Adrenaline","floor":16.0},{"not_picked":["Outmaneuver","Dodge and Roll+1","Poisoned Stab+1"],"picked":"Blade Dance","floor":18.0},{"not_picked":["Bane","Heel Hook","Dagger Throw","PiercingWail"],"picked":"SKIP","floor":22.0},{"not_picked":["Poisoned Stab","Caltrops+1","Sucker Punch+1","Dagger Spray"],"picked":"SKIP","floor":23},{"not_picked":["Escape Plan","Expertise","Night Terror","Deflect"],"picked":"SKIP","floor":25},{"not_picked":["Finisher","Doppelganger","A Thousand Cuts"],"picked":"Burst","floor":29},{"not_picked":["Flying Knee","Poisoned Stab","Quick Slash+1"],"picked":"Cloak And Dagger","floor":31},{"not_picked":["Bullet Time","Venomology","Envenom"],"picked":"After Image","floor":33},{"not_picked":["All Out Attack","Outmaneuver","PiercingWail+1","Quick Slash+1"],"picked":"SKIP","floor":35},{"not_picked":["All Out Attack+1","Crippling Poison+1","Backstab"],"picked":"Backflip+1","floor":38},{"not_picked":["Endless Agony","Catalyst","Caltrops+1","Deadly Poison+1"],"picked":"SKIP","floor":40},{"not_picked":["Setup+1","Burst","Distraction+1","Sucker Punch+1"],"picked":"SKIP","floor":42},{"not_picked":["Backstab","Acrobatics","Blur+1"],"picked":"Cloak And Dagger","floor":45},{"not_picked":["Skewer","Quick Slash+1","Noxious Fumes","Doppelganger"],"picked":"SKIP","floor":46},{"not_picked":["Sucker Punch+1","Poisoned Stab+1","PiercingWail+1"],"picked":"Accuracy","floor":47}],"player_experience":1223286,"relics_obtained":[{"floor":6.0,"key":"Toy Ornithopter"},{"floor":6.0,"key":"PreservedInsect"},{"floor":8.0,"key":"Matryoshka"},{"floor":8.0,"key":"Eternal Feather"},{"floor":9.0,"key":"Orichalcum"},{"floor":9.0,"key":"Whetstone"},{"floor":12.0,"key":"Shuriken"},{"floor":12.0,"key":"Tough Bandages"},{"floor":23,"key":"Ancient Tea Set"},{"floor":23,"key":"HornCleat"},{"floor":26,"key":"Art of War"},{"floor":26,"key":"Anchor"},{"floor":29,"key":"Lantern"},{"floor":29,"key":"CaptainsWheel"},{"floor":36,"key":"Torii"},{"floor":40,"key":"Omamori"},{"floor":40,"key":"Mummified Hand"},{"floor":43,"key":"Pen Nib"}],"event_choices":[{"damage_healed":0.0,"max_hp_gain":0.0,"max_hp_loss":0.0,"gold_gain":175.0,"event_name":"Liars Game","player_choice":"AGREE","floor":2.0,"gold_loss":0.0,"damage_taken":0.0,"cards_obtained":["Doubt"]},{"damage_healed":0.0,"max_hp_gain":0.0,"max_hp_loss":0.0,"gold_gain":0.0,"event_name":"Scrap Ooze","player_choice":"Fled","floor":3.0,"gold_loss":0.0,"damage_taken":0.0},{"cards_removed":["Doubt"],"damage_healed":0.0,"max_hp_gain":0.0,"max_hp_loss":0.0,"gold_gain":0.0,"event_name":"Golden Wing","player_choice":"Card Removal","floor":4.0,"gold_loss":0.0,"damage_taken":7.0},{"damage_healed":0.0,"max_hp_gain":0.0,"max_hp_loss":0.0,"gold_gain":0.0,"event_name":"Accursed Blacksmith","player_choice":"Forge","floor":19.0,"gold_loss":0.0,"damage_taken":0.0,"cards_upgraded":["Blade Dance"]},{"damage_healed":0.0,"max_hp_gain":0.0,"max_hp_loss":0.0,"gold_gain":0.0,"event_name":"Vampires","player_choice":"Ignored","floor":21.0,"gold_loss":0.0,"damage_taken":0.0},{"damage_healed":0,"gold_gain":0,"player_choice":"Fight","damage_taken":0,"max_hp_gain":0,"max_hp_loss":0,"event_name":"Mysterious Sphere","floor":36,"gold_loss":0},{"damage_healed":0,"gold_gain":0,"player_choice":"Ignored","damage_taken":0,"max_hp_gain":0,"max_hp_loss":0,"event_name":"NoteForYourself","floor":39,"gold_loss":0}],"is_beta":false,"boss_relics":[{"not_picked":["Calling Bell","Snecko Eye","Coffee Dripper"]},{"not_picked":["SacredBark","Velvet Choker"],"picked":"Pandora\u0027s Box"}],"items_purged_floors":[13,20,24],"is_endless":false,"potions_floor_spawned":[1,6,7,12,14,22,25,31,33,35,40,46],"ascension_level":1}}