{"host":"mqhvlr3kpxebko0t","time":1608865178,"event":{"mods":["AchievementEnabler","BaseMod","Colored Map","Keyboard Shortcuts","Minty Spire (QoL Compilation)","StSLib","SuperFastMode"],"gold_per_floor":[118,118,118,77,2,35,51,51,120,120,133,133,144,163,163,163,163],"floor_reached":16,"playtime":181,"items_purged":["Defend_G"],"score":225,"play_id":"a998a968-b37b-4440-a807-087fe77ffce8","local_time":"20201225115938","is_ascension_mode":true,"campfire_choices":[{"data":"Neutralize","floor":8,"key":"SMITH"},{"data":"Footwork","floor":15,"key":"SMITH"}],"circlet_count":0,"master_deck":["AscendersBane","Strike_G","Strike_G","Strike_G","Strike_G","Defend_G","Defend_G","Defend_G","Defend_G","Survivor","Neutralize+1","Reflex","Footwork+1","Blur","Backstab","Backflip"],"relics":["Ring of the Snake","NeowsBlessing","WingedGreaves","Bottled Tornado","Akabeko"],"acts_visited":["Exordium"],"potions_floor_usage":[],"damage_taken":[{"damage":0,"enemies":"Cultist","floor":1,"turns":1},{"damage":0,"enemies":"Gremlin Nob","floor":6,"turns":1},{"damage":0,"enemies":"2 Louse","floor":7,"turns":1},{"damage":1,"enemies":"Jaw Worm","floor":11,"turns":4},{"damage":10,"enemies":"Lots of Slimes","floor":13,"turns":8},{"damage":0,"enemies":"Blue Slaver","floor":14,"turns":4},{"damage":0,"enemies":"Hexaghost","floor":16,"turns":2}],"seed_played":"2878024271565657732","potions_obtained":[{"floor":10,"key":"EssenceOfSteel"},{"floor":10,"key":"ColorlessPotion"},{"floor":11,"key":"Explosive Potion"},{"floor":13,"key":"DuplicationPotion"}],"is_trial":false,"path_per_floor":["M","?","?","$","$","E","M","R","T","?","M","?","M","M","R","B"],"character_chosen":"THE_SILENT","items_purchased":["Footwork"],"campfire_rested":0,"item_purchase_floors":[4],"current_hp_per_floor":[59,64,57,57,57,57,57,57,57,57,56,56,46,46,46,46,46],"gold":163,"neow_bonus":"THREE_ENEMY_KILL","is_daily":false,"chose_seed":false,"campfire_upgraded":2,"win_rate":0.0,"timestamp":1608865178,"path_taken":["M","?","?","?","$","E","?","R","T","?","?","?","M","?","R","BOSS"],"items_purchased_type":["Card"],"build_version":"2020-12-22","purchased_purges":1,"victory":false,"max_hp_per_floor":[66,71,71,71,71,71,71,71,71,71,71,71,71,71,71,71,71],"card_choices":[{"not_picked":["Deflect","Outmaneuver"],"picked":"Reflex","floor":1},{"not_picked":["Flying Knee","Quick Slash"],"picked":"Blur","floor":6},{"not_picked":["Calculated Gamble","Catalyst"],"picked":"Backstab","floor":7},{"not_picked":["Dagger Throw","Deadly Poison"],"picked":"Backflip","floor":11},{"not_picked":["Underhanded Strike","Skewer","Poisoned Stab"],"picked":"SKIP","floor":13},{"not_picked":["Outmaneuver","Infinite Blades","PiercingWail"],"picked":"SKIP","floor":14}],"player_experience":683782,"relics_obtained":[{"floor":6,"key":"WingedGreaves"},{"floor":9,"key":"Bottled Tornado"}],"event_choices":[{"damage_healed":0,"gold_gain":0,"player_choice":"Donut","damage_taken":0,"max_hp_gain":5,"max_hp_loss":0,"event_name":"Big Fish","floor":2,"gold_loss":0},{"cards_removed":["Strike_G"],"damage_healed":0,"gold_gain":0,"player_choice":"Card Removal","damage_taken":7,"max_hp_gain":0,"max_hp_loss":0,"event_name":"Golden Wing","floor":3,"gold_loss":0},{"damage_healed":0,"gold_gain":0,"player_choice":"Got Potions","damage_taken":0,"max_hp_gain":0,"max_hp_loss":0,"event_name":"Lab","floor":10,"gold_loss":0},{"damage_healed":0,"gold_gain":0,"player_choice":"Gave Potion","damage_taken":0,"relics_obtained":["Akabeko"],"max_hp_gain":0,"max_hp_loss":0,"event_name":"WeMeetAgain","floor":12,"gold_loss":0}],"is_beta":false,"boss_relics":[],"items_purged_floors":[5],"is_endless":false,"potions_floor_spawned":[11,13],"killed_by":"Hexaghost","ascension_level":16}}