{"host":"4edbuligkc8x13l4","time":1608902651,"event":{"mods":["BaseMod","Minty Spire (QoL Compilation)","StSLib","SuperFastMode"],"gold_per_floor":[114,39,56,56,56,88,88,105,128,128,128,159,169,7,7,79,79,90,70,0,0,0],"floor_reached":21,"playtime":574,"items_purged":[],"score":389,"play_id":"d6aab892-76c7-4c24-ac8d-ffce6188c9fc","local_time":"20201225212411","is_ascension_mode":true,"campfire_choices":[{"data":"Sword Boomerang","floor":7,"key":"SMITH"},{"floor":15,"key":"REST"}],"circlet_count":0,"master_deck":["AscendersBane","Strike_R+1","Strike_R","Strike_R","Defend_R","Defend_R","Defend_R","Bash","Sword Boomerang+1","Fire Breathing","Burning Pact+1","Flame Barrier","Feel No Pain","Havoc","Limit Break","Sword Boomerang","Sword Boomerang+1"],"relics":["Burning Blood","NeowsBlessing","Omamori","Bag of Preparation","Dream Catcher","Centennial Puzzle","Membership Card","Busted Crown"],"acts_visited":["Exordium","TheCity"],"potions_floor_usage":[16,16],"damage_taken":[{"damage":0,"enemies":"Small Slimes","floor":1,"turns":1},{"damage":0,"enemies":"Jaw Worm","floor":3,"turns":1},{"damage":0,"enemies":"Lagavulin","floor":6,"turns":1},{"damage":5,"enemies":"2 Louse","floor":8,"turns":3},{"damage":18,"enemies":"3 Sentries","floor":12,"turns":5},{"damage":19,"enemies":"Large Slime","floor":13,"turns":6},{"damage":31,"enemies":"The Guardian","floor":16,"turns":12},{"damage":34,"enemies":"Spheric Guardian","floor":18,"turns":8},{"damage":27,"enemies":"2 Thieves","floor":20,"turns":5},{"damage":11,"enemies":"Shelled Parasite and Fungi","floor":21,"turns":2}],"seed_played":"-8985323744844286008","potions_obtained":[{"floor":6,"key":"DistilledChaos"},{"floor":12,"key":"AttackPotion"},{"floor":16,"key":"Strength Potion"},{"floor":19,"key":"SneckoOil"}],"is_trial":false,"path_per_floor":["M","?","M","?","T","E","R","M","T","?","?","E","M","$","R","B",null,"M","?","M","M"],"character_chosen":"IRONCLAD","items_purchased":["Membership Card"],"campfire_rested":1,"item_purchase_floors":[14],"current_hp_per_floor":[74,74,75,68,68,74,74,75,75,52,52,40,27,27,49,24,62,34,34,13,2,2],"gold":0,"neow_bonus":"THREE_ENEMY_KILL","is_daily":false,"chose_seed":false,"campfire_upgraded":1,"win_rate":0.0,"timestamp":1608902651,"path_taken":["M","?","M","?","?","E","R","?","T","?","?","E","?","$","R","BOSS","M","?","M","M"],"items_purchased_type":["Relic"],"build_version":"2020-12-22","purchased_purges":0,"victory":false,"max_hp_per_floor":[75,75,75,75,75,75,75,75,75,75,75,75,75,75,75,75,75,75,75,75,75,75],"card_choices":[{"not_picked":["Havoc","Body Slam"],"picked":"Sword Boomerang","floor":1},{"not_picked":["Reckless Charge","Anger"],"picked":"Fire Breathing","floor":3},{"not_picked":["Thunderclap","Anger"],"picked":"Burning Pact","floor":6},{"not_picked":["Iron Wave","Heavy Blade"],"picked":"Flame Barrier","floor":8},{"not_picked":["Ghostly Armor","Sever Soul","Iron Wave"],"picked":"SKIP","floor":12},{"not_picked":["Warcry","Bludgeon"],"picked":"Feel No Pain","floor":13},{"not_picked":["Pummel","Bloodletting"],"picked":"Havoc","floor":15},{"not_picked":["Brutality","Barricade"],"picked":"Limit Break","floor":16},{"not_picked":[],"picked":"Sword Boomerang","floor":18},{"not_picked":[],"picked":"Sword Boomerang+1","floor":20}],"player_experience":916269,"relics_obtained":[{"floor":5,"key":"Omamori"},{"floor":6,"key":"Bag of Preparation"},{"floor":9,"key":"Dream Catcher"},{"floor":12,"key":"Centennial Puzzle"}],"event_choices":[{"cards_removed":["Strike_R"],"damage_healed":0,"gold_gain":0,"player_choice":"Card Removal","damage_taken":0,"max_hp_gain":0,"max_hp_loss":0,"event_name":"The Cleric","floor":2,"gold_loss":75},{"cards_removed":["Strike_R"],"damage_healed":0,"gold_gain":0,"player_choice":"Card Removal","damage_taken":7,"max_hp_gain":0,"max_hp_loss":0,"event_name":"Golden Wing","floor":4,"gold_loss":0},{"damage_healed":0,"gold_gain":0,"player_choice":"Entered Light","damage_taken":23,"max_hp_gain":0,"max_hp_loss":0,"event_name":"Shining Light","floor":10,"gold_loss":0,"cards_upgraded":["Burning Pact","Strike_R"]},{"cards_removed":["Defend_R"],"damage_healed":0,"gold_gain":0,"player_choice":"Offered Basic","damage_taken":0,"max_hp_gain":0,"max_hp_loss":0,"event_name":"Bonfire Elementals","floor":11,"gold_loss":0},{"damage_healed":0,"gold_gain":0,"player_choice":"Bought 1 Potion","damage_taken":0,"max_hp_gain":0,"max_hp_loss":0,"event_name":"The Woman in Blue","floor":19,"gold_loss":0}],"is_beta":false,"boss_relics":[{"not_picked":["Tiny House","Empty Cage"],"picked":"Busted Crown"}],"items_purged_floors":[],"is_endless":false,"potions_floor_spawned":[6,12,16],"killed_by":"Shelled Parasite and Fungi","ascension_level":17}}