{"host":"4akf6f7tvzk9vus6","time":1608879357,"event":{"mods":["BaseMod","Downfall","Minty Spire (QoL Compilation)","StSLib"],"gold_per_floor":[113,128,128,128,128,128,167,167,167,167,188,188,207,247,247,368,368,384,72,72,111,125,125,166,166,166,185,7,25,25,49,49,180,180,193,207,62,62,62,62,88,88,111,124,187,187,187,252,252,252],"floor_reached":51,"playtime":7485,"items_purged":["Strike_G","Defend_G"],"score":773,"play_id":"96d705cd-5e4d-460d-85c4-48abfc380700","local_time":"20201225005557","is_ascension_mode":true,"campfire_choices":[{"data":"Backflip","floor":6,"key":"SMITH"},{"data":"Quick Slash","floor":8,"key":"SMITH"},{"data":"Calculated Gamble","floor":10,"key":"SMITH"},{"data":"Deflect","floor":12,"key":"SMITH"},{"data":"Finisher","floor":15,"key":"SMITH"},{"floor":23,"key":"REST"},{"floor":32,"key":"REST"},{"data":"After Image","floor":40,"key":"SMITH"},{"data":"Accuracy","floor":42,"key":"SMITH"},{"floor":47,"key":"REST"},{"floor":49,"key":"REST"}],"circlet_count":0,"master_deck":["Strike_G","Strike_G","Strike_G","Strike_G","Defend_G","Defend_G","Defend_G","Defend_G","Survivor","Neutralize","Backflip+1","Quick Slash+1","Calculated Gamble+1","Deflect+1","Finisher+1","Corpse Explosion","Blade Dance+1","Noxious Fumes","Footwork+1","Quick Slash+1","Noxious Fumes","Blade Dance+1","After Image+1","Deflect+1","Accuracy+1","Blade Dance+1","Outmaneuver+1","Deflect+1","Secret Technique"],"relics":["Ring of the Snake","NeowsBlessing","Ninja Scroll","Golden Idol","Lizard Tail","Shuriken","Lantern","SlaversCollar","Toolbox","Nilry\u0027s Codex","Red Mask","Juzu Bracelet","StoneCalendar","WristBlade","War Paint","Art of War","Happy Flower","Torii","Thread and Needle"],"acts_visited":["Exordium","TheCity","TheBeyond"],"potions_floor_usage":[31,31,33,33,44,50,50,50,50],"damage_taken":[{"damage":0,"enemies":"Small Slimes","floor":1,"turns":1},{"damage":0,"enemies":"2 Louse","floor":2,"turns":1},{"damage":0,"enemies":"Gremlin Nob","floor":7,"turns":1},{"damage":1,"enemies":"Jaw Worm","floor":11,"turns":2},{"damage":1,"enemies":"Blue Slaver","floor":13,"turns":2},{"damage":13,"enemies":"Lagavulin","floor":14,"turns":8},{"damage":22,"enemies":"Slime Boss","floor":16,"turns":11},{"damage":7,"enemies":"Chosen","floor":18,"turns":4},{"damage":0,"enemies":"Masked Bandits","floor":21,"turns":1},{"damage":3,"enemies":"Shell Parasite","floor":22,"turns":5},{"damage":8,"enemies":"Slavers","floor":24,"turns":3},{"damage":10,"enemies":"Shelled Parasite and Fungi","floor":27,"turns":5},{"damage":12,"enemies":"Snecko","floor":29,"turns":7},{"damage":15,"enemies":"Snake Plant","floor":31,"turns":4},{"damage":18,"enemies":"Champ","floor":33,"turns":7},{"damage":0,"enemies":"3 Darklings","floor":35,"turns":1},{"damage":1,"enemies":"Orb Walker","floor":36,"turns":3},{"damage":25,"enemies":"Transient","floor":44,"turns":5},{"damage":20,"enemies":"Mind Bloom Boss Battle","floor":45,"turns":7},{"damage":9,"enemies":"2 Orb Walkers","floor":48,"turns":2},{"damage":26,"enemies":"Awakened One","floor":50,"turns":6}],"seed_played":"-9058376121250236279","potions_obtained":[{"floor":2,"key":"Guardian:BlockOnCardUsePotion"},{"floor":11,"key":"sneckomod:MuddlingPotion"},{"floor":21,"key":"PowerPotion"},{"floor":22,"key":"PowerPotion"},{"floor":31,"key":"Slimebound:ThreeZeroPotion"},{"floor":35,"key":"EntropicBrew"},{"floor":36,"key":"DuplicationPotion"},{"floor":44,"key":"Poison Potion"}],"is_trial":false,"path_per_floor":["M","M","?","?","?","R","E","R","T","R","M","R","M","E","R","B",null,"M","$","?","?","M","R","E","?","T","M","$","M","$","M","R","B",null,"M","M","$","?","$","R","T","R","T","M","?","?","R","?","R","B",null],"character_chosen":"THE_SILENT","items_purchased":["Toolbox","Noxious Fumes","After Image","War Paint"],"campfire_rested":4,"item_purchase_floors":[19,19,28,37],"current_hp_per_floor":[70,70,70,65,65,65,65,65,65,65,64,64,63,50,50,28,65,58,58,42,42,39,58,50,50,50,40,40,28,28,13,32,14,65,65,64,64,64,64,64,64,64,64,39,19,19,38,29,48,22],"gold":252,"neow_bonus":"THREE_ENEMY_KILL","is_daily":false,"chose_seed":false,"campfire_upgraded":7,"win_rate":0.0,"timestamp":1608879357,"path_taken":["M","M","?","?","?","R","E","R","T","R","M","R","M","E","R","BOSS","M","$","?","?","M","R","E","?","T","M","$","M","?","M","R","BOSS","M","M","$","?","?","R","?","R","T","M","?","?","R","?","R","BOSS"],"items_purchased_type":["Relic","Card","Card","Relic"],"build_version":"2020-12-22","purchased_purges":2,"victory":true,"max_hp_per_floor":[70,70,70,65,65,65,65,65,65,65,65,65,65,65,65,65,65,65,65,65,65,65,65,65,65,65,65,65,65,65,65,65,65,65,65,65,65,65,65,65,65,65,65,65,65,65,65,65,65,65],"card_choices":[{"not_picked":["Underhanded Strike","Dagger Spray"],"picked":"Backflip","floor":1},{"not_picked":["Dodge and Roll","Sucker Punch"],"picked":"Quick Slash","floor":2},{"not_picked":["Concentrate","Endless Agony"],"picked":"Calculated Gamble","floor":7},{"not_picked":["Dodge and Roll","Acrobatics"],"picked":"Deflect","floor":11},{"not_picked":["Backflip","Quick Slash"],"picked":"Finisher","floor":13},{"not_picked":["Dagger Spray","Leg Sweep","All Out Attack"],"picked":"SKIP","floor":14},{"not_picked":["Grand Finale","Doppelganger"],"picked":"Corpse Explosion","floor":16},{"not_picked":["PiercingWail","Poisoned Stab"],"picked":"Blade Dance","floor":18},{"not_picked":["Deflect+1","Terror+1"],"picked":"Footwork+1","floor":21},{"not_picked":["Skewer","Concentrate"],"picked":"Quick Slash+1","floor":22},{"not_picked":["Heel Hook","Poisoned Stab","Predator"],"picked":"SKIP","floor":24},{"not_picked":["Deflect","Dodge and Roll"],"picked":"Blade Dance+1","floor":27},{"not_picked":["Dagger Spray","Flechettes"],"picked":"Deflect+1","floor":29},{"not_picked":["All Out Attack","Catalyst+1"],"picked":"Accuracy","floor":31},{"not_picked":["Calculated Gamble+1","Catalyst"],"picked":"Blade Dance","floor":35},{"not_picked":["Prepared+1","Flying Knee+1"],"picked":"Outmaneuver+1","floor":36},{"not_picked":["Underhanded Strike+1","Deadly Poison","Dodge and Roll"],"picked":"SKIP","floor":44},{"not_picked":["Quick Slash","Distraction"],"picked":"Deflect+1","floor":45},{"not_picked":["Mayhem","Blind"],"picked":"Secret Technique","floor":46}],"player_experience":281869,"relics_obtained":[{"floor":7,"key":"Lizard Tail"},{"floor":9,"key":"Shuriken"},{"floor":14,"key":"Lantern"},{"floor":20,"key":"Nilry\u0027s Codex"},{"floor":21,"key":"Red Mask"},{"floor":24,"key":"Juzu Bracelet"},{"floor":26,"key":"StoneCalendar"},{"floor":41,"key":"Art of War"},{"floor":43,"key":"Happy Flower"},{"floor":45,"key":"Torii"},{"floor":48,"key":"Thread and Needle"}],"event_choices":[{"damage_healed":0,"gold_gain":0,"player_choice":"Box","damage_taken":0,"relics_obtained":["Ninja Scroll"],"max_hp_gain":0,"max_hp_loss":0,"event_name":"Big Fish","floor":3,"gold_loss":0,"cards_obtained":["Regret"]},{"damage_healed":0,"gold_gain":0,"player_choice":"Lose Max HP","damage_taken":0,"relics_obtained":["Golden Idol"],"max_hp_gain":0,"max_hp_loss":5,"event_name":"Golden Idol","floor":4,"gold_loss":0},{"cards_removed":["Regret"],"damage_healed":0,"gold_gain":0,"player_choice":"Forget","damage_taken":0,"max_hp_gain":0,"max_hp_loss":0,"event_name":"Living Wall","floor":5,"gold_loss":0},{"damage_healed":0,"gold_gain":0,"player_choice":"Obtained Book","damage_taken":16,"max_hp_gain":0,"max_hp_loss":0,"event_name":"Cursed Tome","floor":20,"gold_loss":0},{"damage_healed":0,"gold_gain":0,"player_choice":"Fought Bandits","damage_taken":0,"max_hp_gain":0,"max_hp_loss":0,"event_name":"Masked Bandits","floor":21,"gold_loss":0},{"damage_healed":0,"gold_gain":0,"player_choice":"Read","damage_taken":0,"max_hp_gain":0,"max_hp_loss":0,"event_name":"The Library","floor":25,"gold_loss":0,"cards_obtained":["Noxious Fumes"]},{"damage_healed":0,"gold_gain":0,"player_choice":"Ignored","damage_taken":0,"max_hp_gain":0,"max_hp_loss":0,"event_name":"SecretPortal","floor":38,"gold_loss":0},{"damage_healed":0,"gold_gain":0,"player_choice":"Fight","damage_taken":0,"max_hp_gain":0,"max_hp_loss":0,"event_name":"MindBloom","floor":45,"gold_loss":0},{"damage_healed":0,"gold_gain":0,"player_choice":"Memory 1","damage_taken":0,"max_hp_gain":0,"max_hp_loss":0,"event_name":"SensoryStone","floor":46,"gold_loss":0},{"damage_healed":0,"gold_gain":0,"player_choice":"Fight","damage_taken":0,"max_hp_gain":0,"max_hp_loss":0,"event_name":"Mysterious Sphere","floor":48,"gold_loss":0}],"is_beta":false,"boss_relics":[{"not_picked":["Cursed Key","Runic Dome"],"picked":"SlaversCollar"},{"not_picked":["Empty Cage","Velvet Choker"],"picked":"WristBlade"}],"items_purged_floors":[19,28],"is_endless":false,"potions_floor_spawned":[2,11,21,22,31,35,36,44],"ascension_level":4}}