{"host":"pjgcdp3h1plnbocs","time":1608906434,"event":{"mods":["AchievementEnabler","BaseMod","Colored Map","Highlight Path","Minty Spire (QoL Compilation)"],"gold_per_floor":[113,67,78,95,95,128,141,141,141,176,188,208,222,256,256,359,409,429,445,462,462,462],"floor_reached":21,"playtime":1018,"items_purged":[],"score":277,"play_id":"7a3f1576-595f-4439-98a9-0bf2f2c32bea","local_time":"20201225152714","is_ascension_mode":true,"campfire_choices":[{"data":"Zap","floor":8,"key":"SMITH"},{"data":"1","floor":15,"key":"LIFT"}],"circlet_count":0,"master_deck":["Strike_B","Strike_B","Strike_B","Strike_B","Defend_B","Defend_B","Defend_B+1","Defend_B","Zap+1","Dualcast","Sweeping Beam","Gash","Gash","Chill","Machine Learning","Coolheaded","Redo","Reprogram"],"relics":["Cracked Core","Kunai","FossilizedHelix","Girya","Lantern","Orichalcum","Tiny House"],"acts_visited":["Exordium","TheCity"],"potions_floor_usage":[16,19],"damage_taken":[{"damage":0,"enemies":"Small Slimes","floor":1,"turns":3},{"damage":0,"enemies":"Cultist","floor":3,"turns":3},{"damage":2,"enemies":"2 Louse","floor":4,"turns":3},{"damage":15,"enemies":"3 Sentries","floor":6,"turns":9},{"damage":0,"enemies":"Red Slaver","floor":7,"turns":2},{"damage":11,"enemies":"Lagavulin","floor":10,"turns":6},{"damage":0,"enemies":"2 Fungi Beasts","floor":11,"turns":3},{"damage":0,"enemies":"Exordium Thugs","floor":12,"turns":4},{"damage":15,"enemies":"Gremlin Gang","floor":13,"turns":5},{"damage":1,"enemies":"3 Sentries","floor":14,"turns":6},{"damage":22,"enemies":"Hexaghost","floor":16,"turns":9},{"damage":12,"enemies":"Spheric Guardian","floor":18,"turns":4},{"damage":1,"enemies":"Chosen","floor":19,"turns":6},{"damage":48,"enemies":"Snecko","floor":20,"turns":7},{"damage":8,"enemies":"Snake Plant","floor":21,"turns":2}],"seed_played":"5685316165238492932","potions_obtained":[{"floor":4,"key":"Ancient Potion"},{"floor":10,"key":"EssenceOfSteel"},{"floor":11,"key":"SneckoOil"},{"floor":13,"key":"SpeedPotion"},{"floor":16,"key":"PowerPotion"},{"floor":20,"key":"LiquidBronze"}],"is_trial":false,"path_per_floor":["M","$","M","M","?","E","M","R","T","E","M","M","M","E","R","B",null,"M","M","M","M"],"character_chosen":"DEFECT","items_purchased":["Gash"],"campfire_rested":0,"item_purchase_floors":[2],"current_hp_per_floor":[75,75,75,73,73,58,58,58,58,47,47,47,32,31,31,9,69,57,56,8,0,0],"gold":462,"neow_bonus":"TEN_PERCENT_HP_BONUS","is_daily":false,"chose_seed":false,"campfire_upgraded":1,"win_rate":0.0,"timestamp":1608906434,"path_taken":["M","$","M","M","?","E","M","R","T","E","?","M","M","E","R","BOSS","M","M","M","M"],"items_purchased_type":["Card"],"build_version":"2020-12-22","purchased_purges":0,"victory":false,"max_hp_per_floor":[82,82,82,82,82,82,82,82,82,82,82,82,82,82,82,82,87,87,87,87,87,87],"card_choices":[{"not_picked":["Beam Cell","Streamline"],"picked":"Sweeping Beam","floor":1},{"not_picked":["Leap","Sweeping Beam"],"picked":"Gash","floor":3},{"not_picked":["Steam","Genetic Algorithm"],"picked":"Chill","floor":4},{"not_picked":["Aggregate","Recycle","Auto Shields"],"picked":"SKIP","floor":6},{"not_picked":["Genetic Algorithm","Machine Learning","Rebound"],"picked":"SKIP","floor":7},{"not_picked":["Melter","Storm","Hologram"],"picked":"SKIP","floor":10},{"not_picked":["Loop","Steam","Stack"],"picked":"SKIP","floor":11},{"not_picked":["Steam","Turbo","Streamline"],"picked":"SKIP","floor":12},{"not_picked":["Ball Lightning","Fusion","Doom and Gloom"],"picked":"SKIP","floor":13},{"not_picked":["Sunder","Tempest","Double Energy"],"picked":"SKIP","floor":14},{"not_picked":["Core Surge","Hyperbeam"],"picked":"Machine Learning","floor":16},{"not_picked":["Glacier","Compile Driver"],"picked":"Coolheaded","floor":17},{"not_picked":["Coolheaded","Blizzard+1"],"picked":"Redo","floor":18},{"not_picked":["Lockon","Aggregate","Loop"],"picked":"SKIP","floor":19},{"not_picked":["Ball Lightning","Chaos","Reprogram"],"picked":"SKIP","floor":20},{"not_picked":["Ball Lightning","Chaos"],"picked":"Reprogram","floor":20}],"player_experience":142412,"relics_obtained":[{"floor":6,"key":"FossilizedHelix"},{"floor":9,"key":"Girya"},{"floor":10,"key":"Lantern"},{"floor":14,"key":"Orichalcum"}],"event_choices":[{"damage_healed":0,"gold_gain":0,"player_choice":"Gave Potion","damage_taken":0,"relics_obtained":["Kunai"],"max_hp_gain":0,"max_hp_loss":0,"event_name":"WeMeetAgain","floor":5,"gold_loss":0}],"is_beta":false,"boss_relics":[{"not_picked":["Astrolabe","Runic Dome"],"picked":"Tiny House"}],"items_purged_floors":[],"is_endless":false,"potions_floor_spawned":[4,10,11,13,16,20],"killed_by":"Snake Plant","ascension_level":7}}