{"host":"sav7uxregyirlf69","time":1608869993,"event":{"mods":["AchievementEnabler","BaseMod","Colored Map","DeckTracker","Keyboard Shortcuts","Minty Spire (QoL Compilation)","READ ME - Guardian Mod","StSLib","SuperFastMode"],"gold_per_floor":[112,37,56,56,17,42,42,75,100,100,100],"floor_reached":10,"playtime":125,"items_purged":["Strike_G"],"score":198,"play_id":"18e9b7eb-6ff0-420c-bff3-32fff1364362","local_time":"20201225131953","is_ascension_mode":true,"campfire_choices":[{"data":"Neutralize","floor":7,"key":"SMITH"}],"circlet_count":0,"master_deck":["AscendersBane","Strike_G","Strike_G","Strike_G","Defend_G","Defend_G","Defend_G","Defend_G","Defend_G","Survivor","Neutralize+1","Dash","Heel Hook","Blade Dance","Backflip"],"relics":["Ring of the Snake","NeowsBlessing","Ancient Tea Set","Regal Pillow","Juzu Bracelet"],"acts_visited":["Exordium"],"potions_floor_usage":[8],"damage_taken":[{"damage":0,"enemies":"2 Louse","floor":1,"turns":1},{"damage":0,"enemies":"Jaw Worm","floor":3,"turns":1},{"damage":0,"enemies":"3 Sentries","floor":6,"turns":2},{"damage":27,"enemies":"Gremlin Nob","floor":8,"turns":4},{"damage":42,"enemies":"Lagavulin","floor":10,"turns":8}],"seed_played":"-1468028037606993345","potions_obtained":[{"floor":1,"key":"Poison Potion"}],"is_trial":false,"path_per_floor":["M","$","M","?","$","E","R","E","T","E"],"character_chosen":"THE_SILENT","items_purchased":["Heel Hook"],"campfire_rested":0,"item_purchase_floors":[5],"current_hp_per_floor":[59,59,59,52,52,52,52,25,25,0,0],"gold":100,"neow_bonus":"THREE_ENEMY_KILL","is_daily":false,"chose_seed":false,"campfire_upgraded":1,"win_rate":0.0,"timestamp":1608869993,"path_taken":["M","$","M","?","$","E","R","E","T","E"],"items_purchased_type":["Card"],"build_version":"2020-12-22","purchased_purges":1,"victory":false,"max_hp_per_floor":[66,66,66,66,66,66,66,66,66,66,66],"card_choices":[{"not_picked":["Endless Agony","Infinite Blades"],"picked":"Dash","floor":1},{"not_picked":["Acrobatics","Outmaneuver","Riddle With Holes"],"picked":"SKIP","floor":3},{"not_picked":["Backflip","Bouncing Flask"],"picked":"Blade Dance","floor":6},{"not_picked":["Tools of the Trade","Outmaneuver"],"picked":"Backflip","floor":8}],"player_experience":1007104,"relics_obtained":[{"floor":6,"key":"Ancient Tea Set"},{"floor":8,"key":"Regal Pillow"},{"floor":9,"key":"Juzu Bracelet"}],"event_choices":[{"cards_removed":["Strike_G"],"damage_healed":0,"gold_gain":0,"player_choice":"Card Removal","damage_taken":7,"max_hp_gain":0,"max_hp_loss":0,"event_name":"Golden Wing","floor":4,"gold_loss":0}],"is_beta":false,"boss_relics":[],"items_purged_floors":[2],"is_endless":false,"potions_floor_spawned":[1],"killed_by":"Lagavulin","ascension_level":20}}