{"host":"od099uxc49ip1k8b","time":1608938577,"event":{"mods":["Act Like it!","BaseMod","Downfall","Gensokyo","Hermit","Highlight Path","Koishi","Marisa????????","Minty Spire (QoL Compilation)","Rare Cards Sparkle","Remilia??????","StSLib","Td1madao Mod","The Administrix","The Animator","The Cursed","The Gatherer","The Servant 0.9.4","The Wild Card","Waifu the Spire","WarShipGirlsR/????R mod","Yuyuko"],"gold_per_floor":[110,122,141,155,169,169,169,200,200,200,213,223,223,240,240,343,343,359,371,390,305,315,315,315,315,315,315,327,40,40,52,52,154,154,174,189,200,212,228,228,228,228,251,265,265,265,265,164,164,164],"floor_reached":51,"playtime":3896,"items_purged":["Guardian:Aged","sneckomod:Bewildered"],"score":630,"play_id":"9e61b4fc-cc46-4595-a0ac-d29d10a49901","local_time":"20201225182257","is_ascension_mode":false,"campfire_choices":[{"floor":6,"key":"REST"},{"floor":13,"key":"REST"},{"floor":15,"key":"REST"},{"floor":23,"key":"REST"},{"floor":25,"key":"REST"},{"data":"Shrug It Off","floor":27,"key":"SMITH"},{"data":"Apotheosis","floor":30,"key":"SMITH"},{"data":"Perfected Strike","floor":32,"key":"SMITH"},{"floor":40,"key":"REST"},{"floor":42,"key":"REST"},{"data":"Shrug It Off","floor":45,"key":"SMITH"},{"data":"Ghostly Armor","floor":49,"key":"SMITH"}],"circlet_count":0,"master_deck":["Strike_R","Strike_R","Strike_R","Strike_R","Strike_R","Defend_R","Defend_R","Defend_R","Defend_R","Sword Boomerang","Pommel Strike","Cleave","Ghostly Armor+1","Shrug It Off+1","Inflame","Rampage","Limit Break","Shrug It Off+1","Berserk","Perfected Strike+1","Clash+1","Cleave","Rage","Demon Form","Ghostly Armor+1","Apotheosis+1","CurseOfTheBell","Seeing Red+1","Sword Boomerang+1","Double Tap","Bloodletting+1"],"relics":["SacredBark","Bird Faced Urn","Darkstone Periapt","Cursed Key","Pantograph","Ginger","Membership Card","Calling Bell","Dream Catcher","HornCleat","FossilizedHelix","Bag of Preparation"],"acts_visited":["Exordium","TheCity","TheBeyond"],"potions_floor_usage":[8,16,16,22,22,28,33,37,39,44,50,50],"damage_taken":[{"damage":3,"enemies":"2 Louse","floor":1,"turns":3},{"damage":5,"enemies":"Small Slimes","floor":2,"turns":4},{"damage":1,"enemies":"Jaw Worm","floor":3,"turns":4},{"damage":0,"enemies":"Exordium Wildlife","floor":4,"turns":2},{"damage":12,"enemies":"Exordium Thugs","floor":5,"turns":5},{"damage":34,"enemies":"3 Sentries","floor":8,"turns":12},{"damage":13,"enemies":"2 Fungi Beasts","floor":11,"turns":3},{"damage":5,"enemies":"3 Louse","floor":12,"turns":2},{"damage":11,"enemies":"Exordium Wildlife","floor":14,"turns":4},{"damage":23,"enemies":"Slime Boss","floor":16,"turns":9},{"damage":18,"enemies":"Shell Parasite","floor":18,"turns":5},{"damage":4,"enemies":"3 Byrds","floor":19,"turns":5},{"damage":47,"enemies":"Sentry and Sphere","floor":20,"turns":6},{"damage":2,"enemies":"Chosen and Byrds","floor":22,"turns":4},{"damage":17,"enemies":"Centurion and Healer","floor":28,"turns":7},{"damage":8,"enemies":"Snecko","floor":31,"turns":3},{"damage":66,"enemies":"Automaton","floor":33,"turns":7},{"damage":0,"enemies":"3 Shapes","floor":35,"turns":3},{"damage":0,"enemies":"Orb Walker","floor":36,"turns":4},{"damage":53,"enemies":"Transient","floor":37,"turns":5},{"damage":5,"enemies":"3 Darklings","floor":38,"turns":6},{"damage":21,"enemies":"Spire Growth","floor":39,"turns":5},{"damage":20,"enemies":"Transient","floor":44,"turns":5},{"damage":87,"enemies":"Awakened One","floor":50,"turns":7}],"seed_played":"-1314194851651722679","potions_obtained":[{"floor":3,"key":"Slimebound:ThreeZeroPotion"},{"floor":5,"key":"LiquidMemories"},{"floor":11,"key":"Weak Potion"},{"floor":16,"key":"FearPotion"},{"floor":19,"key":"PowerPotion"},{"floor":20,"key":"HeartOfIron"},{"floor":31,"key":"champ:CounterPotion"},{"floor":33,"key":"Explosive Potion"},{"floor":38,"key":"Strength Potion"},{"floor":39,"key":"hexamod:EctoCoolerPotion"}],"is_trial":false,"path_per_floor":["M","M","M","M","M","R","?","E","T","?","M","M","R","M","R","B",null,"M","M","M","?","M","R","?","R","T","R","M","$","R","M","R","B",null,"M","M","M","M","M","R","?","R","T","M","R","?","?","$","R","B",null],"character_chosen":"IRONCLAD","items_purchased":["Membership Card","Apotheosis","Block Potion","FearPotion"],"campfire_rested":7,"item_purchase_floors":[29,29,48,48],"current_hp_per_floor":[77,72,71,71,59,80,80,46,46,39,28,23,47,38,62,41,80,64,64,19,19,25,49,49,73,79,79,68,68,68,64,64,22,92,92,92,39,36,19,46,46,73,79,63,63,63,63,63,63,7],"gold":164,"neow_bonus":"BOSS_RELIC","is_daily":false,"chose_seed":false,"campfire_upgraded":5,"win_rate":0.0,"timestamp":1608938577,"path_taken":["M","M","M","M","M","R","?","E","T","?","M","M","R","M","R","BOSS","M","M","M","?","M","R","?","R","T","R","M","$","R","M","R","BOSS","M","M","M","M","M","R","?","R","T","M","R","?","?","$","R","BOSS"],"items_purchased_type":["Relic","Card","Potion","Potion"],"build_version":"2020-12-22","purchased_purges":2,"victory":true,"max_hp_per_floor":[80,80,80,80,80,80,80,80,80,80,80,80,80,80,80,80,80,80,80,80,80,80,80,80,80,86,86,86,86,86,86,86,86,92,92,92,92,92,92,92,92,92,98,98,98,98,98,98,98,98],"card_choices":[{"not_picked":["Heavy Blade","Whirlwind"],"picked":"Sword Boomerang","floor":1},{"not_picked":["Warcry","Clothesline"],"picked":"Pommel Strike","floor":2},{"not_picked":["Searing Blow","Dual Wield"],"picked":"Cleave","floor":3},{"not_picked":["Entrench","Spot Weakness"],"picked":"Ghostly Armor","floor":4},{"not_picked":["Feel No Pain","Double Tap"],"picked":"Shrug It Off","floor":5},{"not_picked":["Seeing Red","Clothesline"],"picked":"Inflame","floor":8},{"not_picked":["Cleave","Power Through"],"picked":"Rampage","floor":11},{"not_picked":["Pommel Strike","Combust"],"picked":"Limit Break","floor":12},{"not_picked":["Clothesline","Twin Strike"],"picked":"Shrug It Off","floor":14},{"not_picked":["Corruption","Fiend Fire"],"picked":"Berserk","floor":16},{"not_picked":["Fire Breathing","Clash"],"picked":"Perfected Strike","floor":18},{"not_picked":["Whirlwind","Sever Soul"],"picked":"Clash+1","floor":19},{"not_picked":["Blood for Blood","Thunderclap"],"picked":"Cleave","floor":20},{"not_picked":["Warcry","Pommel Strike"],"picked":"Rage","floor":22},{"not_picked":[],"picked":"Demon Form","floor":24},{"not_picked":["Headbutt","True Grit+1"],"picked":"Ghostly Armor","floor":28},{"not_picked":["Feel No Pain+1","Sword Boomerang","Thunderclap"],"picked":"SKIP","floor":31},{"not_picked":["Thunderclap+1","Body Slam+1"],"picked":"Seeing Red+1","floor":35},{"not_picked":["Flame Barrier","Body Slam"],"picked":"Sword Boomerang+1","floor":36},{"not_picked":["Feel No Pain","Twin Strike+1","Iron Wave"],"picked":"SKIP","floor":37},{"not_picked":["Clothesline","Twin Strike+1","Sword Boomerang"],"picked":"SKIP","floor":38},{"not_picked":["Dropkick+1","Armaments","Carnage+1"],"picked":"SKIP","floor":39},{"not_picked":["Heavy Blade+1","Headbutt+1"],"picked":"Double Tap","floor":40},{"not_picked":["Burning Pact","Clothesline+1"],"picked":"Bloodletting+1","floor":42},{"not_picked":["Shockwave+1","Feel No Pain+1","Iron Wave+1"],"picked":"SKIP","floor":44}],"player_experience":110634,"relics_obtained":[{"floor":8,"key":"Bird Faced Urn"},{"floor":9,"key":"Darkstone Periapt"},{"floor":26,"key":"Ginger"},{"floor":34,"key":"Dream Catcher"},{"floor":34,"key":"HornCleat"},{"floor":34,"key":"FossilizedHelix"},{"floor":43,"key":"Bag of Preparation"}],"event_choices":[{"damage_healed":0,"gold_gain":0,"player_choice":"Grow","damage_taken":0,"max_hp_gain":0,"max_hp_loss":0,"event_name":"Living Wall","floor":7,"gold_loss":0,"cards_upgraded":["Ghostly Armor"]},{"cards_removed":["Bash"],"damage_healed":0,"gold_gain":0,"player_choice":"Card Removal","damage_taken":7,"max_hp_gain":0,"max_hp_loss":0,"event_name":"Golden Wing","floor":10,"gold_loss":0},{"damage_healed":0,"gold_gain":0,"player_choice":"Obtained Relic","damage_taken":0,"relics_obtained":["Pantograph"],"max_hp_gain":0,"max_hp_loss":0,"event_name":"Addict","floor":21,"gold_loss":85},{"damage_healed":0,"gold_gain":0,"player_choice":"Memory 1","damage_taken":0,"max_hp_gain":0,"max_hp_loss":0,"event_name":"SensoryStone","floor":41,"gold_loss":0},{"damage_healed":0,"gold_gain":0,"player_choice":"Ignored","damage_taken":0,"max_hp_gain":0,"max_hp_loss":0,"event_name":"Tomb of Lord Red Mask","floor":46,"gold_loss":0},{"damage_healed":0,"gold_gain":0,"player_choice":"Ignored","damage_taken":0,"max_hp_gain":0,"max_hp_loss":0,"event_name":"Mysterious Sphere","floor":47,"gold_loss":0}],"is_beta":false,"boss_relics":[{"not_picked":["Velvet Choker","Empty Cage"],"picked":"Cursed Key"},{"not_picked":["Runic Pyramid","SlaversCollar"],"picked":"Calling Bell"}],"items_purged_floors":[29,48],"is_endless":false,"potions_floor_spawned":[3,5,11,16,19,20,31,33,38,39],"ascension_level":0}}