{"host":"baymyijz6sxaqj5s","time":1608884918,"event":{"mods":["AchievementEnabler","BaseMod","Colored Map","Colored Powertips","DeckTracker","KOR Keyword Fix","Keyboard Shortcuts","Minty Spire (QoL Compilation)","Quick Restart","StSLib","SuperFastMode"],"gold_per_floor":[115,125,138,138,138,138,151,185,185,185,203,234,234,249,249,249,249],"floor_reached":16,"playtime":495,"items_purged":[],"score":118,"play_id":"1a596836-b865-4826-bff3-6b931c44c35d","local_time":"20201225172838","is_ascension_mode":true,"campfire_choices":[{"data":"Shrug It Off","floor":6,"key":"SMITH"},{"floor":10,"key":"REST"},{"data":"Armaments","floor":15,"key":"SMITH"}],"circlet_count":0,"master_deck":["Strike_R","Strike_R","Strike_R","Strike_R+1","Defend_R","Defend_R","Defend_R","Defend_R+1","Bash","Twin Strike","Shrug It Off+1","Ghostly Armor","Shrug It Off","Reaper+1","Armaments+1"],"relics":["Burning Blood","Vajra","Molten Egg 2","White Beast Statue"],"acts_visited":["Exordium"],"potions_floor_usage":[12,12,16],"damage_taken":[{"damage":8,"enemies":"Jaw Worm","floor":1,"turns":6},{"damage":0,"enemies":"Small Slimes","floor":2,"turns":3},{"damage":3,"enemies":"2 Louse","floor":3,"turns":3},{"damage":1,"enemies":"2 Fungi Beasts","floor":7,"turns":3},{"damage":44,"enemies":"Lagavulin","floor":8,"turns":10},{"damage":0,"enemies":"Red Slaver","floor":11,"turns":4},{"damage":2,"enemies":"3 Sentries","floor":12,"turns":7},{"damage":13,"enemies":"Lots of Slimes","floor":14,"turns":5},{"damage":91,"enemies":"Slime Boss","floor":16,"turns":19}],"seed_played":"7355410047361662391","potions_obtained":[{"floor":7,"key":"Explosive Potion"},{"floor":11,"key":"ColorlessPotion"},{"floor":14,"key":"SkillPotion"}],"is_trial":false,"path_per_floor":["M","M","M","?","?","R","M","E","T","R","M","E","?","M","R","B"],"character_chosen":"IRONCLAD","items_purchased":[],"campfire_rested":1,"item_purchase_floors":[],"current_hp_per_floor":[86,88,88,70,63,63,68,30,30,56,62,66,66,81,81,0,0],"gold":249,"neow_bonus":"TEN_PERCENT_HP_BONUS","is_daily":false,"chose_seed":false,"campfire_upgraded":2,"win_rate":0.0,"timestamp":1608884918,"path_taken":["M","M","M","?","?","R","M","E","T","R","M","E","?","M","R","BOSS"],"items_purchased_type":[],"build_version":"2020-12-22","purchased_purges":0,"victory":false,"max_hp_per_floor":[88,88,88,88,88,88,88,88,88,88,88,88,88,88,88,88,88],"card_choices":[{"not_picked":["Havoc","Dual Wield"],"picked":"Twin Strike","floor":1},{"not_picked":["Burning Pact","Anger","Iron Wave"],"picked":"SKIP","floor":2},{"not_picked":["Infernal Blade","Reckless Charge"],"picked":"Shrug It Off","floor":3},{"not_picked":["Burning Pact","Pummel"],"picked":"Ghostly Armor","floor":7},{"not_picked":["Shockwave","Immolate"],"picked":"Shrug It Off","floor":8},{"not_picked":["Iron Wave+1","Wild Strike+1","Feel No Pain"],"picked":"SKIP","floor":11},{"not_picked":["Shrug It Off","Bludgeon+1"],"picked":"Reaper+1","floor":12},{"not_picked":["True Grit","Iron Wave+1"],"picked":"Armaments","floor":14}],"player_experience":236210,"relics_obtained":[{"floor":8,"key":"Vajra"},{"floor":9,"key":"Molten Egg 2"},{"floor":12,"key":"White Beast Statue"}],"event_choices":[{"damage_healed":0,"gold_gain":0,"player_choice":"Entered Light","damage_taken":18,"max_hp_gain":0,"max_hp_loss":0,"event_name":"Shining Light","floor":4,"gold_loss":0,"cards_upgraded":["Defend_R","Strike_R"]},{"cards_removed":["Strike_R"],"damage_healed":0,"gold_gain":0,"player_choice":"Card Removal","damage_taken":7,"max_hp_gain":0,"max_hp_loss":0,"event_name":"Golden Wing","floor":5,"gold_loss":0},{"damage_healed":0,"gold_gain":0,"player_choice":"Ignored","damage_taken":0,"max_hp_gain":0,"max_hp_loss":0,"event_name":"Liars Game","floor":13,"gold_loss":0}],"is_beta":false,"boss_relics":[],"items_purged_floors":[],"is_endless":false,"potions_floor_spawned":[7,11,14],"killed_by":"Slime Boss","ascension_level":1}}