{"host":"1tmagqyeywr2w44t","time":1608865458,"event":{"mods":["2.2 Compatiblity","BaseMod","Colored Powertips","Downfall","Minty Spire (QoL Compilation)","Rare Cards Sparkle","Replay The Spire","StSLib","SuperFastMode","The Marked"],"gold_per_floor":[99,109,127,147,0,0,26,201,126,126,126,226,238,268,285,385,385,310,324,335,138,138,138,138,151,185,185,210,230,435,535,554,659,659,659,673,685,700,724,724,772,772,786,812,812,846,771,789,800,800],"floor_reached":51,"playtime":1787,"items_purged":[],"score":1258,"play_id":"3ca9cb09-1af5-42c0-b19a-0d9746072776","local_time":"20201225120418","is_ascension_mode":true,"campfire_choices":[{"data":"Slimebound:Tackle","floor":1,"key":"SMITH"},{"data":"Slimebound:MegaLick","floor":9,"key":"SMITH"},{"floor":11,"key":"RECALL"},{"data":"Slimebound:CheckThePlaybook","floor":18,"key":"SMITH"},{"data":"Slimebound:Overexert","floor":27,"key":"SMITH"},{"floor":35,"key":"REST"},{"floor":42,"key":"REST"},{"floor":45,"key":"REST"},{"floor":47,"key":"REST"}],"circlet_count":0,"master_deck":["AscendersBane","Slimebound:Strike_Slimebound","Slimebound:Strike_Slimebound","Slimebound:Tackle+1","Slimebound:Defend_Slimebound","Slimebound:Defend_Slimebound","Slimebound:Defend_Slimebound+1","Slimebound:Defend_Slimebound","Slimebound:Split","Slimebound:CorrosiveSpit+1","Slimebound:MegaLick+1","Slimebound:PressTheAttack","Slimebound:LivingWall","Slimebound:Prepare","Slimebound:SplitMire+1","expansioncontent:Flail","Doubt","Slimebound:CheckThePlaybook+1","Slimebound:LeadByExample","Slimebound:SplitMire","Sickly","Slimebound:Split","Replay:Parry+1","Slimebound:LeechEnergy+1","Slimebound:LeadByExample","Slimebound:Overexert+1","Slimebound:RainOfGoop","Slimebound:OneTwoCombo+1","Slimebound:Schlurp","Slimebound:Nibble+1","Slimebound:SlimeTap+1","Shame","Slimebound:LevelUp","Slimebound:WasteNot","Slimebound:GoopSpray","Slimebound:AcidTongue","Slimebound:MinionMaster","Slimebound:SplitAcid+1","Slimebound:SlimeBarrage+1","Slimebound:LeechingTouch+1","Slimebound:SplitBruiser+1","Slimebound:SplitLeeching","Slimebound:Grow"],"relics":["Slimebound:AbsorbEndCombat","downfall:HeartBlessingBlue","Iron Hammer","downfall:GremlinSack","Molten Egg 2","Slimebound:TarBlob","downfall:HeartBlessingRed","Slimebound:SelfDamagePreventRelic","Centennial Puzzle","Pet Ghost","Prayer Wheel","ReplayTheSpireMod:TigerMarble","Fusion Hammer","Pen Nib","War Paint","TungstenRod","FossilizedHelix","downfall:HeartBlessingGreen"],"acts_visited":["Exordium","TheCity","TheBeyond"],"potions_floor_usage":[16,21,26,33,50],"damage_taken":[{"damage":11,"enemies":"Jaw Worm","floor":2,"turns":3},{"damage":5,"enemies":"2 Louse","floor":3,"turns":3},{"damage":11,"enemies":"Small Slimes","floor":4,"turns":4},{"damage":12,"enemies":"downfall:FleeingMerchant","floor":5,"turns":4},{"damage":39,"enemies":"downfall:FleeingMerchant","floor":12,"turns":4},{"damage":8,"enemies":"3 Louse","floor":13,"turns":2},{"damage":50,"enemies":"Lagavulin","floor":14,"turns":5},{"damage":11,"enemies":"Blue Slaver","floor":15,"turns":3},{"damage":55,"enemies":"downfall:Watcher","floor":16,"turns":5},{"damage":12,"enemies":"Chosen","floor":19,"turns":3},{"damage":30,"enemies":"Snake Plant","floor":20,"turns":2},{"damage":32,"enemies":"downfall:FleeingMerchant","floor":21,"turns":4},{"damage":12,"enemies":"Cultist and Chosen","floor":25,"turns":4},{"damage":26,"enemies":"Book of Stabbing","floor":26,"turns":3},{"damage":18,"enemies":"Gremlin Leader","floor":28,"turns":3},{"damage":18,"enemies":"Snecko","floor":29,"turns":2},{"damage":18,"enemies":"Snake Plant","floor":32,"turns":2},{"damage":70,"enemies":"downfall:Defect","floor":33,"turns":4},{"damage":18,"enemies":"Orb Walker","floor":36,"turns":2},{"damage":43,"enemies":"3 Shapes","floor":37,"turns":3},{"damage":18,"enemies":"Writhing Mass","floor":38,"turns":2},{"damage":30,"enemies":"4 Shapes","floor":43,"turns":2},{"damage":30,"enemies":"Giant Head","floor":44,"turns":5},{"damage":29,"enemies":"Nemesis","floor":46,"turns":3},{"damage":0,"enemies":"Jaw Worm Horde","floor":48,"turns":3},{"damage":15,"enemies":"Spire Growth","floor":49,"turns":2},{"damage":35,"enemies":"downfall:Silent","floor":50,"turns":4}],"seed_played":"7762906843319192211","potions_obtained":[{"floor":2,"key":"hexamod:EctoCoolerPotion"},{"floor":3,"key":"SkillPotion"},{"floor":14,"key":"Regen Potion"},{"floor":16,"key":"SkillPotion"},{"floor":25,"key":"Milkshake"},{"floor":26,"key":"SkillPotion"},{"floor":32,"key":"LiquidMemories"},{"floor":44,"key":"Regen Potion"}],"is_trial":false,"path_per_floor":["R","M","M","M","$","?","T","?","R","T","R","?","M","E","M","B",null,"R","M","M","$","?","?","T","M","E","R","E","M","?","?","M","B",null,"R","M","M","M","T","?","T","R","M","E","R","E","R","M","M","B",null],"character_chosen":"SLIMEBOUND","items_purchased":["Slimebound:SplitMire+1","expansioncontent:Flail","Slimebound:SelfDamagePreventRelic","Slimebound:SlimeTap"],"campfire_rested":4,"item_purchase_floors":[5,5,21,21],"current_hp_per_floor":[54,55,60,57,60,60,60,60,70,70,70,46,56,44,41,44,64,64,70,70,66,66,66,66,70,70,70,70,70,70,70,70,70,70,70,70,49,69,69,61,61,70,70,70,70,70,70,70,70,70],"gold":800,"neow_bonus":"UPGRADE_CARD","is_daily":false,"chose_seed":false,"campfire_upgraded":4,"win_rate":0.0,"timestamp":1608865458,"path_taken":["R","M","M","M","$","?","T","?","R","?","R","?","M","E","M","BOSS","R","M","M","?","?","?","T","?","E","R","E","M","?","?","M","BOSS","R","M","M","M","?","?","T","R","M","E","R","E","R","?","M","BOSS"],"items_purchased_type":["Card","Card","Relic","Card"],"build_version":"2020-12-22","purchased_purges":0,"victory":true,"max_hp_per_floor":[60,60,60,60,60,60,60,60,70,70,70,70,70,70,70,70,70,70,70,70,70,70,70,70,70,70,70,70,70,70,70,70,70,70,70,70,70,70,70,70,70,70,70,70,70,70,70,70,70,70],"card_choices":[{"not_picked":["Slimebound:SplitAcid","Slimebound:SplitLeeching"],"picked":"Slimebound:MegaLick","floor":2},{"not_picked":["Slimebound:LeechingTouch","Slimebound:SplitLeeching"],"picked":"Slimebound:PressTheAttack","floor":3},{"not_picked":["Slimebound:GoopSpray","Slimebound:PressTheAttack"],"picked":"Slimebound:LivingWall","floor":4},{"not_picked":["Slimebound:GrowthPunch","Slimebound:DisruptingSlam"],"picked":"Slimebound:Prepare","floor":5},{"not_picked":["Slimebound:ForwardTackle","Slimebound:SplitMire"],"picked":"Slimebound:LeechEnergy","floor":12},{"not_picked":["Slimebound:GrowthPunch","Slimebound:Chomp"],"picked":"Slimebound:LeadByExample","floor":13},{"not_picked":["Slimebound:SpikyOuterGoop","Slimebound:LeechingTouch+1"],"picked":"Slimebound:Overexert","floor":14},{"not_picked":["Slimebound:SplitMire","Slimebound:LeechingTouch+1"],"picked":"Slimebound:RainOfGoop","floor":15},{"not_picked":["Slimebound:Teamwork","Slimebound:CheckThePlaybook"],"picked":"Slimebound:OneTwoCombo+1","floor":16},{"not_picked":["Slimebound:SplitBruiser+1","Slimebound:SplitMire"],"picked":"Slimebound:Schlurp","floor":19},{"not_picked":["Slimebound:RollThrough+1","Slimebound:GrowthPunch+1"],"picked":"Slimebound:Nibble+1","floor":20},{"not_picked":["Slimebound:PressTheAttack+1","Slimebound:SplitMire","Slimebound:SlimeSpikes"],"picked":"SKIP","floor":21},{"not_picked":["Slimebound:ComboTackle+1","Slimebound:RollThrough+1","Slimebound:LeadByExample"],"picked":"SKIP","floor":25},{"not_picked":["Slimebound:HungryTackle+1","Slimebound:ComboTackle+1"],"picked":"Slimebound:LevelUp","floor":26},{"not_picked":["Slimebound:SlimeSpikes+1","Slimebound:Schlurp+1"],"picked":"Slimebound:WasteNot","floor":28},{"not_picked":["Slimebound:SamplingLick","Slimebound:ComboTackle+1"],"picked":"Slimebound:GoopSpray","floor":29},{"not_picked":["Slimebound:SplitMire","Slimebound:SamplingLick","Slimebound:GrowthPunch+1"],"picked":"SKIP","floor":29},{"not_picked":["Slimebound:SlimeTap","Slimebound:FinishingTackle+1"],"picked":"Slimebound:AcidTongue","floor":32},{"not_picked":["Slimebound:GoopSpray","Slimebound:PressTheAttack+1","Slimebound:Schlurp+1"],"picked":"SKIP","floor":32},{"not_picked":["Slimebound:OozeBath","Slimebound:DouseInSlime"],"picked":"Slimebound:MinionMaster","floor":33},{"not_picked":["Slimebound:SplitMire+1","Slimebound:TongueLash+1"],"picked":"Slimebound:SplitAcid+1","floor":36},{"not_picked":["Slimebound:RainOfGoop+1","Slimebound:GrowthPunch+1"],"picked":"Slimebound:SlimeBarrage+1","floor":36},{"not_picked":["Slimebound:RainOfGoop+1","Slimebound:SplitMire+1"],"picked":"Slimebound:LeechingTouch+1","floor":37},{"not_picked":["Slimebound:LeechingTouch+1","Slimebound:RollThrough+1","Slimebound:Schlurp"],"picked":"SKIP","floor":37},{"not_picked":["Slimebound:RejuvenatingLick+1","Slimebound:FinishingTackle+1","Slimebound:Nibble+1"],"picked":"SKIP","floor":38},{"not_picked":["Slimebound:RejuvenatingLick","Slimebound:SamplingLick","Slimebound:LeechLife+1"],"picked":"SKIP","floor":38},{"not_picked":["Slimebound:TongueLash+1","Slimebound:GoopSpray+1"],"picked":"Slimebound:SplitBruiser+1","floor":43},{"not_picked":["Slimebound:SamplingLick","Slimebound:Repurpose","Slimebound:FinishingTackle+1"],"picked":"SKIP","floor":43},{"not_picked":["Slimebound:GrowthPunch+1","Slimebound:PressTheAttack+1","Slimebound:Equalize+1"],"picked":"SKIP","floor":44},{"not_picked":["Slimebound:ComboTackle+1","Slimebound:SlimeTap+1","Slimebound:FinishingTackle+1"],"picked":"SKIP","floor":46},{"not_picked":["Slimebound:SlimeBarrage+1","Slimebound:LeechingTouch+1"],"picked":"Slimebound:SplitLeeching","floor":48},{"not_picked":["Slimebound:LeechEnergy+1","Slimebound:FinishingTackle+1","Slimebound:GoopSpray"],"picked":"SKIP","floor":48},{"not_picked":["Slimebound:RainOfGoop+1","Slimebound:SamplingLick"],"picked":"Slimebound:Grow","floor":49},{"not_picked":["Slimebound:PressTheAttack+1","Slimebound:SplitAcid+1","Slimebound:Schlurp"],"picked":"SKIP","floor":49}],"player_experience":173986,"relics_obtained":[{"floor":10,"key":"Iron Hammer"},{"floor":12,"key":"downfall:GremlinSack"},{"floor":14,"key":"Molten Egg 2"},{"floor":24,"key":"Pet Ghost"},{"floor":26,"key":"Prayer Wheel"},{"floor":28,"key":"ReplayTheSpireMod:TigerMarble"},{"floor":39,"key":"Pen Nib"},{"floor":41,"key":"War Paint"},{"floor":44,"key":"TungstenRod"},{"floor":46,"key":"FossilizedHelix"}],"event_choices":[{"damage_healed":0,"gold_gain":0,"player_choice":"Stole Relic","damage_taken":0,"relics_obtained":["Centennial Puzzle"],"max_hp_gain":0,"max_hp_loss":0,"event_name":"Addict","floor":22,"gold_loss":0,"cards_obtained":["Shame"]},{"damage_healed":0,"gold_gain":0,"player_choice":"Ignored","damage_taken":0,"max_hp_gain":0,"max_hp_loss":0,"event_name":"Ghosts","floor":23,"gold_loss":0}],"is_beta":false,"boss_relics":[{"not_picked":["Black Star","Sozu"],"picked":"Slimebound:TarBlob"},{"not_picked":["Empty Cage","Replay:Drink Me"],"picked":"Fusion Hammer"}],"items_purged_floors":[],"is_endless":false,"potions_floor_spawned":[2,3,14,15,16,20,25,26,28,32,44,46,48],"ascension_level":11}}