{"host":"4myl0piycjadqnwl","time":1608933946,"event":{"mods":["BaseMod","Colored Map","Downfall","Minty Spire (QoL Compilation)","StSLib"],"gold_per_floor":[99,99,99,99,112,147,193,193,293,293,293,293,307,324,335,335,335,335],"floor_reached":16,"playtime":6151,"items_purged":[],"score":127,"play_id":"cbb44fb2-3adb-4bfe-a6db-c8b4e09cc023","local_time":"20201225230546","is_ascension_mode":true,"campfire_choices":[{"data":"champ:Taunt","floor":1.0,"key":"SMITH"},{"floor":10,"key":"REST"},{"data":"champ:SteelEdge","floor":12,"key":"SMITH"}],"circlet_count":0,"master_deck":["champ:Strike","champ:Strike","champ:Strike","champ:Defend","champ:Defend","champ:Defend","champ:Defend","champ:Execute","champ:Taunt+1","champ:RageSigil","champ:IronFortress","champ:Balance","champ:DeathBlow","champ:FocusedDefense+1","champ:GladiatorsShout","champ:SteelEdge+1","champ:StanceDance","champ:Backstep"],"relics":["champ:ChampionCrown","downfall:HeartsMalice","Bottled Tornado","MealTicket","CloakClasp"],"acts_visited":["Exordium"],"potions_floor_usage":[16,16],"damage_taken":[{"damage":0.0,"enemies":"Jaw Worm","floor":2.0,"turns":1.0},{"damage":0.0,"enemies":"2 Louse","floor":3.0,"turns":1.0},{"damage":0.0,"enemies":"Small Slimes","floor":4.0,"turns":1.0},{"damage":12.0,"enemies":"Gremlin Gang","floor":5.0,"turns":5.0},{"damage":68.0,"enemies":"Gremlin Nob","floor":6.0,"turns":5.0},{"damage":20,"enemies":"downfall:Heads","floor":9,"turns":8},{"damage":10,"enemies":"Lots of Slimes","floor":13,"turns":3},{"damage":18,"enemies":"Exordium Wildlife","floor":14,"turns":3},{"damage":16,"enemies":"Blue Slaver","floor":15,"turns":4},{"damage":45,"enemies":"downfall:Watcher","floor":16,"turns":13}],"seed_played":"-2597349337141365912","potions_obtained":[{"floor":5.0,"key":"GamblersBrew"},{"floor":9,"key":"champ:CounterPotion"},{"floor":13,"key":"BlessingOfTheForge"},{"floor":15,"key":"EssenceOfSteel"}],"is_trial":false,"path_per_floor":["R","M","M","M","M","E","T","?","?","R","?","R","M","M","M","B"],"character_chosen":"THE_CHAMP","items_purchased":[],"campfire_rested":1,"item_purchase_floors":[],"current_hp_per_floor":[81,81,81,81,74,21,21,21,11,38,38,38,31,31,25,0,0,0],"gold":335,"neow_bonus":"THREE_ENEMY_KILL","is_daily":false,"chose_seed":false,"campfire_upgraded":2,"win_rate":0.0,"timestamp":1608933946,"path_taken":["R","M","M","M","M","E","T","?","?","R","?","R","M","M","M","BOSS"],"items_purchased_type":[],"build_version":"2020-12-22","purchased_purges":0,"victory":false,"max_hp_per_floor":[90,90,90,90,90,90,90,90,90,90,90,90,90,90,90,90,90,90],"card_choices":[{"not_picked":["champ:TornadoPunch","champ:FlashCut"],"picked":"champ:RageSigil","floor":2.0},{"not_picked":["champ:BringItOn","champ:Control"],"picked":"champ:IronFortress","floor":3.0},{"not_picked":["champ:TornadoPunch","champ:PerfectedStrike"],"picked":"champ:Balance","floor":4.0},{"not_picked":["champ:BringItOn","champ:PerfectForm"],"picked":"champ:DeathBlow","floor":5.0},{"not_picked":["champ:Riposte","champ:EnragedBash"],"picked":"champ:FocusedDefense","floor":6.0},{"not_picked":["champ:CrookedStrike","champ:TornadoPunch"],"picked":"champ:GladiatorsShout","floor":9},{"not_picked":["champ:PerfectedStrike","champ:AdrenalArmor"],"picked":"champ:StanceDance","floor":13},{"not_picked":["champ:PerfectForm","champ:GladiatorsShout"],"picked":"champ:Backstep","floor":14},{"not_picked":["champ:CrookedStrike","champ:Encircle","champ:FightOn"],"picked":"SKIP","floor":15},{"not_picked":["champ:CrookedStrike","champ:Encircle","champ:FightOn"],"picked":"SKIP","floor":15}],"player_experience":1390611,"relics_obtained":[{"floor":6.0,"key":"Bottled Tornado"},{"floor":7.0,"key":"MealTicket"},{"floor":9,"key":"CloakClasp"}],"event_choices":[{"damage_healed":0,"gold_gain":0,"player_choice":"Grow","damage_taken":0,"max_hp_gain":0,"max_hp_loss":0,"event_name":"Living Wall","floor":8,"gold_loss":0,"cards_upgraded":["champ:FocusedDefense"]},{"damage_healed":0,"gold_gain":0,"cards_transformed":["champ:Strike"],"player_choice":"Transformed","damage_taken":0,"max_hp_gain":0,"max_hp_loss":0,"event_name":"Transmorgrifier","floor":11,"gold_loss":0,"cards_obtained":["champ:SteelEdge"]}],"is_beta":false,"boss_relics":[],"items_purged_floors":[],"is_endless":false,"potions_floor_spawned":[5,9,13,14,15],"killed_by":"downfall:Watcher","ascension_level":6}}