{"host":"1c52r9kaxdyo25eq","time":1608881797,"event":{"mods":["AchievementEnabler","BaseMod","Minty Spire (QoL Compilation)","Rare Cards Sparkle","SuperFastMode","everything is the same but u backflip on backflip"],"gold_per_floor":[116,76,92,105,105,105,136,148,148,148,158,158,171,96,96,174,174,185,194,208,227,99,99,99,99,124,137,160,160,35,56,56,56,56],"floor_reached":33,"playtime":797,"items_purged":["Strike_G","Strike_G","Strike_G"],"score":602,"play_id":"19fa58c6-ddd0-4b30-8289-def2a529ae61","local_time":"20201225163637","is_ascension_mode":true,"campfire_choices":[{"data":"Deadly Poison","floor":6.0,"key":"SMITH"},{"floor":10.0,"key":"REST"},{"data":"Catalyst","floor":15.0,"key":"SMITH"},{"data":"Prepared","floor":23.0,"key":"SMITH"},{"data":"After Image","floor":25.0,"key":"SMITH"},{"floor":29.0,"key":"REST"},{"data":"Reflex","floor":32.0,"key":"SMITH"}],"circlet_count":0,"master_deck":["AscendersBane","Strike_G","Defend_G","Defend_G","Defend_G","Defend_G","Survivor","Neutralize","Deadly Poison+1","Reflex+1","Prepared+1","After Image+1","Catalyst+1","Grand Finale","Choke","Corpse Explosion","CurseOfTheBell","Acrobatics","Footwork+1","Prepared+1","Reflex"],"relics":["Ring of the Snake","NeowsBlessing","Bottled Lightning","Frozen Egg 2","Calling Bell","CeramicFish","Eternal Feather","FossilizedHelix","Tiny Chest"],"acts_visited":["Exordium","TheCity"],"potions_floor_usage":[],"damage_taken":[{"damage":0.0,"enemies":"Jaw Worm","floor":1.0,"turns":1.0},{"damage":0.0,"enemies":"Cultist","floor":3.0,"turns":1.0},{"damage":0.0,"enemies":"2 Louse","floor":4.0,"turns":1.0},{"damage":33.0,"enemies":"3 Sentries","floor":7.0,"turns":13.0},{"damage":22.0,"enemies":"Exordium Thugs","floor":8.0,"turns":5.0},{"damage":15.0,"enemies":"Large Slime","floor":11.0,"turns":6.0},{"damage":0.0,"enemies":"Blue Slaver","floor":13.0,"turns":4.0},{"damage":0.0,"enemies":"The Guardian","floor":16.0,"turns":9.0},{"damage":0.0,"enemies":"3 Byrds","floor":18.0,"turns":2.0},{"damage":31.0,"enemies":"Spheric Guardian","floor":20.0,"turns":6.0},{"damage":12.0,"enemies":"Chosen and Byrds","floor":21.0,"turns":3.0},{"damage":0.0,"enemies":"Snake Plant","floor":24.0,"turns":1.0},{"damage":3.0,"enemies":"Centurion and Healer","floor":27.0,"turns":4.0},{"damage":25.0,"enemies":"3 Cultists","floor":28.0,"turns":4.0},{"damage":0.0,"enemies":"Snecko","floor":31.0,"turns":5.0},{"damage":11,"enemies":"Champ","floor":33,"turns":10}],"seed_played":"-8397290320611311055","potions_obtained":[{"floor":2.0,"key":"SpeedPotion"},{"floor":2.0,"key":"PowerPotion"},{"floor":8.0,"key":"Dexterity Potion"},{"floor":16.0,"key":"Fire Potion"},{"floor":21.0,"key":"SmokeBomb"},{"floor":27.0,"key":"SkillPotion"},{"floor":28.0,"key":"LiquidBronze"}],"is_trial":false,"path_per_floor":["M","?","M","M","?","R","E","M","T","R","M","?","M","$","R","B",null,"M","?","M","M","$","R","M","R","T","M","M","R","$","M","R","B"],"character_chosen":"THE_SILENT","items_purchased":["Footwork+1"],"campfire_rested":2,"item_purchase_floors":[22],"current_hp_per_floor":[59,59,59,59,59,59,26,4,4,23,8,8,8,8,8,8,52,52,52,21,9,9,21,21,33,33,30,5,36,36,36,48,37,37],"gold":56,"neow_bonus":"THREE_ENEMY_KILL","is_daily":false,"chose_seed":false,"campfire_upgraded":5,"win_rate":0.0,"timestamp":1608881797,"path_taken":["M","?","M","?","?","R","E","M","T","R","?","?","M","$","R","BOSS","M","?","M","M","$","R","M","R","T","M","M","R","$","M","R","BOSS"],"items_purchased_type":["Card"],"build_version":"2020-12-22","purchased_purges":3,"victory":false,"max_hp_per_floor":[66,66,66,66,66,66,66,66,66,66,66,66,66,66,66,66,66,66,66,66,66,66,66,66,66,66,66,66,66,66,66,66,66,66],"card_choices":[{"not_picked":["Dagger Spray","Dodge and Roll"],"picked":"Deadly Poison","floor":1.0},{"not_picked":["Flechettes","Blur"],"picked":"Reflex","floor":3.0},{"not_picked":["Finisher","Concentrate"],"picked":"Prepared","floor":4.0},{"not_picked":["Leg Sweep","Deadly Poison","Flechettes"],"picked":"SKIP","floor":7.0},{"not_picked":["Leg Sweep","Deadly Poison","Flechettes"],"picked":"SKIP","floor":7.0},{"not_picked":["Outmaneuver","Deadly Poison"],"picked":"Catalyst","floor":8.0},{"not_picked":["Riddle With Holes","Sucker Punch"],"picked":"Grand Finale","floor":11.0},{"not_picked":["PiercingWail","Dodge and Roll","Crippling Poison"],"picked":"SKIP","floor":13.0},{"not_picked":["Venomology","Glass Knife"],"picked":"Corpse Explosion","floor":16.0},{"not_picked":["Dagger Spray","Backstab","Skewer"],"picked":"SKIP","floor":18.0},{"not_picked":["Dagger Throw","Caltrops+1","Envenom+1"],"picked":"SKIP","floor":20.0},{"not_picked":["Cloak And Dagger","Blade Dance","Dodge and Roll"],"picked":"SKIP","floor":21.0},{"not_picked":["Poisoned Stab","Leg Sweep+1","Predator"],"picked":"SKIP","floor":27.0},{"not_picked":["Sucker Punch","Dash"],"picked":"Prepared+1","floor":28.0},{"not_picked":["Outmaneuver","Quick Slash"],"picked":"Reflex","floor":31.0}],"player_experience":515644,"relics_obtained":[{"floor":7.0,"key":"Bottled Lightning"},{"floor":9.0,"key":"Frozen Egg 2"},{"floor":17.0,"key":"CeramicFish"},{"floor":17.0,"key":"Eternal Feather"},{"floor":17.0,"key":"FossilizedHelix"},{"floor":26.0,"key":"Tiny Chest"}],"event_choices":[{"damage_healed":0.0,"max_hp_gain":0.0,"max_hp_loss":0.0,"gold_gain":0.0,"event_name":"The Woman in Blue","player_choice":"Bought 3 Potions","floor":2.0,"gold_loss":0.0,"damage_taken":0.0},{"damage_healed":0.0,"max_hp_gain":0.0,"max_hp_loss":0.0,"gold_gain":0.0,"cards_transformed":["Defend_G"],"event_name":"Transmorgrifier","player_choice":"Transformed","floor":5.0,"gold_loss":0.0,"damage_taken":0.0,"cards_obtained":["After Image"]},{"damage_healed":0.0,"max_hp_gain":0.0,"max_hp_loss":0.0,"gold_gain":0.0,"cards_transformed":["Strike_G"],"event_name":"Living Wall","player_choice":"Change","floor":12.0,"gold_loss":0.0,"damage_taken":0.0,"cards_obtained":["Choke"]},{"damage_healed":0.0,"max_hp_gain":0.0,"max_hp_loss":0.0,"gold_gain":0.0,"event_name":"The Library","player_choice":"Read","floor":19.0,"gold_loss":0.0,"damage_taken":0.0,"cards_obtained":["Acrobatics"]}],"is_beta":false,"boss_relics":[{"not_picked":["Runic Dome","Fusion Hammer"],"picked":"Calling Bell"}],"items_purged_floors":[14,22,30],"is_endless":false,"potions_floor_spawned":[3,4,8,11,16,21,24,27,28],"killed_by":"Champ","ascension_level":20}}