{"host":"8g24zuco0epbjwbo","time":1608934586,"event":{"mods":["BaseMod","Downfall","Minty Spire (QoL Compilation)","Relic Stats","StSLib"],"gold_per_floor":[99,99,99,99,84,9,9,34,96,107,126,126,51,66,86,86,86,86],"floor_reached":16,"playtime":449,"items_purged":[],"score":103,"play_id":"f3ab8e69-1ed9-4804-8e70-c87f3541ef91","local_time":"20201225171626","is_ascension_mode":true,"campfire_choices":[{"floor":1,"key":"RECALL"},{"data":"champ:PerfectedStrike","floor":6,"key":"SMITH"},{"data":"champ:LastStand","floor":13,"key":"SMITH"}],"circlet_count":0,"master_deck":["champ:Strike","champ:Strike","champ:Strike","champ:Strike","champ:Defend","champ:Defend","champ:Defend","champ:Defend","champ:Execute","champ:Taunt","champ:PerfectedStrike+1","champ:FlashCut","champ:FocusedBerserking","champ:CrookedStrike","champ:LastStand+1","champ:Encircle","champ:BringItOn","champ:PerfectedStrike","champ:RecklessLeap"],"relics":["champ:ChampionCrown","downfall:HeartsMalice","downfall:HeartBlessingRed","Tiny Chest","Peace Pipe","Question Card","downfall:HeartBlessingBlue"],"acts_visited":["Exordium"],"potions_floor_usage":[16,16],"damage_taken":[{"damage":0,"enemies":"Cultist","floor":2,"turns":1},{"damage":0,"enemies":"Small Slimes","floor":3,"turns":1},{"damage":0,"enemies":"Jaw Worm","floor":4,"turns":1},{"damage":10,"enemies":"downfall:FleeingMerchant","floor":5,"turns":4},{"damage":7,"enemies":"Gremlin Nob","floor":8,"turns":3},{"damage":6,"enemies":"Gremlin Nob","floor":9,"turns":3},{"damage":15,"enemies":"Exordium Wildlife","floor":10,"turns":3},{"damage":23,"enemies":"Exordium Thugs","floor":11,"turns":4},{"damage":2,"enemies":"Blue Slaver","floor":14,"turns":3},{"damage":7,"enemies":"3 Louse","floor":15,"turns":2},{"damage":66,"enemies":"downfall:Defect","floor":16,"turns":5}],"seed_played":"-2280392015889003457","potions_obtained":[{"floor":8,"key":"PowerPotion"},{"floor":9,"key":"champ:TechniquePotion"},{"floor":10,"key":"FairyPotion"},{"floor":11,"key":"PowerPotion"}],"is_trial":false,"path_per_floor":["R","M","M","M","$","R","T","E","?","M","M","T","R","M","M","B"],"character_chosen":"THE_CHAMP","items_purchased":[],"campfire_rested":0,"item_purchase_floors":[],"current_hp_per_floor":[90,90,90,90,90,90,90,88,82,71,52,52,62,62,57,15,15,15],"gold":86,"neow_bonus":"THREE_ENEMY_KILL","is_daily":false,"chose_seed":false,"campfire_upgraded":2,"win_rate":0.0,"timestamp":1608934586,"path_taken":["R","M","M","M","?","R","T","E","?","M","M","?","R","?","M","BOSS"],"items_purchased_type":[],"build_version":"2020-12-22","purchased_purges":0,"victory":false,"max_hp_per_floor":[90,90,90,90,90,90,90,90,90,90,90,90,100,100,100,100,100,100],"relic_stats":{"Peace Pipe":0,"counters":[11,27],"Tiny Chest":0,"Question Card":2,"obtain_stats":[{"Peace Pipe":9,"downfall:HeartBlessingRed":6,"downfall:HeartBlessingBlue":13,"champ:ChampionCrown":0,"downfall:HeartsMalice":0,"Tiny Chest":8,"Question Card":12},{"Peace Pipe":5,"downfall:HeartBlessingRed":4,"downfall:HeartBlessingBlue":8,"champ:ChampionCrown":0,"downfall:HeartsMalice":0,"Tiny Chest":5,"Question Card":8},{"Peace Pipe":7,"downfall:HeartBlessingRed":4,"downfall:HeartBlessingBlue":17,"champ:ChampionCrown":0,"downfall:HeartsMalice":0,"Tiny Chest":7,"Question Card":17}]},"card_choices":[{"not_picked":["champ:Lariat","champ:RisingSlash"],"picked":"champ:PerfectedStrike","floor":2},{"not_picked":["champ:GladiatorsShout","champ:FanOfKnives"],"picked":"champ:FlashCut","floor":3},{"not_picked":["champ:FanOfKnives","champ:Backstep"],"picked":"champ:FocusedBerserking","floor":4},{"not_picked":["champ:FaceSlap","champ:BladeFlurry"],"picked":"champ:CrookedStrike","floor":5},{"not_picked":["champ:Backstep","champ:AdrenalArmor"],"picked":"champ:LastStand","floor":8},{"not_picked":["champ:Control","champ:BerserkerStyle"],"picked":"champ:Encircle","floor":9},{"not_picked":["champ:Riposte","champ:HeartStrike"],"picked":"champ:BringItOn","floor":10},{"not_picked":["champ:Backstep","champ:TornadoPunch","champ:DefensiveShout"],"picked":"SKIP","floor":11},{"not_picked":["champ:RapidStrikes","champ:Devastate","champ:Riposte"],"picked":"champ:PerfectedStrike","floor":14},{"not_picked":["champ:DefensiveShout","champ:BringItOn","champ:Backstep"],"picked":"champ:RecklessLeap","floor":15}],"player_experience":439484,"relics_obtained":[{"floor":8,"key":"Tiny Chest"},{"floor":12,"key":"Question Card"}],"event_choices":[],"is_beta":false,"boss_relics":[],"items_purged_floors":[],"is_endless":false,"potions_floor_spawned":[8,9,10,11,14],"killed_by":"downfall:Defect","ascension_level":1}}