{"host":"kiauivt48syq9iz6","time":1608878298,"event":{"mods":["BaseMod","Conspire","Downfall","Hermit","Minty Spire (QoL Compilation)","Replay The Spire","SIMod","StSLib","The Animator","The Construct","The Cursed","The Runesmith","The Servant 0.9.4"],"gold_per_floor":[111,124,49,49,25,51,64,75,126,139,139,58,70,70,70,174,174,189,189,221,11,11,11],"floor_reached":22,"playtime":1047,"items_purged":[],"score":186,"play_id":"ec02c897-c444-4e96-a00e-723ab0ded4bd","local_time":"20201224233818","is_ascension_mode":false,"campfire_choices":[{"floor":11,"key":"REST"},{"floor":15,"key":"REST"}],"circlet_count":0,"master_deck":["construct:Strike_Gold","construct:Strike_Gold","construct:Strike_Gold","construct:Strike_Gold","construct:Strike_Gold","construct:Defend_Gold","construct:Defend_Gold","construct:Defend_Gold","construct:Defend_Gold","construct:Defend_Gold","construct:AttackMode","construct:DefenseMode","construct:SuppressiveFire+1","construct:Stasis","construct:Hazardproof","construct:SaveState","construct:Zapper","construct:Anticipate","construct:HeavyBolt","construct:FocusedBeam","construct:Autoturret","construct:Autoturret","construct:Boost","construct:Failsafe","Sickly","construct:MemoryTap","construct:ReactiveShield+1","Writhe","construct:ScopeCore","GreatAndPowerful","construct:Autoturret+1"],"relics":["construct:Cogwheel","Snack Pack","Blood Vial","Ring of Fury","Ring of Chaos","MawBank"],"acts_visited":["Exordium","TheCity"],"potions_floor_usage":[2,10,10,18,20],"damage_taken":[{"damage":0,"enemies":"conspire:RoseBush","floor":1,"turns":4},{"damage":6,"enemies":"Jaw Worm","floor":2,"turns":8},{"damage":11,"enemies":"Replay:BlueRogue","floor":6,"turns":14},{"damage":7,"enemies":"Small Slimes","floor":7,"turns":6},{"damage":7,"enemies":"Blue Slaver","floor":8,"turns":6},{"damage":12,"enemies":"Large Slime","floor":10,"turns":7},{"damage":25,"enemies":"Red Slaver","floor":13,"turns":5},{"damage":73,"enemies":"Slime Boss","floor":16,"turns":14},{"damage":26,"enemies":"2 Thieves","floor":18,"turns":5},{"damage":28,"enemies":"Spheric Guardian","floor":20,"turns":7},{"damage":55,"enemies":"conspire:MimicChest","floor":22,"turns":7}],"seed_played":"3036827899858176470","potions_obtained":[{"floor":1,"key":"SkillPotion"},{"floor":2,"key":"Strength Potion"},{"floor":6,"key":"Dexterity Potion"},{"floor":16,"key":"Guardian:BlockOnCardUsePotion"},{"floor":18,"key":"Block Potion"}],"is_trial":false,"path_per_floor":["M","M","$","?","$","E","M","M","T","M","R","$","M","?","R","B",null,"M","?","M","$","?"],"character_chosen":"THE_CONSTRUCT_MOD","items_purchased":["construct:Hazardproof","construct:SaveState","construct:Autoturret","construct:Boost","GreatAndPowerful","construct:Autoturret+1"],"campfire_rested":2,"item_purchase_floors":[3,5,12,12,21,21],"current_hp_per_floor":[93,87,87,87,87,76,69,64,64,54,81,81,58,58,85,14,93,71,71,49,49,0,0],"gold":11,"neow_bonus":"TEN_PERCENT_HP_BONUS","is_daily":false,"chose_seed":false,"campfire_upgraded":0,"win_rate":0.0,"timestamp":1608878298,"path_taken":["M","M","$","?","?","E","M","M","T","M","R","$","M","?","R","BOSS","M","?","?","$","?"],"items_purchased_type":["Card","Card","Card","Card","Card","Card"],"build_version":"2020-12-22","purchased_purges":0,"victory":false,"max_hp_per_floor":[93,93,93,93,93,93,93,93,93,93,93,93,93,93,93,93,93,93,93,93,93,93,93],"card_choices":[{"not_picked":["construct:Construct_Overclock","construct:Enhance"],"picked":"construct:SuppressiveFire","floor":1},{"not_picked":["construct:SyphonStrike","construct:HeavyBolt"],"picked":"construct:Stasis","floor":2},{"not_picked":["construct:Accumulate","construct:ClockworkEgg"],"picked":"construct:Zapper","floor":6},{"not_picked":["construct:SyphonStrike","construct:Forcefield"],"picked":"construct:Anticipate","floor":7},{"not_picked":["construct:Boost","construct:VentSteam"],"picked":"construct:HeavyBolt","floor":8},{"not_picked":["construct:Versatility","construct:Synchronize"],"picked":"construct:FocusedBeam","floor":10},{"not_picked":["construct:GatlingGun","construct:ShiftStrike"],"picked":"construct:Failsafe","floor":13},{"not_picked":["construct:SiegeForm","construct:PanicFire"],"picked":"construct:MemoryTap","floor":16},{"not_picked":["construct:Anticipate","construct:SaveState"],"picked":"construct:ReactiveShield+1","floor":18},{"not_picked":["construct:VentSteam+1","construct:Stasis"],"picked":"construct:ScopeCore","floor":20}],"player_experience":67996,"relics_obtained":[{"floor":6,"key":"Snack Pack"},{"floor":9,"key":"Blood Vial"},{"floor":14,"key":"Ring of Fury"}],"event_choices":[{"damage_healed":0,"gold_gain":0,"player_choice":"Upgraded","damage_taken":0,"max_hp_gain":0,"max_hp_loss":0,"event_name":"Upgrade Shrine","floor":4,"gold_loss":0,"cards_upgraded":["construct:SuppressiveFire"]},{"damage_healed":0,"gold_gain":0,"player_choice":"Opened","damage_taken":0,"relics_obtained":["MawBank"],"max_hp_gain":0,"max_hp_loss":0,"event_name":"The Mausoleum","floor":19,"gold_loss":0,"cards_obtained":["Writhe"]}],"is_beta":false,"boss_relics":[{"not_picked":["Cursed Key","Runesmith:UraniumAnvil"],"picked":"Ring of Chaos"}],"items_purged_floors":[],"is_endless":false,"potions_floor_spawned":[1,2,6,16,18],"killed_by":"conspire:MimicChest","ascension_level":0}}