{"host":"vm8b3ptwl81uq21f","time":1608879055,"event":{"mods":["BaseMod","BetterRewards","Colored Powertips","Downfall","GifTheSpireLib","Googly Eyes","GungeonMod","Halation","Hubris","Minty Spire (QoL Compilation)","Quick Restart","Rare Cards Sparkle","Replay The Spire","Shop Mod","StSLib","Stuff the Spire","The Bug Knight","The IronCluck","[IsaacMod]????"],"gold_per_floor":[117,117,132,143,68,68,118,118,118,143,180,205,218,234,234,335,335,352,55,85,101,127,159,174,192,219,219,249,249,249,249,249,347,347,347,347],"floor_reached":35,"playtime":1310,"items_purged":["DemoMod:RustySidearm"],"score":403,"play_id":"1a15a0ea-b54f-42f0-8643-c0a11d8bbeb0","local_time":"20201225015055","is_ascension_mode":false,"campfire_choices":[{"data":"DemoMod:AWP","floor":6,"key":"SMITH"},{"data":"DemoMod:ManualReload","floor":8,"key":"SMITH"},{"data":"DemoMod:HardPowerCard","floor":15,"key":"SMITH"},{"data":"DemoMod:Unmoved","floor":27,"key":"SMITH"},{"data":"DemoMod:ShadowBullets","floor":30,"key":"SMITH"},{"data":"DemoMod:ShadowBullets","floor":32,"key":"SMITH"}],"circlet_count":0,"master_deck":["DemoMod:Strike_Huntress","DemoMod:Strike_Huntress","DemoMod:Strike_Huntress","DemoMod:Defend_Huntress","DemoMod:Defend_Huntress","DemoMod:Defend_Huntress","DemoMod:Defend_Huntress","DemoMod:Roll","DemoMod:ManualReload+1","DemoMod:CrossBow","DemoMod:AWP+1","DemoMod:ShadowBullets+1","DemoMod:ShadowBullets+1","DemoMod:DoubleSwitch","DemoMod:HardPowerCard+1","DemoMod:Behold!","DemoMod:Unmoved+1","DemoMod:Unmoved","DemoMod:SkilledReload+1","DemoMod:MachoBrace+1","DemoMod:HardPowerCard+1","DemoMod:SniperShot","DemoMod:Behold!","DemoMod:Eureka"],"relics":["DemoMod:Dog","HushsDoor","Chaos","NeowsBlessing","UnicornStump","Replay:Bronze Core","halation:PrussianBluePaint","Nunchaku","PillsDrop","HollowMod:StagPassRelic","hubris:GlazedTorus","Red Mask","hubris:MedicalManual","StuffTheSpire:RunicConfusion","DemoMod:RingOfEthereal","Gremlin Horn"],"acts_visited":["Exordium","TheCity","TheBeyond"],"potions_floor_usage":[7,10,10,16,16,23,23,33],"damage_taken":[{"damage":0,"enemies":"Jaw Worm","floor":1,"turns":1},{"damage":0,"enemies":"Small Slimes","floor":3,"turns":1},{"damage":0,"enemies":"2 Louse","floor":4,"turns":1},{"damage":17,"enemies":"Hiden Room Battle","floor":7,"turns":5},{"damage":8,"enemies":"Gremlin Nob","floor":10,"turns":5},{"damage":0,"enemies":"Lots of Slimes","floor":11,"turns":3},{"damage":0,"enemies":"3 Sentries","floor":12,"turns":5},{"damage":0,"enemies":"Lots of Slimes","floor":13,"turns":4},{"damage":1,"enemies":"2 Fungi Beasts","floor":14,"turns":3},{"damage":34,"enemies":"Slime Boss","floor":16,"turns":12},{"damage":0,"enemies":"Chosen","floor":18,"turns":4},{"damage":0,"enemies":"Masked Bandits","floor":20,"turns":2},{"damage":9,"enemies":"Shell Parasite","floor":21,"turns":7},{"damage":0,"enemies":"Slavers","floor":23,"turns":5},{"damage":6,"enemies":"Sentry and Sphere","floor":24,"turns":4},{"damage":3,"enemies":"Centurion and Healer","floor":25,"turns":4},{"damage":9,"enemies":"Book of Stabbing","floor":28,"turns":4},{"damage":24,"enemies":"hubris:MusketHawk","floor":33,"turns":5},{"damage":0,"enemies":"3 Darklings","floor":35,"turns":1}],"seed_played":"-3760687581216582004","potions_obtained":[{"floor":13,"key":"Adrenaline Potion"},{"floor":14,"key":"Reflective Coating"},{"floor":16,"key":"PowerPotion"},{"floor":21,"key":"Block Potion"},{"floor":24,"key":"PowerPotion"},{"floor":33,"key":"Strength Potion"}],"is_trial":false,"path_per_floor":["M","?","M","M","$","R","?","R","T","E","?","E","M","M","R","B",null,"M","$","?","M","T","E","M","M","T","R","E","?","R","?","R","B",null,"M"],"character_chosen":"HUNTRESS","items_purchased":["hubris:GlazedTorus","DemoMod:Eureka"],"campfire_rested":0,"item_purchase_floors":[19,34],"current_hp_per_floor":[70,65,65,65,65,65,48,48,48,40,40,40,40,39,39,5,60,60,60,55,46,46,46,40,37,37,37,28,28,28,28,28,4,47,47,47],"gold":347,"neow_bonus":"THREE_ENEMY_KILL","is_daily":false,"chose_seed":false,"campfire_upgraded":6,"win_rate":0.0,"timestamp":1608879055,"path_taken":["M","?","M","M","$","R","?","R","T","E","?","E","M","M","R","BOSS","M","$","?","M","?","E","M","M","T","R","E","?","R","?","R","BOSS","M"],"items_purchased_type":["Relic","Card"],"build_version":"2020-12-22","purchased_purges":1,"victory":false,"max_hp_per_floor":[70,65,65,65,65,65,65,65,65,65,65,65,60,60,60,60,60,60,60,55,55,55,55,55,50,50,50,50,50,50,50,50,50,47,47,47],"card_choices":[{"not_picked":[],"picked":"Bomb","floor":0},{"not_picked":["DemoMod:DirectionalPad","DemoMod:TeaPot"],"picked":"DemoMod:AWP","floor":1},{"not_picked":["DemoMod:JK47","DemoMod:FortunesFavor"],"picked":"DemoMod:ShadowBullets","floor":3},{"not_picked":["DemoMod:TripleGun","DemoMod:ChanceBullets","DemoMod:Ejector"],"picked":"SKIP","floor":4},{"not_picked":["DemoMod:SkilledReload","DemoMod:SAA"],"picked":"DemoMod:ShadowBullets","floor":7},{"not_picked":["DemoMod:FullFirepower","Bomb"],"picked":"DemoMod:DoubleSwitch","floor":10},{"not_picked":["DemoMod:JK47","DemoMod:PracticeMakesPerfect"],"picked":"DemoMod:HardPowerCard","floor":11},{"not_picked":["DemoMod:PotionOfGunFriendShip","DemoMod:LifeOrb","DemoMod:TeaPot"],"picked":"SKIP","floor":12},{"not_picked":["DemoMod:Ejector","DemoMod:SAA"],"picked":"Bomb","floor":13},{"not_picked":["DemoMod:JK47","DemoMod:BoxingGlove"],"picked":"Bomb","floor":14},{"not_picked":["DemoMod:FullFirepower","DemoMod:SuppressiveFire"],"picked":"DemoMod:Behold!","floor":16},{"not_picked":["DemoMod:Polaris","DemoMod:Camera"],"picked":"DemoMod:Unmoved","floor":18},{"not_picked":["DemoMod:TeaPot","DemoMod:DoubleSwitch+1"],"picked":"DemoMod:Unmoved","floor":20},{"not_picked":["DemoMod:TripleGun","DemoMod:HuntsMan"],"picked":"DemoMod:SkilledReload+1","floor":21},{"not_picked":["DemoMod:Polaris+1","DemoMod:HardPowerCard"],"picked":"DemoMod:MachoBrace+1","floor":23},{"not_picked":["DemoMod:DirectionalPad","DemoMod:RadGun","DemoMod:JK47"],"picked":"SKIP","floor":24},{"not_picked":["DemoMod:TeaPot","DemoMod:PotionOfGunFriendShip"],"picked":"DemoMod:HardPowerCard+1","floor":25},{"not_picked":["DemoMod:BlankBullets","DemoMod:Polaris"],"picked":"DemoMod:SniperShot","floor":28},{"not_picked":["DemoMod:BulletBore","DemoMod:Desperate"],"picked":"DemoMod:Behold!","floor":33}],"player_experience":309850,"relics_obtained":[{"floor":7,"key":"UnicornStump"},{"floor":9,"key":"Replay:Bronze Core"},{"floor":10,"key":"halation:PrussianBluePaint"},{"floor":11,"key":"Nunchaku"},{"floor":12,"key":"PillsDrop"},{"floor":20,"key":"Red Mask"},{"floor":22,"key":"hubris:MedicalManual"},{"floor":26,"key":"StuffTheSpire:RunicConfusion"},{"floor":28,"key":"DemoMod:RingOfEthereal"}],"event_choices":[{"damage_healed":0,"gold_gain":0,"player_choice":"Fight","damage_taken":0,"max_hp_gain":0,"max_hp_loss":0,"event_name":"HidenRoomEvent","floor":7,"gold_loss":0},{"damage_healed":0,"gold_gain":0,"player_choice":"Fought Bandits","damage_taken":0,"max_hp_gain":0,"max_hp_loss":0,"event_name":"Masked Bandits","floor":20,"gold_loss":0},{"damage_healed":0,"gold_gain":0,"player_choice":"Ignored","damage_taken":0,"max_hp_gain":0,"max_hp_loss":0,"event_name":"N\u0027loth","floor":31,"gold_loss":0}],"is_beta":false,"boss_relics":[{"not_picked":["hubris:BlackHole","Bottled Tornado"],"picked":"HollowMod:StagPassRelic"},{"not_picked":[]},{"not_picked":["DemoMod:GreenGuonStone","ReplayTheSpireMod:Lightbulb"],"picked":"Gremlin Horn"},{"not_picked":[]}],"items_purged_floors":[5],"is_endless":false,"potions_floor_spawned":[4,13,14,16,21,24,33],"killed_by":"3 Darklings","ascension_level":0}}