{"host":"uy3vg6glkp8m6iit","time":1608889164,"event":{"mods":["AchievementEnabler","BaseMod","Colored Map","DeckTracker","Highlight Path","Keyboard Shortcuts","Minty Spire (QoL Compilation)","Quick Restart","Random Character Button","Rare Cards Sparkle","Relic Stats","StSLib","everything is the same but u backflip on backflip"],"gold_per_floor":[366,385,401,401,7,7,35,35,35,35,9,42,42,57,57,57,57],"floor_reached":16,"playtime":510,"items_purged":["Strike_G"],"score":140,"play_id":"82d41574-3322-4b72-a26a-0a805be8a6b8","local_time":"20201225183924","is_ascension_mode":true,"campfire_choices":[{"data":"Endless Agony","floor":6.0,"key":"SMITH"},{"floor":8.0,"key":"REST"},{"data":"Deadly Poison","floor":13.0,"key":"SMITH"},{"data":"Calculated Gamble","floor":15.0,"key":"SMITH"}],"circlet_count":0,"master_deck":["Strike_G","Strike_G","Strike_G","Strike_G","Defend_G","Defend_G","Defend_G","Defend_G","Defend_G","Survivor","Neutralize","Endless Agony+1","Acrobatics","Eviscerate","Panacea","Concentrate+1","Deadly Poison+1","Calculated Gamble+1"],"relics":["Ring of the Snake","Membership Card","MealTicket","Tiny Chest","Mummified Hand","Toy Ornithopter","Blood Vial"],"acts_visited":["Exordium"],"potions_floor_usage":[],"damage_taken":[{"damage":0.0,"enemies":"Cultist","floor":1.0,"turns":4.0},{"damage":0.0,"enemies":"Small Slimes","floor":2.0,"turns":3.0},{"damage":6.0,"enemies":"2 Louse","floor":3.0,"turns":3.0},{"damage":76.0,"enemies":"Lagavulin","floor":7.0,"turns":12.0},{"damage":12.0,"enemies":"3 Sentries","floor":12.0,"turns":10.0},{"damage":0.0,"enemies":"Looter","floor":14.0,"turns":3.0},{"damage":31,"enemies":"The Guardian","floor":16,"turns":8}],"seed_played":"4521460349317397797","potions_obtained":[{"floor":1.0,"key":"FairyPotion"},{"floor":3.0,"key":"SkillPotion"}],"is_trial":false,"path_per_floor":["M","M","M","?","$","R","E","R","T","?","$","E","R","M","R","B"],"character_chosen":"THE_SILENT","items_purchased":["Membership Card","Eviscerate","Panacea","MealTicket","Tiny Chest","Deadly Poison"],"campfire_rested":1,"item_purchase_floors":[5,5,5,5,5,11],"current_hp_per_floor":[63,63,57,57,57,57,3,21,21,21,36,24,24,26,26,0,0],"gold":57,"neow_bonus":"TWO_FIFTY_GOLD","is_daily":false,"chose_seed":false,"campfire_upgraded":3,"win_rate":0.0,"timestamp":1608889164,"path_taken":["M","M","M","?","$","R","E","R","T","?","$","E","R","M","R","BOSS"],"items_purchased_type":["Relic","Card","Card","Relic","Relic","Card"],"build_version":"2020-12-22","purchased_purges":1,"victory":false,"max_hp_per_floor":[63,63,63,63,63,63,63,63,63,63,63,63,63,63,63,63,63],"relic_stats":{"Blood Vial":4,"counters":[7,43],"Mummified Hand":[0],"MealTicket":15,"Tiny Chest":0,"obtain_stats":[{"Blood Vial":12,"Mummified Hand":7,"MealTicket":5,"Tiny Chest":5,"Membership Card":5,"Toy Ornithopter":9,"Ring of the Snake":0},{"Blood Vial":5,"Mummified Hand":4,"MealTicket":3,"Tiny Chest":3,"Membership Card":3,"Toy Ornithopter":4,"Ring of the Snake":0},{"Blood Vial":32,"Mummified Hand":22,"MealTicket":10,"Tiny Chest":10,"Membership Card":10,"Toy Ornithopter":22,"Ring of the Snake":0}],"Toy Ornithopter":0,"Ring of the Snake":[16]},"card_choices":[{"not_picked":["Outmaneuver","Infinite Blades"],"picked":"Endless Agony","floor":1.0},{"not_picked":["Blade Dance","Escape Plan"],"picked":"Acrobatics","floor":2.0},{"not_picked":["Slice","Flying Knee","Bullet Time"],"picked":"SKIP","floor":3.0},{"not_picked":["Prepared","Escape Plan"],"picked":"Concentrate","floor":7.0},{"not_picked":["Endless Agony","Dagger Throw","Poisoned Stab"],"picked":"SKIP","floor":12.0},{"not_picked":["Cloak And Dagger","Escape Plan"],"picked":"Calculated Gamble","floor":14.0}],"player_experience":1437679,"relics_obtained":[{"floor":7.0,"key":"Mummified Hand"},{"floor":9.0,"key":"Toy Ornithopter"},{"floor":12.0,"key":"Blood Vial"}],"event_choices":[{"damage_healed":0.0,"max_hp_gain":0.0,"max_hp_loss":0.0,"gold_gain":0.0,"event_name":"Golden Idol","player_choice":"Ignored","floor":4.0,"gold_loss":0.0,"damage_taken":0.0},{"damage_healed":0.0,"max_hp_gain":0.0,"max_hp_loss":0.0,"gold_gain":0.0,"event_name":"Upgrade Shrine","player_choice":"Upgraded","floor":10.0,"gold_loss":0.0,"damage_taken":0.0,"cards_upgraded":["Concentrate"]}],"is_beta":false,"boss_relics":[],"items_purged_floors":[5],"is_endless":false,"potions_floor_spawned":[1,3],"killed_by":"The Guardian","ascension_level":6}}