{"host":"e4hse1vg61zltgzv","time":1608878738,"event":{"mods":["AchievementEnabler","BaseMod","Block Reminder","Colored Map","DeckTracker","GifTheSpireLib","Minty Spire (QoL Compilation)","Rare Cards Sparkle","StSLib","SuperFastMode","everything is the same but u backflip on backflip"],"gold_per_floor":[2109,1528,1540,1558,1570,1595,1606,1606,1606,1621,1686,1716,1716,893,893,968,968,979,425,475,159,159,191,16,44,113,146,171,187,187,219,219,293,293,308,308,108,125,142,169,188,221,246,278,315,102,121,146,146],"floor_reached":48,"playtime":1269,"items_purged":["FlyingSleeves","Worship","Prostrate","WheelKick","Evaluate+1","Vigilance","Eruption+1"],"score":1906,"play_id":"5f391114-26aa-40ce-a9e4-0358a37ee4a4","local_time":"20201225154538","is_ascension_mode":true,"campfire_choices":[{"data":"Eruption","floor":8,"key":"SMITH"},{"data":"Tantrum","floor":13,"key":"SMITH"},{"data":"Adaptation","floor":15,"key":"SMITH"},{"data":"InnerPeace","floor":30,"key":"SMITH"},{"data":"1","floor":32,"key":"LIFT"}],"circlet_count":0,"master_deck":["AscendersBane","Tantrum+1","InnerPeace+1","Halt+1","FearNoEvil","Adaptation+1","Master of Strategy","Adaptation+1"],"relics":["Pandora\u0027s Box","Ice Cream","Toy Ornithopter","Gambling Chip","Omamori","WingedGreaves","Potion Belt","Shuriken","Calling Bell","Blue Candle","Torii","War Paint","Medical Kit","Bag of Preparation","DollysMirror","Vajra","Centennial Puzzle","Darkstone Periapt","MealTicket","Girya","Coffee Dripper","Thread and Needle","Regal Pillow","MawBank","Lantern","StoneCalendar"],"acts_visited":["Exordium","TheCity","TheBeyond"],"potions_floor_usage":[6],"damage_taken":[{"damage":0.0,"enemies":"Cultist","floor":1.0,"turns":2.0},{"damage":2,"enemies":"2 Louse","floor":3,"turns":2},{"damage":4,"enemies":"Jaw Worm","floor":4,"turns":2},{"damage":6,"enemies":"3 Louse","floor":5,"turns":3},{"damage":10,"enemies":"Lagavulin","floor":6,"turns":7},{"damage":3,"enemies":"Blue Slaver","floor":7,"turns":3},{"damage":0,"enemies":"Looter","floor":10,"turns":1},{"damage":0,"enemies":"Gremlin Nob","floor":11,"turns":2},{"damage":20,"enemies":"3 Sentries","floor":12,"turns":5},{"damage":11,"enemies":"The Guardian","floor":16,"turns":5},{"damage":0,"enemies":"2 Thieves","floor":18,"turns":3},{"damage":0,"enemies":"Gremlin Leader","floor":23,"turns":1},{"damage":0,"enemies":"Book of Stabbing","floor":25,"turns":1},{"damage":0,"enemies":"Gremlin Leader","floor":27,"turns":1},{"damage":0,"enemies":"Slavers","floor":28,"turns":1},{"damage":0,"enemies":"Spheric Guardian","floor":29,"turns":1},{"damage":0,"enemies":"Book of Stabbing","floor":31,"turns":1},{"damage":0,"enemies":"Automaton","floor":33,"turns":1},{"damage":0,"enemies":"Orb Walker","floor":35,"turns":1},{"damage":3,"enemies":"3 Shapes","floor":38,"turns":1},{"damage":0,"enemies":"Spire Growth","floor":39,"turns":1},{"damage":0,"enemies":"Reptomancer","floor":40,"turns":1},{"damage":0,"enemies":"Transient","floor":41,"turns":1},{"damage":0,"enemies":"Giant Head","floor":42,"turns":1},{"damage":0,"enemies":"3 Darklings","floor":44,"turns":1},{"damage":0,"enemies":"Nemesis","floor":45,"turns":1},{"damage":0,"enemies":"Sphere and 2 Shapes","floor":47,"turns":1},{"damage":0,"enemies":"Mind Bloom Boss Battle","floor":48,"turns":2}],"seed_played":"-2461142489217592856","potions_obtained":[{"floor":4,"key":"Ancient Potion"},{"floor":5,"key":"SneckoOil"},{"floor":7,"key":"FearPotion"},{"floor":23,"key":"DistilledChaos"},{"floor":47,"key":"PowerPotion"}],"is_trial":false,"path_per_floor":["M","$","M","M","M","E","M","R","T","M","?","E","R","$","R","B",null,"M","$","?","$","?","E","$","E","T","E","E","M","R","E","R","B",null,"M","?","$","M","M","E","M","E","T","M","E","$","M","?"],"character_chosen":"WATCHER","items_purchased":["Ice Cream","Toy Ornithopter","Adaptation","Potion Belt","Shuriken","Master of Strategy","Medical Kit","Bag of Preparation","EntropicBrew","DollysMirror"],"campfire_rested":0,"item_purchase_floors":[2,2,14,14,14,14,19,19,19,21],"current_hp_per_floor":[67,67,65,61,55,50,47,47,47,47,47,27,27,84,84,73,81,81,81,81,81,81,81,81,81,81,81,81,81,81,81,81,81,83,83,83,84,81,81,81,81,81,81,81,81,84,84,84,84],"gold":146,"neow_bonus":"TEN_PERCENT_HP_BONUS","is_daily":false,"chose_seed":false,"campfire_upgraded":4,"win_rate":0.0,"timestamp":1608878738,"path_taken":["M","$","M","M","M","E","?","R","T","M","?","E","R","$","R","BOSS","M","$","?","$","?","E","?","E","T","E","E","M","R","E","R","BOSS","M","?","$","M","M","E","M","E","T","M","E","$","M","?"],"items_purchased_type":["Relic","Relic","Card","Relic","Relic","Card","Relic","Relic","Potion","Relic"],"build_version":"2020-12-22","purchased_purges":7,"victory":false,"max_hp_per_floor":[74,74,74,74,74,74,74,74,74,74,74,74,74,84,84,84,84,84,84,84,84,84,84,84,84,84,84,84,84,84,84,84,84,84,84,84,84,84,84,84,84,84,84,84,84,84,84,84,84],"card_choices":[{"not_picked":["Protect","Crescendo","ForeignInfluence"],"picked":"SKIP","floor":1.0},{"not_picked":["Prostrate","WindmillStrike"],"picked":"Halt","floor":3},{"not_picked":["SashWhip","Vengeance","Wireheading"],"picked":"SKIP","floor":4},{"not_picked":["Consecrate","SashWhip","CrushJoints"],"picked":"SKIP","floor":5},{"not_picked":["BowlingBash","Judgement"],"picked":"WheelKick","floor":6},{"not_picked":["SandsOfTime","Vengeance","BattleHymn"],"picked":"SKIP","floor":7},{"not_picked":["ForeignInfluence","Nirvana","Prostrate"],"picked":"SKIP","floor":10},{"not_picked":["Prostrate","ThirdEye"],"picked":"FearNoEvil","floor":11},{"not_picked":["Prostrate","EmptyBody","DeceiveReality"],"picked":"SKIP","floor":12},{"not_picked":["EmptyBody","Protect","FlyingSleeves"],"picked":"SKIP","floor":18},{"not_picked":["WreathOfFlame","FlurryOfBlows","Wallop+1"],"picked":"SKIP","floor":23},{"not_picked":["CarveReality","EmptyFist","Halt+1"],"picked":"SKIP","floor":25},{"not_picked":["FollowUp","PathToVictory+1","CrushJoints"],"picked":"SKIP","floor":27},{"not_picked":["BowlingBash","Prostrate","Judgement"],"picked":"SKIP","floor":28},{"not_picked":["Protect","PathToVictory","CrushJoints"],"picked":"SKIP","floor":29},{"not_picked":["JustLucky","Adaptation","Protect"],"picked":"SKIP","floor":31},{"not_picked":["Halt","DeceiveReality","Protect"],"picked":"SKIP","floor":35},{"not_picked":["EmptyFist+1","FollowUp","SignatureMove"],"picked":"SKIP","floor":38},{"not_picked":["BowlingBash+1","Wireheading","Meditate+1"],"picked":"SKIP","floor":39},{"not_picked":["Ragnarok","Crescendo","SignatureMove"],"picked":"SKIP","floor":40},{"not_picked":["Perseverance","Halt","Meditate"],"picked":"SKIP","floor":41},{"not_picked":["Collect","FlurryOfBlows","Prostrate"],"picked":"SKIP","floor":42},{"not_picked":["WreathOfFlame","FlyingSleeves","Fasting2"],"picked":"SKIP","floor":44},{"not_picked":["Weave","Evaluate","Protect+1"],"picked":"SKIP","floor":45},{"not_picked":["Protect","Indignation+1","Crescendo"],"picked":"SKIP","floor":47}],"player_experience":758867,"relics_obtained":[{"floor":6,"key":"Gambling Chip"},{"floor":11,"key":"Omamori"},{"floor":12,"key":"WingedGreaves"},{"floor":17,"key":"Blue Candle"},{"floor":17,"key":"Torii"},{"floor":17,"key":"War Paint"},{"floor":23,"key":"Vajra"},{"floor":25,"key":"Centennial Puzzle"},{"floor":26,"key":"Darkstone Periapt"},{"floor":28,"key":"MealTicket"},{"floor":31,"key":"Girya"},{"floor":40,"key":"Thread and Needle"},{"floor":42,"key":"Regal Pillow"},{"floor":43,"key":"MawBank"},{"floor":45,"key":"Lantern"},{"floor":48,"key":"StoneCalendar"}],"event_choices":[{"damage_healed":0,"gold_gain":30,"player_choice":"Searched \u00273\u0027 times","damage_taken":0,"max_hp_gain":0,"max_hp_loss":0,"event_name":"Dead Adventurer","floor":11,"gold_loss":0},{"cards_removed":["Judgement"],"damage_healed":47,"gold_gain":0,"player_choice":"Offered Rare","damage_taken":0,"max_hp_gain":10,"max_hp_loss":0,"event_name":"Bonfire Elementals","floor":14,"gold_loss":0},{"damage_healed":0,"gold_gain":50,"player_choice":"Stole From Cult","damage_taken":0,"max_hp_gain":0,"max_hp_loss":0,"event_name":"Nest","floor":20,"gold_loss":0},{"cards_removed":["JustLucky"],"damage_healed":0,"gold_gain":0,"player_choice":"Elegance","damage_taken":0,"max_hp_gain":0,"max_hp_loss":0,"event_name":"Back to Basics","floor":22,"gold_loss":0},{"damage_healed":0,"gold_gain":0,"player_choice":"Ignored","damage_taken":0,"max_hp_gain":0,"max_hp_loss":0,"event_name":"Tomb of Lord Red Mask","floor":36,"gold_loss":0},{"damage_healed":0,"gold_gain":0,"player_choice":"Fight","damage_taken":0,"max_hp_gain":0,"max_hp_loss":0,"event_name":"MindBloom","floor":48,"gold_loss":0}],"is_beta":false,"boss_relics":[{"not_picked":["Tiny House","Ectoplasm"],"picked":"Calling Bell"},{"not_picked":["Cursed Key","Velvet Choker"],"picked":"Coffee Dripper"}],"items_purged_floors":[2,14,19,21,24,37,46],"is_endless":false,"potions_floor_spawned":[4,5,7,23,25,27,33,38,39,42,47,48],"killed_by":"Mind Bloom Boss Battle","ascension_level":20}}