{"host":"52jmisti11ysmja4","time":1608857120,"event":{"mods":["Aspiration","BaseMod","Better Third Choice","Hermit","Koishi","Minty Spire (QoL Compilation)","Remove Card Discount Mod","Shade Mod","StSLib","The Cursed","The Servant 0.9.4","The Vixen"],"gold_per_floor":[114,14,27,47,47,80,80,115,115,128,153,168,187,214,214,291,291,302,319,319,332,135,170,190,224,224,224,250,250,285,285,285,285,285],"floor_reached":33,"playtime":1440,"items_purged":["Strike_R","Strike_R","Strike_R","Strike_R","Strike_R","Defend_R","Defend_R","Defend_R"],"score":910,"play_id":"23d3c000-1902-4bb0-ae73-9275cb35722f","local_time":"20201224164520","is_ascension_mode":true,"campfire_choices":[{"floor":15,"key":"REST"},{"floor":27,"key":"REST"},{"floor":29,"key":"REST"},{"floor":32,"key":"REST"}],"circlet_count":0,"master_deck":["AscendersBane","Combust","Body Slam","Iron Wave","Inflame","Headbutt","Wild Strike+1","Wild Strike+1","Cleave+1","Rampage+1","Reckless Charge+1","Feel No Pain","Cleave+1","Impervious","Reckless Charge+1","Pommel Strike+1","Flex","Pummel+1","Combust","Pommel Strike+1","Fiend Fire+1","Whirlwind+1","Fire Breathing","Inflame"],"relics":["Burning Blood","NeowsBlessing","Molten Egg 2","StrikeDummy","Akabeko","War Paint","Shuriken","Pandora\u0027s Box","PreservedInsect","Smiling Mask","aspiration:StickyExplosives_weak","Sundial","FossilizedHelix","Lantern"],"acts_visited":["Exordium","TheCity"],"potions_floor_usage":[8,11,14,25,25],"damage_taken":[{"damage":0,"enemies":"2 Louse","floor":1,"turns":1},{"damage":0,"enemies":"Cultist","floor":3,"turns":1},{"damage":0,"enemies":"Jaw Worm","floor":4,"turns":1},{"damage":35,"enemies":"3 Sentries","floor":6,"turns":6},{"damage":21,"enemies":"Gremlin Nob","floor":8,"turns":4},{"damage":5,"enemies":"Large Slime","floor":10,"turns":3},{"damage":15,"enemies":"Lagavulin","floor":11,"turns":3},{"damage":13,"enemies":"Blue Slaver","floor":12,"turns":2},{"damage":10,"enemies":"Exordium Wildlife","floor":13,"turns":3},{"damage":2,"enemies":"3 Sentries","floor":14,"turns":3},{"damage":1,"enemies":"Slime Boss","floor":16,"turns":5},{"damage":11,"enemies":"2 Thieves","floor":18,"turns":2},{"damage":16,"enemies":"3 Byrds","floor":19,"turns":3},{"damage":6,"enemies":"Centurion and Healer","floor":21,"turns":3},{"damage":20,"enemies":"Gremlin Leader","floor":23,"turns":3},{"damage":8,"enemies":"3 Cultists","floor":24,"turns":3},{"damage":0,"enemies":"Slavers","floor":25,"turns":1},{"damage":45,"enemies":"Book of Stabbing","floor":28,"turns":3},{"damage":20,"enemies":"Slavers","floor":30,"turns":3},{"damage":61,"enemies":"Champ","floor":33,"turns":6}],"seed_played":"-3112985391347627268","potions_obtained":[{"floor":1,"key":"CultistPotion"},{"floor":6,"key":"HeartOfIron"},{"floor":10,"key":"BlessingOfTheForge"},{"floor":14,"key":"DuplicationPotion"},{"floor":18,"key":"EssenceOfSteel"},{"floor":23,"key":"PowerPotion"},{"floor":30,"key":"SkillPotion"}],"is_trial":false,"path_per_floor":["M","$","M","M","?","E","?","E","T","M","E","M","M","E","R","B",null,"M","M","?","M","$","E","M","E","T","R","E","R","E","?","R","B"],"character_chosen":"IRONCLAD","items_purchased":["Body Slam","Iron Wave","PreservedInsect","Pommel Strike+1"],"campfire_rested":4,"item_purchase_floors":[2,2,22,22],"current_hp_per_floor":[74,74,75,75,75,46,46,31,31,32,23,16,12,16,38,43,67,62,52,52,52,52,38,36,42,42,64,25,47,33,33,55,0,0],"gold":285,"neow_bonus":"THREE_ENEMY_KILL","is_daily":false,"chose_seed":false,"campfire_upgraded":0,"win_rate":0.0,"timestamp":1608857120,"path_taken":["M","$","M","M","?","E","?","E","T","M","E","M","M","E","R","BOSS","M","M","?","?","$","E","M","E","T","R","E","R","E","?","R","BOSS"],"items_purchased_type":["Card","Card","Relic","Card"],"build_version":"2020-12-22","purchased_purges":8,"victory":false,"max_hp_per_floor":[75,75,75,75,75,75,75,75,75,75,75,75,75,75,75,75,75,75,75,75,75,75,75,75,75,75,75,75,75,75,75,75,75,75],"card_choices":[{"not_picked":["Twin Strike","Pommel Strike"],"picked":"Combust","floor":1},{"not_picked":["Havoc","True Grit"],"picked":"Inflame","floor":3},{"not_picked":["Havoc","Wild Strike"],"picked":"Headbutt","floor":4},{"not_picked":["Perfected Strike+1","Evolve"],"picked":"Wild Strike+1","floor":6},{"not_picked":["Searing Blow+1","Thunderclap+1"],"picked":"Wild Strike+1","floor":8},{"not_picked":["Fiend Fire+1","Shockwave"],"picked":"Cleave+1","floor":10},{"not_picked":["Twin Strike+1","Whirlwind+1"],"picked":"Rampage+1","floor":11},{"not_picked":["Armaments","Warcry"],"picked":"Reckless Charge+1","floor":12},{"not_picked":["Intimidate","Dual Wield"],"picked":"Feel No Pain","floor":13},{"not_picked":["True Grit","Perfected Strike+1"],"picked":"Cleave+1","floor":14},{"not_picked":["Fiend Fire+1","Feed+1"],"picked":"Impervious","floor":16},{"not_picked":["Perfected Strike+1","Thunderclap+1"],"picked":"Pommel Strike+1","floor":18},{"not_picked":["Headbutt+1","Second Wind"],"picked":"Flex","floor":19},{"not_picked":["Pommel Strike+1","Intimidate"],"picked":"Combust","floor":21},{"not_picked":["True Grit","Burning Pact"],"picked":"Fiend Fire+1","floor":23},{"not_picked":["Havoc+1","Dropkick+1"],"picked":"Whirlwind+1","floor":24},{"not_picked":["Warcry+1","Shrug It Off"],"picked":"Fire Breathing","floor":25},{"not_picked":["Disarm","Clash+1","Carnage+1"],"picked":"SKIP","floor":28},{"not_picked":["Infernal Blade","Pommel Strike+1"],"picked":"Inflame","floor":30}],"player_experience":610124,"relics_obtained":[{"floor":6,"key":"Molten Egg 2"},{"floor":8,"key":"StrikeDummy"},{"floor":9,"key":"Akabeko"},{"floor":11,"key":"War Paint"},{"floor":14,"key":"Shuriken"},{"floor":23,"key":"Smiling Mask"},{"floor":25,"key":"aspiration:StickyExplosives_weak"},{"floor":26,"key":"Sundial"},{"floor":28,"key":"FossilizedHelix"},{"floor":30,"key":"Lantern"}],"event_choices":[{"damage_healed":0,"gold_gain":0,"player_choice":"Leave","damage_taken":0,"max_hp_gain":0,"max_hp_loss":0,"event_name":"The Cleric","floor":7,"gold_loss":0},{"damage_healed":0,"gold_gain":0,"cards_transformed":["Bash"],"player_choice":"Transformed","damage_taken":0,"max_hp_gain":0,"max_hp_loss":0,"event_name":"Transmorgrifier","floor":20,"gold_loss":0,"cards_obtained":["Pummel"]},{"damage_healed":0,"gold_gain":0,"player_choice":"Ignored","damage_taken":0,"max_hp_gain":0,"max_hp_loss":0,"event_name":"Beggar","floor":31,"gold_loss":0}],"is_beta":false,"boss_relics":[{"not_picked":["Velvet Choker","Snecko Eye"],"picked":"Pandora\u0027s Box"}],"items_purged_floors":[2,2,2,2,2,2,2,2],"is_endless":false,"potions_floor_spawned":[1,6,10,14,18,23,30],"killed_by":"Champ","ascension_level":20}}