{"host":"hwdg34753f7m8ow2","time":1608856655,"event":{"mods":["AchievementEnabler","Astrologer","BaseMod","Hermit","Koishi","Marisa????????","Minty Spire (QoL Compilation)","Permanent Neow","Quick Restart","Shop Mod","StSLib","The Bug Knight","The Disciple","The Hierophant","The Senshi","The Servant 0.9.4"],"gold_per_floor":[114,128,128,146,160,189,200,49,76,76,76],"floor_reached":10,"playtime":789,"items_purged":[],"score":112,"play_id":"bedb5207-2e08-48e8-a05f-7e73fc6ce07a","local_time":"20201224173735","is_ascension_mode":true,"campfire_choices":[],"circlet_count":0,"master_deck":["AscendersBane","Strike_P","Strike_P","Strike_P","Strike_P","Defend_P","Defend_P","Defend_P","Defend_P","Eruption","Vigilance","Ragnarok","PathToVictory","FollowUp","Eruption","DevaForm","EmptyFist","Adaptation","Prostrate","BowlingBash","LessonLearned+1"],"relics":["PureWater","HollowMod:StagPassRelic","Lantern"],"acts_visited":["Exordium"],"potions_floor_usage":[],"damage_taken":[{"damage":3,"enemies":"2 Louse","floor":1,"turns":3},{"damage":0,"enemies":"Cultist","floor":2,"turns":3},{"damage":9,"enemies":"Jaw Worm","floor":4,"turns":4},{"damage":7,"enemies":"Lots of Slimes","floor":5,"turns":5},{"damage":42,"enemies":"3 Sentries","floor":6,"turns":8},{"damage":0,"enemies":"Large Slime","floor":7,"turns":3},{"damage":20,"enemies":"Lagavulin","floor":10,"turns":2}],"seed_played":"-2881896405743268979","potions_obtained":[{"floor":1,"key":"EssenceOfSteel"},{"floor":4,"key":"Ancient Potion"}],"is_trial":false,"path_per_floor":["M","M","?","M","M","E","M","$","T","E"],"character_chosen":"WATCHER","items_purchased":["LessonLearned"],"campfire_rested":0,"item_purchase_floors":[8],"current_hp_per_floor":[62,62,62,53,46,4,4,4,4,0,0],"gold":76,"neow_bonus":"THREE_RARE_CARDS","is_daily":false,"chose_seed":false,"campfire_upgraded":0,"win_rate":0.0,"timestamp":1608856655,"path_taken":["M","M","?","M","M","E","M","$","T","E"],"items_purchased_type":["Card"],"build_version":"2020-12-22","purchased_purges":0,"victory":false,"max_hp_per_floor":[65,65,65,65,65,65,65,65,65,65,65],"card_choices":[{"not_picked":["Devotion","DeusExMachina"],"picked":"Ragnarok","floor":0},{"not_picked":["InnerPeace","Study"],"picked":"PathToVictory","floor":1},{"not_picked":["Fasting2","Crescendo"],"picked":"FollowUp","floor":2},{"not_picked":["Swivel","FlurryOfBlows"],"picked":"EmptyFist","floor":4},{"not_picked":["Halt","Crescendo"],"picked":"Adaptation","floor":5},{"not_picked":["Fasting2","FlyingSleeves"],"picked":"Prostrate","floor":6},{"not_picked":["Brilliance","Prostrate"],"picked":"BowlingBash","floor":7}],"player_experience":836648,"relics_obtained":[{"floor":6,"key":"HollowMod:StagPassRelic"},{"floor":9,"key":"Lantern"}],"event_choices":[{"damage_healed":0,"gold_gain":0,"player_choice":"2 cards matched","damage_taken":0,"max_hp_gain":0,"max_hp_loss":0,"event_name":"Match and Keep!","floor":3,"gold_loss":0,"cards_obtained":["Eruption","DevaForm"]}],"is_beta":false,"boss_relics":[],"items_purged_floors":[],"is_endless":false,"potions_floor_spawned":[1,4,6],"killed_by":"Lagavulin","ascension_level":12}}