{"host":"6xsbn6ynqlzwllfm","time":1608922644,"event":{"mods":["2.2 Compatiblity","BaseMod","Bestiary","Colored Map","Colored Powertips","Curses Come First","Downfall","Highlight Path","Keyboard Shortcuts","Minty Spire (QoL Compilation)","Quick Restart","Relic Stats","Slay the Relics Exporter","StSLib","SuperFastMode"],"gold_per_floor":[115,115,127,52,68,99,99,124,177,177,177],"floor_reached":10,"playtime":186,"items_purged":[],"score":152,"play_id":"13a8cc29-a709-49f4-b23d-59cc1ef0225a","local_time":"20201225135724","is_ascension_mode":true,"campfire_choices":[{"floor":7,"key":"REST"}],"circlet_count":0,"master_deck":["AscendersBane","Strike_R+1","Strike_R","Strike_R","Strike_R","Defend_R","Defend_R","Defend_R","Defend_R","Bash+1","Twin Strike","Flex","True Grit","Pommel Strike","Metallicize"],"relics":["Burning Blood","NeowsBlessing","Gremlin Horn","MealTicket","Anchor"],"acts_visited":["Exordium"],"potions_floor_usage":[6,8],"damage_taken":[{"damage":0,"enemies":"2 Louse","floor":1,"turns":1},{"damage":0,"enemies":"Jaw Worm","floor":3,"turns":1},{"damage":0,"enemies":"Small Slimes","floor":5,"turns":1},{"damage":40,"enemies":"Lagavulin","floor":6,"turns":9},{"damage":28,"enemies":"3 Sentries","floor":8,"turns":9},{"damage":47,"enemies":"Gremlin Nob","floor":10,"turns":4}],"seed_played":"-7237388859584116836","potions_obtained":[{"floor":1,"key":"LiquidBronze"},{"floor":5,"key":"Swift Potion"}],"is_trial":false,"path_per_floor":["M","?","M","?","M","E","R","E","T","E"],"character_chosen":"IRONCLAD","items_purchased":[],"campfire_rested":1,"item_purchase_floors":[],"current_hp_per_floor":[74,51,57,57,63,29,51,29,29,0,0],"gold":177,"neow_bonus":"THREE_ENEMY_KILL","is_daily":false,"chose_seed":false,"campfire_upgraded":0,"win_rate":0.0,"timestamp":1608922644,"path_taken":["M","?","M","?","M","E","R","E","T","E"],"items_purchased_type":[],"build_version":"2020-12-22","purchased_purges":0,"victory":false,"max_hp_per_floor":[75,75,75,75,75,75,75,75,75,75,75],"relic_stats":{"Gremlin Horn":[2,2],"counters":[6,25],"MealTicket":0,"obtain_stats":[{"Anchor":9,"NeowsBlessing":0,"Gremlin Horn":6,"MealTicket":8,"Burning Blood":0},{"Anchor":5,"NeowsBlessing":0,"Gremlin Horn":4,"MealTicket":5,"Burning Blood":0},{"Anchor":21,"NeowsBlessing":0,"Gremlin Horn":12,"MealTicket":21,"Burning Blood":0}],"Burning Blood":30},"card_choices":[{"not_picked":["Combust","Flex"],"picked":"Twin Strike","floor":1},{"not_picked":["Rage","Clash"],"picked":"Flex","floor":3},{"not_picked":["Warcry","Heavy Blade"],"picked":"True Grit","floor":5},{"not_picked":["Armaments","Infernal Blade"],"picked":"Pommel Strike","floor":6},{"not_picked":["True Grit","Shockwave"],"picked":"Metallicize","floor":8}],"player_experience":1260522,"relics_obtained":[{"floor":6,"key":"Gremlin Horn"},{"floor":8,"key":"MealTicket"},{"floor":9,"key":"Anchor"}],"event_choices":[{"damage_healed":0,"gold_gain":0,"player_choice":"Entered Light","damage_taken":23,"max_hp_gain":0,"max_hp_loss":0,"event_name":"Shining Light","floor":2,"gold_loss":0,"cards_upgraded":["Bash","Strike_R"]},{"cards_removed":["Strike_R"],"damage_healed":0,"gold_gain":0,"player_choice":"Card Removal","damage_taken":0,"max_hp_gain":0,"max_hp_loss":0,"event_name":"The Cleric","floor":4,"gold_loss":75}],"is_beta":false,"boss_relics":[],"items_purged_floors":[],"is_endless":false,"potions_floor_spawned":[1,5],"killed_by":"Gremlin Nob","ascension_level":20}}