{"host":"92108ef2q9tm8rod","time":1608864371,"event":{"mods":["BaseMod","Defuse TimeMaze Blight","Minty Spire (QoL Compilation)","StSLib","The Jungle"],"gold_per_floor":[116,216,229,241,92,126,126,126,126,126,126,151,151,178,178,276,276,293,305,315,328,328,328,344,344,344,104,104,130,162,194,194,292,342,356,367,367,381,230,261,261,296,296,296,314,332,332,351,351,351],"floor_reached":51,"playtime":2228,"items_purged":[],"score":1104,"play_id":"ef3a7c37-5983-4d94-8833-eed51b6d7c62","local_time":"20201225024611","daily_mods":["SealedDeck","Blue Cards","Heirloom","Time Dilation","Flight"],"is_ascension_mode":false,"campfire_choices":[{"data":"Terror","floor":7.0,"key":"SMITH"},{"data":"Deflect","floor":8.0,"key":"SMITH"},{"data":"Deflect","floor":10.0,"key":"SMITH"},{"data":"Blur","floor":11.0,"key":"SMITH"},{"data":"Bouncing Flask","floor":13.0,"key":"SMITH"},{"data":"Noxious Fumes","floor":15.0,"key":"SMITH"},{"data":"Corpse Explosion","floor":23.0,"key":"SMITH"},{"data":"Conserve Battery","floor":25.0,"key":"SMITH"},{"data":"Crippling Poison","floor":32.0,"key":"SMITH"},{"floor":41.0,"key":"REST"},{"floor":44.0,"key":"REST"},{"data":"Madness","floor":47.0,"key":"SMITH"},{"data":"Madness","floor":49.0,"key":"SMITH"}],"circlet_count":0,"master_deck":["Poisoned Stab+1","Terror+1","Ball Lightning+1","Deflect+1","Conserve Battery+1","Deflect+1","Bouncing Flask+1","Blur+1","Crippling Poison+1","Noxious Fumes+1","Corpse Explosion+1","Madness+1","Madness+1","Purity","Neutralize"],"relics":["Ring of the Snake","Prayer Wheel","Whetstone","Mercury Hourglass","PreservedInsect","Nunchaku","Eternal Feather","Empty Cage","Mango","Singing Bowl","Bag of Preparation","Bag of Marbles","Bottled Lightning","Tiny House","Snake Skull","CeramicFish","Akabeko","InkBottle"],"acts_visited":["Exordium","Exordium","TheBeyond"],"potions_floor_usage":[50,50],"damage_taken":[{"damage":0.0,"enemies":"2 Louse","floor":1.0,"turns":3.0},{"damage":0.0,"enemies":"Cultist","floor":3.0,"turns":2.0},{"damage":0.0,"enemies":"Jaw Worm","floor":4.0,"turns":4.0},{"damage":0.0,"enemies":"Lagavulin","floor":6.0,"turns":4.0},{"damage":0.0,"enemies":"3 Sentries","floor":12.0,"turns":3.0},{"damage":0.0,"enemies":"Lagavulin","floor":14.0,"turns":3.0},{"damage":0.0,"enemies":"Slime Boss","floor":16.0,"turns":7.0},{"damage":0.0,"enemies":"theJungle:MUSHROOMGANG","floor":18.0,"turns":3.0},{"damage":0.0,"enemies":"theJungle:Flameango_and_Byrd","floor":19.0,"turns":4.0},{"damage":0.0,"enemies":"theJungle:2_Flameangoes","floor":20.0,"turns":4.0},{"damage":0.0,"enemies":"theJungle:2_Snecko_Cultists","floor":21.0,"turns":4.0},{"damage":0.0,"enemies":"theJungle:SlimyTreeVines","floor":24.0,"turns":5.0},{"damage":0.0,"enemies":"theJungle:2_Phrogs","floor":29.0,"turns":3.0},{"damage":0.0,"enemies":"theJungle:MamaSnecko","floor":30.0,"turns":4.0},{"damage":0.0,"enemies":"theJungle:Cassacara","floor":31.0,"turns":4.0},{"damage":0.0,"enemies":"theJungle:FunGuy","floor":33.0,"turns":8.0},{"damage":0.0,"enemies":"Orb Walker","floor":35.0,"turns":4.0},{"damage":0.0,"enemies":"3 Shapes","floor":36.0,"turns":3.0},{"damage":0.0,"enemies":"3 Darklings","floor":38.0,"turns":3.0},{"damage":23.0,"enemies":"Nemesis","floor":40.0,"turns":5.0},{"damage":14.0,"enemies":"Reptomancer","floor":42.0,"turns":5.0},{"damage":6.0,"enemies":"Maw","floor":48.0,"turns":5.0},{"damage":9,"enemies":"Awakened One","floor":50,"turns":11}],"seed_played":"-8307156821804916219","potions_obtained":[{"floor":1.0,"key":"PowerPotion"},{"floor":3.0,"key":"Strength Potion"},{"floor":4.0,"key":"CunningPotion"},{"floor":14.0,"key":"SkillPotion"},{"floor":18.0,"key":"AttackPotion"},{"floor":20.0,"key":"GhostInAJar"},{"floor":28.0,"key":"Ancient Potion"},{"floor":28.0,"key":"Fire Potion"},{"floor":31.0,"key":"Block Potion"},{"floor":33.0,"key":"LiquidMemories"}],"is_trial":true,"path_per_floor":["M","?","M","M","$","E","R","R","T","R","R","E","R","E","R","B",null,"M","M","M","M","$","R","M","R","T","$","?","E","E","E","R","B",null,"M","M","$","M","$","E","R","E","T","R","?","?","R","M","R","B",null],"character_chosen":"THE_SILENT","items_purchased":["Whetstone","Singing Bowl","Snake Skull"],"campfire_rested":2,"item_purchase_floors":[5,27,39],"current_hp_per_floor":[70,70,70,70,70,70,70,70,70,70,70,70,70,70,70,70,70,70,70,70,70,70,70,70,70,84,84,84,86,88,90,90,92,99,103,107,107,111,111,90,113,101,101,115,101,101,110,108,117,108],"gold":351,"neow_bonus":"","is_daily":false,"chose_seed":false,"campfire_upgraded":11,"win_rate":0.0,"timestamp":1608864371,"path_taken":["M","?","?","M","$","E","R","R","T","R","R","E","R","E","R","BOSS","M","M","?","M","$","R","M","R","T","$","?","E","E","E","R","BOSS","M","M","$","?","$","E","R","E","T","R","?","?","R","M","R","BOSS"],"items_purchased_type":["Relic","Relic","Relic"],"build_version":"2020-12-22","purchased_purges":0,"victory":true,"max_hp_per_floor":[70,70,70,70,70,70,70,70,70,70,70,70,70,70,70,70,70,70,70,70,70,70,70,70,70,84,84,84,86,88,90,90,92,99,103,107,107,111,111,113,113,115,115,115,115,115,115,119,119,119],"card_choices":[{"not_picked":["Conserve Battery","Rebound","PiercingWail"],"picked":"SKIP","floor":1.0},{"not_picked":["PiercingWail","Concentrate","Leap"],"picked":"SKIP","floor":1.0},{"not_picked":["Masterful Stab","PiercingWail"],"picked":"Crippling Poison","floor":3.0},{"not_picked":["Outmaneuver","Coolheaded","Reprogram"],"picked":"SKIP","floor":3.0},{"not_picked":["Outmaneuver","Scrape","Cloak And Dagger"],"picked":"SKIP","floor":4.0},{"not_picked":["Rainbow","Quick Slash","Aggregate"],"picked":"SKIP","floor":4.0},{"not_picked":["Blade Dance","Hologram","Self Repair"],"picked":"SKIP","floor":6.0},{"not_picked":["Blade Dance","Fission","Barrage"],"picked":"SKIP","floor":12.0},{"not_picked":["Concentrate","Infinite Blades"],"picked":"Noxious Fumes","floor":14.0},{"not_picked":["Glass Knife","Rainbow"],"picked":"Corpse Explosion","floor":16.0},{"not_picked":["Bane","Deadly Poison","Coolheaded"],"picked":"SKIP","floor":18.0},{"not_picked":["Sunder","Dagger Spray+1","Outmaneuver+1"],"picked":"SKIP","floor":18.0},{"not_picked":["Ball Lightning+1","Well Laid Plans","Bane"],"picked":"SKIP","floor":19.0},{"not_picked":["Dagger Spray","Backflip+1","Leap+1"],"picked":"SKIP","floor":19.0},{"not_picked":["Slice","Acrobatics","Blur"],"picked":"SKIP","floor":20.0},{"not_picked":["Rebound","Dodge and Roll","Slice"],"picked":"SKIP","floor":20.0},{"not_picked":["Beam Cell","Gash","Chaos"],"picked":"SKIP","floor":21.0},{"not_picked":["Leg Sweep","Compile Driver","Ball Lightning+1"],"picked":"SKIP","floor":21.0},{"not_picked":["Hologram","Grand Finale","Bane"],"picked":"SKIP","floor":24.0},{"not_picked":["Prepared","Finisher","Darkness+1"],"picked":"SKIP","floor":24.0},{"not_picked":["Tactician+1","Blade Dance+1","Heel Hook+1"],"picked":"Singing Bowl","floor":29.0},{"not_picked":["Redo","Lockon","Accuracy"],"picked":"Singing Bowl","floor":30.0},{"not_picked":["Barrage","White Noise","Poisoned Stab"],"picked":"Singing Bowl","floor":31.0},{"not_picked":["Grand Finale","A Thousand Cuts","Wraith Form v2"],"picked":"Singing Bowl","floor":33.0},{"not_picked":["Conserve Battery","Compile Driver+1","Coolheaded"],"picked":"Singing Bowl","floor":34.0},{"not_picked":["Compile Driver","Hologram","Beam Cell"],"picked":"Singing Bowl","floor":35.0},{"not_picked":["Backflip","Rebound","Defragment+1"],"picked":"Singing Bowl","floor":35.0},{"not_picked":["Corpse Explosion","Cold Snap","Acrobatics"],"picked":"Singing Bowl","floor":36.0},{"not_picked":["Barrage","Calculated Gamble+1","Leap+1"],"picked":"Singing Bowl","floor":36.0},{"not_picked":["Fusion","Gash","Underhanded Strike+1"],"picked":"Singing Bowl","floor":38.0},{"not_picked":["Eviscerate+1","Streamline","Rebound+1"],"picked":"Singing Bowl","floor":38.0},{"not_picked":["BootSequence","Rebound","Leg Sweep+1"],"picked":"Singing Bowl","floor":40.0},{"not_picked":["Hello World","Turbo","Reflex+1"],"picked":"Singing Bowl","floor":42.0},{"not_picked":["Acrobatics+1","Gash","Deadly Poison"],"picked":"Singing Bowl","floor":48.0},{"not_picked":["Chaos","Go for the Eyes","Darkness+1"],"picked":"Singing Bowl","floor":48.0}],"player_experience":3186911,"relics_obtained":[{"floor":6.0,"key":"Mercury Hourglass"},{"floor":9.0,"key":"PreservedInsect"},{"floor":12.0,"key":"Nunchaku"},{"floor":14.0,"key":"Eternal Feather"},{"floor":26.0,"key":"Mango"},{"floor":29.0,"key":"Bag of Preparation"},{"floor":30.0,"key":"Bag of Marbles"},{"floor":31.0,"key":"Bottled Lightning"},{"floor":40.0,"key":"CeramicFish"},{"floor":42.0,"key":"Akabeko"},{"floor":43.0,"key":"InkBottle"}],"event_choices":[{"damage_healed":0.0,"max_hp_gain":0.0,"max_hp_loss":0.0,"gold_gain":100.0,"event_name":"Golden Shrine","player_choice":"Pray","floor":2.0,"gold_loss":0.0,"damage_taken":0.0},{"damage_healed":0.0,"max_hp_gain":0.0,"max_hp_loss":0.0,"gold_gain":0.0,"event_name":"Lab","player_choice":"Got Potions","floor":28.0,"gold_loss":0.0,"damage_taken":0.0},{"damage_healed":0.0,"max_hp_gain":0.0,"max_hp_loss":0.0,"gold_gain":0.0,"event_name":"Winding Halls","player_choice":"Embrace Madness","floor":45.0,"gold_loss":0.0,"damage_taken":14.0,"cards_obtained":["Madness","Madness"]},{"damage_healed":0.0,"max_hp_gain":0.0,"max_hp_loss":0.0,"gold_gain":0.0,"event_name":"Match and Keep!","player_choice":"2 cards matched","floor":46.0,"gold_loss":0.0,"damage_taken":0.0,"cards_obtained":["Purity","Neutralize"]}],"is_beta":false,"boss_relics":[{"not_picked":["SlaversCollar","SacredBark"],"picked":"Empty Cage"},{"not_picked":["Runic Pyramid","Black Star"],"picked":"Tiny House"}],"items_purged_floors":[],"is_endless":false,"potions_floor_spawned":[1,3,4,14,18,20,31,33,36,38],"ascension_level":0}}