{"host":"6xsbn6ynqlzwllfm","time":1608918912,"event":{"mods":["2.2 Compatiblity","BaseMod","Bestiary","Colored Map","Colored Powertips","Curses Come First","Downfall","Highlight Path","Keyboard Shortcuts","Minty Spire (QoL Compilation)","Quick Restart","Relic Stats","Slay the Relics Exporter","StSLib","SuperFastMode"],"gold_per_floor":[113,38,38,38,313,348,348,383,406,406,406,406],"floor_reached":11,"playtime":117,"items_purged":[],"score":254,"play_id":"93a34b5b-b8d5-46b8-8345-a2223ab4d5e7","local_time":"20201225125512","is_ascension_mode":true,"campfire_choices":[{"data":"Spot Weakness","floor":7,"key":"SMITH"},{"data":"Burning Pact","floor":10,"key":"SMITH"}],"circlet_count":0,"master_deck":["AscendersBane","Strike_R","Strike_R","Strike_R","Strike_R","Defend_R","Defend_R","Defend_R","Defend_R","Bash","Spot Weakness+1","Regret","Burning Pact+1"],"relics":["Burning Blood","NeowsBlessing","Golden Idol","Tiny Chest","Shuriken","Regal Pillow"],"acts_visited":["Exordium"],"potions_floor_usage":[],"damage_taken":[{"damage":0,"enemies":"Jaw Worm","floor":1,"turns":1},{"damage":0,"enemies":"3 Sentries","floor":6,"turns":2},{"damage":0,"enemies":"Gremlin Nob","floor":8,"turns":1},{"damage":68,"enemies":"Lagavulin","floor":11,"turns":8}],"seed_played":"-5200604898030902129","potions_obtained":[],"is_trial":false,"path_per_floor":["M","?","$","?","?","E","R","E","T","R","E"],"character_chosen":"IRONCLAD","items_purchased":[],"campfire_rested":0,"item_purchase_floors":[],"current_hp_per_floor":[74,74,74,68,68,68,68,68,68,68,0,0],"gold":406,"neow_bonus":"THREE_ENEMY_KILL","is_daily":false,"chose_seed":false,"campfire_upgraded":2,"win_rate":0.0,"timestamp":1608918912,"path_taken":["M","?","$","?","?","E","R","E","T","R","E"],"items_purchased_type":[],"build_version":"2020-12-22","purchased_purges":0,"victory":false,"max_hp_per_floor":[75,75,75,68,68,68,68,68,68,68,68,68],"relic_stats":{"Regal Pillow":0,"counters":[4,12],"Golden Idol":14,"Shuriken":[0],"Tiny Chest":0,"obtain_stats":[{"Regal Pillow":9,"NeowsBlessing":0,"Golden Idol":4,"Shuriken":8,"Tiny Chest":6,"Burning Blood":0},{"Regal Pillow":3,"NeowsBlessing":0,"Golden Idol":1,"Shuriken":3,"Tiny Chest":2,"Burning Blood":0},{"Regal Pillow":4,"NeowsBlessing":0,"Golden Idol":1,"Shuriken":4,"Tiny Chest":3,"Burning Blood":0}],"Burning Blood":6},"card_choices":[{"not_picked":["Iron Wave","Havoc"],"picked":"Spot Weakness","floor":1},{"not_picked":["Wild Strike","Shrug It Off"],"picked":"Burning Pact","floor":6}],"player_experience":1257471,"relics_obtained":[{"floor":6,"key":"Tiny Chest"},{"floor":8,"key":"Shuriken"},{"floor":9,"key":"Regal Pillow"}],"event_choices":[{"cards_removed":["Strike_R"],"damage_healed":0,"gold_gain":0,"player_choice":"Card Removal","damage_taken":0,"max_hp_gain":0,"max_hp_loss":0,"event_name":"The Cleric","floor":2,"gold_loss":75},{"damage_healed":0,"gold_gain":0,"player_choice":"Lose Max HP","damage_taken":0,"relics_obtained":["Golden Idol"],"max_hp_gain":0,"max_hp_loss":7,"event_name":"Golden Idol","floor":4,"gold_loss":0},{"damage_healed":0,"gold_gain":275,"player_choice":"Desecrate","damage_taken":0,"max_hp_gain":0,"max_hp_loss":0,"event_name":"Golden Shrine","floor":5,"gold_loss":0,"cards_obtained":["Regret"]}],"is_beta":false,"boss_relics":[],"items_purged_floors":[],"is_endless":false,"potions_floor_spawned":[],"killed_by":"Lagavulin","ascension_level":20}}