{"host":"mal0jdk4f6ubgyb8","time":1608925674,"event":{"mods":["Act Like it!","Aspiration","BaseMod","Gensokyo","Hallownest","Koishi","Luminous","Marisa£®ÏF”Í°°ƒß¿Ì…≥£©","Minty Spire (QoL Compilation)","Quick Restart","Reimu£®≤©¿ˆ¡È√Œ£©","Relic Stats","Remilia£®¿Ÿ√◊¿Ú—«£©","StSLib","The Bug Knight","WarShipGirlsR/’ΩΩ¢…Ÿ≈ÆR mod","Yakumo Yukari mod","Youmu£®ªÍ∆«—˝√Œ£©","Yuri Mod","Yuyuko"],"gold_per_floor":[130,130,140,159,170,170,190,190,190,190,204,236,252,280,280,382,382,395,395,395,158,172,172,199,214,214,184,33,46,226,0,0,95,95,105,155,165,213,262,294,294,322,361,373,395,407,448,475,487,499,511,523,93,127,127],"floor_reached":56,"playtime":2840,"items_purged":["Defend_purpleEX","Umbrella_purple"],"score":1705,"play_id":"89b1f822-37f4-4947-9255-9071ab4c869b","local_time":"20201226034754","is_ascension_mode":true,"campfire_choices":[{"data":"SharpContractionReality_purple","floor":6.0,"key":"SMITH"},{"data":"Charmbait_purple","floor":8.0,"key":"SMITH"},{"data":"Observe_purple_2","floor":10.0,"key":"SMITH"},{"floor":15.0,"key":"REST"},{"data":"StretchesForeverDream_purple","floor":23.0,"key":"SMITH"},{"floor":32.0,"key":"RECALL"},{"data":"ContainerChange_purple","floor":41.0,"key":"SMITH"},{"data":"WatchEChange_purple","floor":44,"key":"SMITH"},{"data":"RuleDissolution_purple","floor":49,"key":"SMITH"},{"data":"Gensokyo:SpontaneousHumanCombustion","floor":52,"key":"SMITH"}],"circlet_count":0,"master_deck":["AT_purpleEX","AT_purpleEX","AT_purpleEX","Defend_purpleEX+1","Observe_purple_1+1","Observe_purple_2+1","OpenedBox_purple","Charmbait_purple+1","SharpContractionReality_purple+1","Line_surface_state_purple","StretchesForeverDream_purple+1","ExternalForce_HighSpeedFlying_purple","Line_surface_state_purple+1","GluttonyofRealm_purpleEX+1","SharpContractionReality_purple+1","Gensokyo:SpontaneousHumanCombustion+1","RuleDissolution_purple+1","Line_surface_state_purple","CommonSense_AntiCommonSense_purple","Price_of_realm_purpleEX","CommonSense_AntiCommonSense_purple","ContainerChange_purple+1","ExternalForce_HighSpeedFlying_purple+1","WangLiang_LineAndCurveDreams_purple","WatchEChange_purple+1","Boundary_DynamicStaticEquilibrium_purple+1","StretchesForeverDream_purple+1","WangLiang_OokamiKakushi_purple","Flash of Steel+1","WatchEChange_purple+1"],"relics":["Boundary_crack","Memoryfragments_purpleEX","aspiration:DSix","Calipers","Parasol_purpleEX","Sozu","Gensokyo:MosesMiracle","Omamori","Strawberry","Calling Bell","aspiration:SeaSaltIceCream","aspiration:Nostalgia","FlyPower:ReiMu","aspiration:HatOfInfinitePower","Kunai","Lizard Tail","Du-Vu Doll","CatCart","HollowMod:PaleOreRelic","MawBank","Anchor","Orichalcum","ThegodofHakurei_purpleEX","Whetstone"],"acts_visited":["Exordium","Gensokyo:Gensokyo","TheBeyond","TheEnding"],"potions_floor_usage":[],"damage_taken":[{"damage":0.0,"enemies":"Gensokyo:Python","floor":1.0,"turns":4.0},{"damage":7.0,"enemies":"Gensokyo:Gryphon","floor":3.0,"turns":4.0},{"damage":0.0,"enemies":"Gensokyo:3_Fairies","floor":4.0,"turns":5.0},{"damage":0.0,"enemies":"Gensokyo:2_Rabbits","floor":5.0,"turns":3.0},{"damage":0.0,"enemies":"Gensokyo:LivingMonolith","floor":7.0,"turns":3.0},{"damage":0.0,"enemies":"Gensokyo:Kitsune","floor":11.0,"turns":2.0},{"damage":20.0,"enemies":"Gensokyo:Cirno","floor":12.0,"turns":7.0},{"damage":3.0,"enemies":"Gensokyo:VengefulSpirit","floor":13.0,"turns":3.0},{"damage":12.0,"enemies":"Gensokyo:Mamizou","floor":14.0,"turns":9.0},{"damage":0.0,"enemies":"Gensokyo:Yukari","floor":16.0,"turns":9.0},{"damage":0.0,"enemies":"Gensokyo:CosmicMonolith","floor":18.0,"turns":3.0},{"damage":25.0,"enemies":"Gensokyo:3_Dogs","floor":22.0,"turns":3.0},{"damage":15.0,"enemies":"Gensokyo:Reisen","floor":24.0,"turns":4.0},{"damage":20.0,"enemies":"Gensokyo:Swordslinger","floor":25.0,"turns":3.0},{"damage":0.0,"enemies":"Gensokyo:3_Gloops","floor":29.0,"turns":2.0},{"damage":15.0,"enemies":"Gensokyo:Koishi","floor":30.0,"turns":5.0},{"damage":13.0,"enemies":"Gensokyo:Kaguya","floor":33.0,"turns":6.0},{"damage":8.0,"enemies":"3 Shapes","floor":35.0,"turns":2.0},{"damage":0.0,"enemies":"Mind Bloom Boss Battle","floor":36.0,"turns":3.0},{"damage":0.0,"enemies":"Orb Walker","floor":37.0,"turns":2.0},{"damage":20.0,"enemies":"2 Orb Walkers","floor":38.0,"turns":3.0},{"damage":0.0,"enemies":"Orin","floor":39.0,"turns":4.0},{"damage":2.0,"enemies":"HollowMod:StalkingDevout","floor":40.0,"turns":4.0},{"damage":0,"enemies":"Giant Head","floor":42,"turns":4},{"damage":4,"enemies":"Maw","floor":45,"turns":4},{"damage":0,"enemies":"Reptomancer","floor":47,"turns":4},{"damage":10,"enemies":"3 Darklings","floor":48,"turns":3},{"damage":2,"enemies":"Awakened One","floor":50,"turns":6},{"damage":0,"enemies":"Shield and Spear","floor":54,"turns":3},{"damage":2,"enemies":"The Heart","floor":55,"turns":5}],"seed_played":"8337460219234189577","potions_obtained":[{"floor":4.0,"key":"SkillPotion"},{"floor":5.0,"key":"Energy Potion"},{"floor":12.0,"key":"Fire Potion"},{"floor":13.0,"key":"LiquidBronze"},{"floor":16.0,"key":"BlessingOfTheForge"}],"is_trial":false,"path_per_floor":["M","?","M","M","M","R","M","R","T","R","M","E","M","E","R","B",null,"M","?","?","COS","M","R","E","M","T","?","$","M","E","?","R","B",null,"M","?","M","?","?","E","R","E","T","R","M","$","E","M","R","B",null,"R","$","E","B",null],"character_chosen":"Youkari","items_purchased":["CommonSense_AntiCommonSense_purple","ThegodofHakurei_purpleEX","Flash of Steel"],"campfire_rested":1,"item_purchase_floors":[28,53,53],"current_hp_per_floor":[70,42,37,40,41,41,41,41,41,41,42,22,21,9,30,33,70,70,70,70,70,46,46,32,18,18,18,18,23,20,20,20,12,80,81,88,88,73,78,81,81,83,83,83,84,84,88,79,79,80,88,88,88,88,88],"gold":127,"neow_bonus":"DSIX","is_daily":false,"chose_seed":false,"campfire_upgraded":8,"win_rate":0.0,"timestamp":1608925674,"path_taken":["M","?","?","M","M","R","M","R","T","R","M","E","?","E","R","BOSS","M","?","?","COS","?","R","E","M","T","?","$","M","E","?","R","BOSS","M","?","M","?","?","E","R","E","T","R","?","$","E","M","R","BOSS","R","$","E","BOSS"],"items_purchased_type":["Card","Relic","Card"],"build_version":"2020-12-22","purchased_purges":2,"victory":true,"max_hp_per_floor":[70,70,70,70,70,70,70,70,70,70,70,70,70,70,70,70,70,70,70,70,70,70,70,70,73,73,73,73,73,80,80,80,80,80,84,88,88,88,88,88,88,88,88,88,88,88,88,88,88,88,88,88,88,88,88],"relic_stats":{"Sozu":5,"Lizard Tail":0,"counters":[30,122],"Kunai":[23],"Whetstone":["Observe_purple_1","Flash of Steel"],"Orichalcum":[0],"MawBank":132,"obtain_stats":[{"Calipers":12,"ThegodofHakurei_purpleEX":53,"Whetstone":54,"Sozu":17,"Frozen Eye":30,"Lizard Tail":36,"Strawberry":30,"Kunai":34,"HollowMod:PaleOreRelic":40,"aspiration:DSix":0,"Parasol_purpleEX":14,"aspiration:Nostalgia":34,"Gensokyo:MosesMiracle":25,"Omamori":24,"Boundary_crack":0,"aspiration:SeaSaltIceCream":34,"Orichalcum":47,"MawBank":42,"Calling Bell":34,"Du-Vu Doll":38,"Anchor":43,"Gensokyo:DayTheSeaSplit":20,"CatCart":39,"FlyPower:ReiMu":34,"aspiration:HatOfInfinitePower":34,"Memoryfragments_purpleEX":0},{"Calipers":7,"ThegodofHakurei_purpleEX":28,"Whetstone":29,"Sozu":10,"Frozen Eye":15,"Lizard Tail":19,"Strawberry":16,"Kunai":17,"HollowMod:PaleOreRelic":23,"aspiration:DSix":0,"Parasol_purpleEX":9,"aspiration:Nostalgia":17,"Gensokyo:MosesMiracle":14,"Omamori":13,"Boundary_crack":0,"aspiration:SeaSaltIceCream":17,"Orichalcum":26,"MawBank":24,"Calling Bell":17,"Du-Vu Doll":21,"Anchor":24,"Gensokyo:DayTheSeaSplit":11,"CatCart":22,"FlyPower:ReiMu":17,"aspiration:HatOfInfinitePower":17,"Memoryfragments_purpleEX":0},{"Calipers":28,"ThegodofHakurei_purpleEX":114,"Whetstone":117,"Sozu":49,"Frozen Eye":64,"Lizard Tail":80,"Strawberry":69,"Kunai":75,"HollowMod:PaleOreRelic":93,"aspiration:DSix":0,"Parasol_purpleEX":40,"aspiration:Nostalgia":75,"Gensokyo:MosesMiracle":62,"Omamori":59,"Boundary_crack":0,"aspiration:SeaSaltIceCream":75,"Orichalcum":105,"MawBank":97,"Calling Bell":75,"Du-Vu Doll":85,"Anchor":97,"Gensokyo:DayTheSeaSplit":52,"CatCart":89,"FlyPower:ReiMu":75,"aspiration:HatOfInfinitePower":75,"Memoryfragments_purpleEX":0}]},"card_choices":[{"not_picked":["DimensionStaggered_purple","Shallow_ocean_purpleEX","Mirror_FormAndEmptin_purple"],"picked":"SKIP","floor":1.0},{"not_picked":["StateDuplicate_purple","DimensionStaggered_purple"],"picked":"OpenedBox_purple","floor":3.0},{"not_picked":["StateErode_purple","AdvanceAttack_purple"],"picked":"Charmbait_purple","floor":4.0},{"not_picked":["MNeedle_purple","Worldmountain_purple"],"picked":"SharpContractionReality_purple","floor":5.0},{"not_picked":["Worldmountain_purple","DarkRealmRedLine_purple"],"picked":"Line_surface_state_purple","floor":7.0},{"not_picked":["SfantasyHide_purple","Worldmountain_purple"],"picked":"StretchesForeverDream_purple","floor":11.0},{"not_picked":["Mirror_TwoAndThreeElementRealm_purple","Mirror_FormAndEmptin_purple"],"picked":"ExternalForce_HighSpeedFlying_purple","floor":12.0},{"not_picked":["WingOfChimera_purple","SfantasyHide_purple"],"picked":"Line_surface_state_purple","floor":13.0},{"not_picked":["Line_surface_state_purple","RuleDissolution_purple"],"picked":"Umbrella_purple","floor":14.0},{"not_picked":["LoveAcrossDimensions_purple","WangLiang_LineAndCurveDreams_purple"],"picked":"GluttonyofRealm_purpleEX","floor":16.0},{"not_picked":["AdvanceAttack_purple","Mirror_FormAndEmptin_purple"],"picked":"SharpContractionReality_purple+1","floor":18.0},{"not_picked":["SfantasyHide_purple","Umbrella_purple"],"picked":"RuleDissolution_purple","floor":22.0},{"not_picked":["LoveAcrossDimensions_purple","Worldmountain_purple"],"picked":"Line_surface_state_purple","floor":24.0},{"not_picked":["Umbrella_purple","Realm_recovery_purpleEX","Mirror_WaveAndshot_purple"],"picked":"SKIP","floor":25.0},{"not_picked":[],"picked":"CommonSense_AntiCommonSense_purple","floor":27.0},{"not_picked":[],"picked":"Price_of_realm_purpleEX","floor":27.0},{"not_picked":["RuleDissolution_purple","MeetDecomposer_purple"],"picked":"ContainerChange_purple","floor":29.0},{"not_picked":["Boundary_ObjectiveBoundary_purple+1","Umbrella_purple+1"],"picked":"ExternalForce_HighSpeedFlying_purple+1","floor":30.0},{"not_picked":["LoveAcrossDimensions_purple","GluttonyofRealm_purpleEX"],"picked":"WangLiang_LineAndCurveDreams_purple","floor":33.0},{"not_picked":["Mirror_WaveAndshot_purple","Boundary_ObjectiveBoundary_purple"],"picked":"WatchEChange_purple","floor":35.0},{"not_picked":["Mirror_Drifter_purple+1","Mirror_FormAndEmptin_purple","Umbrella_purple"],"picked":"SKIP","floor":37.0},{"not_picked":["RuptureOfTimeAndSpace_purple","RealityDreamConfluencek_purple+1"],"picked":"Boundary_DynamicStaticEquilibrium_purple+1","floor":40.0},{"not_picked":["ButterflyHabitatTemple_purple","Bait_Toxicbait_purple+1"],"picked":"StretchesForeverDream_purple+1","floor":42},{"not_picked":["Realm_recovery_purpleEX+1","SfantasyHide_purple+1"],"picked":"WangLiang_OokamiKakushi_purple","floor":45},{"not_picked":["ButterflyHabitatTemple_purple","ExistenceContinue_purple+1","Yakumo_Ran_purple+1"],"picked":"SKIP","floor":47},{"not_picked":["Shallow_ocean_purpleEX","StateErode_purple","Charmbait_purple"],"picked":"SKIP","floor":48},{"not_picked":["Umbrella_purple+1","Line_surface_state_purple+1"],"picked":"WatchEChange_purple+1","floor":54}],"player_experience":286951,"relics_obtained":[{"floor":12.0,"key":"Calipers"},{"floor":14.0,"key":"Parasol_purpleEX"},{"floor":24.0,"key":"Omamori"},{"floor":25.0,"key":"Gensokyo:MosesMiracle"},{"floor":30.0,"key":"Strawberry"},{"floor":34.0,"key":"aspiration:SeaSaltIceCream"},{"floor":34.0,"key":"aspiration:HatOfInfinitePower"},{"floor":34.0,"key":"Kunai"},{"floor":36.0,"key":"Lizard Tail"},{"floor":38.0,"key":"Du-Vu Doll"},{"floor":39.0,"key":"CatCart"},{"floor":40.0,"key":"HollowMod:PaleOreRelic"},{"floor":42,"key":"MawBank"},{"floor":43,"key":"Anchor"},{"floor":47,"key":"Orichalcum"},{"floor":54,"key":"Whetstone"}],"event_choices":[{"damage_healed":0.0,"max_hp_gain":0.0,"max_hp_loss":0.0,"gold_gain":0.0,"event_name":"MindBloom","player_choice":"Fight","floor":36.0,"gold_loss":0.0,"damage_taken":0.0},{"damage_healed":0.0,"max_hp_gain":0.0,"max_hp_loss":0.0,"gold_gain":0.0,"event_name":"Mysterious Sphere","player_choice":"Fight","floor":38.0,"gold_loss":0.0,"damage_taken":0.0},{"damage_healed":0.0,"max_hp_gain":0.0,"max_hp_loss":0.0,"gold_gain":0.0,"event_name":"OrinTheCat","player_choice":"Fight","floor":39.0,"gold_loss":0.0,"damage_taken":0.0}],"is_beta":false,"boss_relics":[{"not_picked":["Pandora\u0027s Box","aspiration:FutureDiary"],"picked":"Sozu"},{"not_picked":["Runic Pyramid","Black Star"],"picked":"Calling Bell"}],"items_purged_floors":[28,53],"is_endless":false,"potions_floor_spawned":[4,5,12,13,16,22,24,29,36,37],"ascension_level":2}}