{"host":"vc42n08di9czm3e7","time":1608869716,"event":{"mods":["AchievementEnabler","Act Like it!","BaseMod","Colored Powertips","Downfall","Friendly Minions","GifTheSpireLib","Hubris","Minty Spire (QoL Compilation)","Rare Cards Sparkle","StSLib"],"gold_per_floor":[99,99,118,135,154,171,171,188,222,233,233,250,250,268,284,381,381,381,392,392,411,226,240,266,266,266,266],"floor_reached":25,"playtime":1482,"items_purged":[],"score":209,"play_id":"5e4e9cf8-4af3-4c91-bd78-76d1ed36c448","local_time":"20201224231516","is_ascension_mode":false,"campfire_choices":[{"data":"Slimebound:WasteNot","floor":1,"key":"SMITH"},{"data":"Slimebound:Equalize","floor":13,"key":"SMITH"},{"data":"Slimebound:SelfFormingGoo","floor":18,"key":"SMITH"}],"circlet_count":0,"master_deck":["Slimebound:Strike_Slimebound","Slimebound:Strike_Slimebound","Slimebound:Strike_Slimebound+1","Slimebound:Tackle","Slimebound:Defend_Slimebound","Slimebound:Defend_Slimebound","Slimebound:Defend_Slimebound","Slimebound:Defend_Slimebound","Slimebound:Split","Slimebound:CorrosiveSpit","Slimebound:WasteNot+1","Slimebound:ProtectTheBoss","Slimebound:RollThrough+1","Slimebound:GoopSpray","Slimebound:OozeBath","Slimebound:GoopTackle","Slimebound:RejuvenatingLick","Slimebound:SplitMire","Slimebound:Equalize+1","Slimebound:LeechEnergy","Slimebound:MegaLick","Slimebound:SelfFormingGoo+1","Slimebound:Overexert","Slimebound:ItLooksTasty","Slimebound:Gluttony","Slimebound:Gluttony","Slimebound:GrowthPunch","Slimebound:SpikyOuterGoop"],"relics":["Slimebound:AbsorbEndCombat","hubris:Icosahedron","Bronze Scales","Whetstone","hubris:Backtick","Slimebound:SelfDamagePreventRelic","Membership Card"],"acts_visited":["Exordium","TheCity"],"potions_floor_usage":[6,14,15,15,19,25],"damage_taken":[{"damage":5,"enemies":"2 Louse","floor":3,"turns":3},{"damage":9,"enemies":"Small Slimes","floor":4,"turns":4},{"damage":10,"enemies":"Jaw Worm","floor":5,"turns":6},{"damage":11,"enemies":"Red Slaver","floor":6,"turns":3},{"damage":0,"enemies":"Gremlin Gang","floor":8,"turns":1},{"damage":34,"enemies":"Lagavulin","floor":9,"turns":6},{"damage":13,"enemies":"Blue Slaver","floor":10,"turns":4},{"damage":8,"enemies":"Gremlin Gang","floor":12,"turns":4},{"damage":4,"enemies":"Exordium Wildlife","floor":14,"turns":3},{"damage":11,"enemies":"Exordium Thugs","floor":15,"turns":2},{"damage":67,"enemies":"downfall:Watcher","floor":16,"turns":9},{"damage":13,"enemies":"3 Byrds","floor":19,"turns":2},{"damage":42,"enemies":"Shell Parasite","floor":21,"turns":4},{"damage":13,"enemies":"downfall:FleeingMerchant","floor":22,"turns":4},{"damage":43,"enemies":"Snake Plant","floor":23,"turns":4},{"damage":11,"enemies":"Shelled Parasite and Fungi","floor":25,"turns":2}],"seed_played":"4583756869199347368","potions_obtained":[{"floor":3,"key":"Slimebound:ThreeZeroPotion"},{"floor":8,"key":"Energy Potion"},{"floor":9,"key":"SpeedPotion"},{"floor":12,"key":"SpeedPotion"},{"floor":16,"key":"DistilledChaos"},{"floor":23,"key":"sneckomod:MuddlingPotion"}],"is_trial":false,"path_per_floor":["R","?","M","M","M","M","T","M","E","M","?","M","R","M","M","B",null,"R","M","?","M","$","M","T","M"],"character_chosen":"SLIMEBOUND","items_purchased":["Membership Card","Slimebound:GrowthPunch"],"campfire_rested":0,"item_purchase_floors":[22,22],"current_hp_per_floor":[60,60,60,57,53,54,54,60,38,37,37,47,47,60,53,16,60,60,51,51,29,42,11,11,0,0,0],"gold":266,"neow_bonus":"ONE_RANDOM_RARE_CARD","is_daily":false,"chose_seed":false,"campfire_upgraded":3,"win_rate":0.0,"timestamp":1608869716,"path_taken":["R","?","M","M","M","M","T","M","E","M","?","M","R","M","M","BOSS","R","M","?","M","$","M","T","M"],"items_purchased_type":["Relic","Card"],"build_version":"2020-12-22","purchased_purges":0,"victory":false,"max_hp_per_floor":[60,60,60,60,60,60,60,60,60,60,60,60,60,60,60,60,60,60,60,60,60,60,60,60,60,60,60],"card_choices":[{"not_picked":["Slimebound:DisruptingSlam","Slimebound:LeechingTouch"],"picked":"Slimebound:ProtectTheBoss","floor":3},{"not_picked":["Slimebound:ComboTackle","Slimebound:LeechingTouch"],"picked":"Slimebound:RollThrough","floor":4},{"not_picked":["Slimebound:BestDefense","Slimebound:ViciousTackle"],"picked":"Slimebound:GoopSpray","floor":5},{"not_picked":["Slimebound:SplitLeeching","Slimebound:GoopSpray"],"picked":"Slimebound:OozeBath","floor":6},{"not_picked":["Slimebound:RollThrough","Slimebound:GoopSpray"],"picked":"Slimebound:GoopTackle","floor":8},{"not_picked":["Slimebound:SplitBruiser","Slimebound:Grow"],"picked":"Slimebound:RejuvenatingLick","floor":9},{"not_picked":["Slimebound:Dissolve","Slimebound:SplitAcid"],"picked":"Slimebound:SplitMire","floor":10},{"not_picked":["Slimebound:LeechingTouch","Slimebound:PressTheAttack"],"picked":"Slimebound:LeechEnergy","floor":12},{"not_picked":["Slimebound:GoopTackle","Slimebound:Nibble"],"picked":"Slimebound:MegaLick","floor":14},{"not_picked":["Slimebound:Grow","Slimebound:SplitAcid"],"picked":"Slimebound:SelfFormingGoo","floor":15},{"not_picked":["Slimebound:DouseInSlime","Slimebound:Teamwork"],"picked":"Slimebound:Overexert","floor":16},{"not_picked":["Slimebound:Dissolve+1","Slimebound:ComboTackle"],"picked":"Slimebound:ItLooksTasty","floor":19},{"not_picked":["Slimebound:FirmFortitude","Slimebound:Schlurp+1"],"picked":"Slimebound:Gluttony","floor":21},{"not_picked":["Slimebound:LeechingTouch","Slimebound:SplitLeeching"],"picked":"Slimebound:Gluttony","floor":22},{"not_picked":["Slimebound:Chomp+1","Slimebound:SlimeTap"],"picked":"Slimebound:SpikyOuterGoop","floor":23}],"player_experience":208142,"relics_obtained":[{"floor":7,"key":"Bronze Scales"},{"floor":9,"key":"Whetstone"}],"event_choices":[],"is_beta":false,"boss_relics":[{"not_picked":["Snecko Eye","Calling Bell"],"picked":"hubris:Backtick"}],"items_purged_floors":[],"is_endless":false,"potions_floor_spawned":[3,8,9,12,16,23],"killed_by":"Shelled Parasite and Fungi","ascension_level":0}}