{"host":"8yg5xi2a6w9qkgsw","time":1608915460,"event":{"mods":["AchievementEnabler","BaseMod","Block Reminder","Colored Powertips","Minty Spire (QoL Compilation)","MonsterHotkey","Random Character Button","Relic Stats"],"gold_per_floor":[111,111,29,46,46,75,75,101,101,117,117,117,137,147,147,224,224,236,249,249,68,68,68,103,103,103],"floor_reached":25,"playtime":2421,"items_purged":["Strike_R"],"score":419,"play_id":"f4f018cf-2acd-453c-8f03-06ade4814659","local_time":"20201225175740","is_ascension_mode":true,"campfire_choices":[{"data":"Dual Wield","floor":7,"key":"SMITH"},{"data":"Metallicize","floor":12,"key":"SMITH"},{"data":"Armaments","floor":15,"key":"SMITH"},{"floor":23,"key":"REST"}],"circlet_count":0,"master_deck":["AscendersBane","Strike_R","Strike_R","Defend_R","Defend_R","Defend_R","Defend_R","Bash","Headbutt","Dual Wield+1","Metallicize+1","Fire Breathing","Wild Strike","Double Tap","Feel No Pain","Armaments+1","Barricade","Disarm","Entrench","Burning Pact","Battle Trance"],"relics":["Burning Blood","NeowsBlessing","Regal Pillow","Boot","Bottled Tornado","Cursed Key","Enchiridion","Akabeko"],"acts_visited":["Exordium","TheCity"],"potions_floor_usage":[10,16,19,24,24],"damage_taken":[{"damage":0,"enemies":"2 Louse","floor":1,"turns":1},{"damage":0,"enemies":"Cultist","floor":4,"turns":1},{"damage":0,"enemies":"Gremlin Nob","floor":6,"turns":1},{"damage":19,"enemies":"3 Sentries","floor":8,"turns":7},{"damage":10,"enemies":"Small Slimes","floor":10,"turns":3},{"damage":7,"enemies":"2 Fungi Beasts","floor":13,"turns":4},{"damage":4,"enemies":"Blue Slaver","floor":14,"turns":4},{"damage":17,"enemies":"Slime Boss","floor":16,"turns":9},{"damage":23,"enemies":"Spheric Guardian","floor":18,"turns":6},{"damage":9,"enemies":"Shell Parasite","floor":19,"turns":7},{"damage":61,"enemies":"Slavers","floor":24,"turns":8},{"damage":35,"enemies":"3 Cultists","floor":25,"turns":7}],"seed_played":"-781801631849198349","potions_obtained":[{"floor":1,"key":"Fruit Juice"},{"floor":8,"key":"Ancient Potion"},{"floor":10,"key":"GamblersBrew"},{"floor":13,"key":"Strength Potion"},{"floor":18,"key":"Block Potion"},{"floor":19,"key":"Strength Potion"},{"floor":22,"key":"Explosive Potion"}],"is_trial":false,"path_per_floor":["M","?","$","M","$","E","R","E","T","M","?","R","M","M","R","B",null,"M","M","?","$","?","R","E","M"],"character_chosen":"IRONCLAD","items_purchased":["Metallicize","Burning Pact","Battle Trance"],"campfire_rested":1,"item_purchase_floors":[3,21,21],"current_hp_per_floor":[78,78,78,80,80,80,80,67,67,68,68,68,67,69,69,58,78,61,58,42,42,42,82,27,0,0],"gold":103,"neow_bonus":"THREE_ENEMY_KILL","is_daily":false,"chose_seed":false,"campfire_upgraded":3,"win_rate":0.0,"timestamp":1608915460,"path_taken":["M","?","?","M","$","E","R","E","T","M","?","R","M","M","R","BOSS","M","M","?","$","?","R","E","?"],"items_purchased_type":["Card","Card","Card"],"build_version":"2020-12-22","purchased_purges":1,"victory":false,"max_hp_per_floor":[80,80,80,80,80,80,80,80,80,85,85,85,85,85,85,85,85,85,85,85,85,85,85,85,85,85],"relic_stats":{"Regal Pillow":15,"counters":[12,58],"Boot":[4],"Cursed Key":0,"obtain_stats":[{"Regal Pillow":6,"NeowsBlessing":0,"Enchiridion":20,"Bottled Tornado":9,"Boot":8,"Cursed Key":17,"Burning Blood":0,"Akabeko":24},{"Regal Pillow":3,"NeowsBlessing":0,"Enchiridion":10,"Bottled Tornado":4,"Boot":4,"Cursed Key":8,"Burning Blood":0,"Akabeko":11},{"Regal Pillow":3,"NeowsBlessing":0,"Enchiridion":43,"Bottled Tornado":10,"Boot":10,"Cursed Key":30,"Burning Blood":0,"Akabeko":51}],"Burning Blood":56},"card_choices":[{"not_picked":["Rage","Clash"],"picked":"Headbutt","floor":1},{"not_picked":["Searing Blow","Perfected Strike","Flex"],"picked":"SKIP","floor":4},{"not_picked":["Blood for Blood","Clash"],"picked":"Fire Breathing","floor":6},{"not_picked":["Dropkick","Uppercut"],"picked":"Wild Strike","floor":8},{"not_picked":["Wild Strike","Pommel Strike"],"picked":"Double Tap","floor":10},{"not_picked":["Thunderclap","Warcry"],"picked":"Feel No Pain","floor":13},{"not_picked":["Spot Weakness","Uppercut"],"picked":"Armaments","floor":14},{"not_picked":["Exhume","Impervious"],"picked":"Barricade","floor":16},{"not_picked":["Carnage","Pummel+1"],"picked":"Disarm","floor":18},{"not_picked":["True Grit","Cleave"],"picked":"Entrench","floor":19},{"not_picked":["Clash","Whirlwind","Heavy Blade"],"picked":"SKIP","floor":24}],"player_experience":1431188,"relics_obtained":[{"floor":6,"key":"Regal Pillow"},{"floor":8,"key":"Boot"},{"floor":9,"key":"Bottled Tornado"},{"floor":20,"key":"Enchiridion"},{"floor":24,"key":"Akabeko"}],"event_choices":[{"damage_healed":0,"gold_gain":0,"cards_transformed":["Strike_R"],"player_choice":"Transformed","damage_taken":0,"max_hp_gain":0,"max_hp_loss":0,"event_name":"Transmorgrifier","floor":2,"gold_loss":0,"cards_obtained":["Dual Wield"]},{"cards_removed":["Strike_R"],"damage_healed":0,"gold_gain":0,"player_choice":"Offered Basic","damage_taken":0,"max_hp_gain":0,"max_hp_loss":0,"event_name":"Bonfire Elementals","floor":11,"gold_loss":0},{"damage_healed":0,"gold_gain":0,"player_choice":"Obtained Book","damage_taken":16,"max_hp_gain":0,"max_hp_loss":0,"event_name":"Cursed Tome","floor":20,"gold_loss":0},{"damage_healed":0,"gold_gain":0,"player_choice":"Got Potions","damage_taken":0,"max_hp_gain":0,"max_hp_loss":0,"event_name":"Lab","floor":22,"gold_loss":0}],"is_beta":false,"boss_relics":[{"not_picked":["Runic Cube","Busted Crown"],"picked":"Cursed Key"}],"items_purged_floors":[21],"is_endless":false,"potions_floor_spawned":[1,8,10,13,18,19],"killed_by":"3 Cultists","ascension_level":13}}