{"host":"vm8b3ptwl81uq21f","time":1608876637,"event":{"mods":["BaseMod","BetterRewards","Colored Powertips","Downfall","GifTheSpireLib","Googly Eyes","GungeonMod","Halation","Hubris","Minty Spire (QoL Compilation)","Quick Restart","Rare Cards Sparkle","Replay The Spire","Shop Mod","StSLib","Stuff the Spire","The Bug Knight","The IronCluck","[IsaacMod]????"],"gold_per_floor":[111,111,129,149,181,214,231,231,231,258,258,6,41,41,41,136,136,146,161,183,200,200,200],"floor_reached":22,"playtime":1029,"items_purged":["DemoMod:CrossBow","DemoMod:TripleGun","DemoMod:Strike_Huntress"],"score":333,"play_id":"c4da8741-52c7-4d63-9ca8-3a60bd2f652b","local_time":"20201225011037","is_ascension_mode":false,"campfire_choices":[{"data":"DemoMod:BattleInHaste","floor":11,"key":"SMITH"},{"data":"DemoMod:Unmoved","floor":15,"key":"SMITH"}],"circlet_count":0,"master_deck":["DemoMod:Strike_Huntress","DemoMod:Strike_Huntress","DemoMod:Defend_Huntress","DemoMod:Defend_Huntress","DemoMod:Defend_Huntress","DemoMod:Defend_Huntress","DemoMod:Roll","DemoMod:ManualReload","DemoMod:ConditionalReflex+1","DemoMod:BattleInHaste","DemoMod:BoxingGlove","DemoMod:Unmoved+1","DemoMod:BoxingGlove","DemoMod:BattleInHaste+1","DemoMod:BoxingGlove","DemoMod:FeignSurrender","DemoMod:Eureka","DemoMod:Eureka","Panache","DemoMod:Behold!","DemoMod:ProbeStrike","DemoMod:HungryBullets+1","DemoMod:Rummage"],"relics":["DemoMod:Dog","HushsDoor","Leech","ClockworkSouvenir","hubris:SlimyHat","DemoMod:VorpalBullet","DemoMod:GnawedKey","DemoMod:ClearGuonStone","halation:EternalFortune","hubris:TinFlute","hubris:ToyBattleship","hubris:EmptyBottle","Blue Doll","StuffTheSpire:RunicHypercube"],"acts_visited":["Exordium","TheCity"],"potions_floor_usage":[6,13,13,16],"damage_taken":[{"damage":0,"enemies":"Jaw Worm","floor":1,"turns":3},{"damage":2,"enemies":"2 Louse","floor":3,"turns":2},{"damage":0,"enemies":"Cultist","floor":4,"turns":2},{"damage":0,"enemies":"2 Fungi Beasts","floor":5,"turns":3},{"damage":14,"enemies":"3 Sentries","floor":6,"turns":5},{"damage":1,"enemies":"Exordium Thugs","floor":7,"turns":4},{"damage":0,"enemies":"Gremlin Nob","floor":10,"turns":2},{"damage":0,"enemies":"3 Sentries","floor":13,"turns":3},{"damage":0,"enemies":"Slime Boss","floor":16,"turns":4},{"damage":0,"enemies":"2 Thieves","floor":18,"turns":2},{"damage":0,"enemies":"Spheric Guardian","floor":19,"turns":3},{"damage":6,"enemies":"Snake Plant","floor":20,"turns":2},{"damage":6,"enemies":"3 Cultists","floor":21,"turns":4},{"damage":0,"enemies":"Centurion and Healer","floor":22,"turns":1}],"seed_played":"2132503090848583935","potions_obtained":[{"floor":1,"key":"champ:CounterPotion"},{"floor":3,"key":"Swift Potion"},{"floor":7,"key":"FearPotion"},{"floor":21,"key":"Ancient Potion"}],"is_trial":false,"path_per_floor":["M","?","M","M","M","E","M","?","T","E","R","$","E","?","R","B",null,"M","M","M","M","M"],"character_chosen":"HUNTRESS","items_purchased":["DemoMod:ConditionalReflex+1","DemoMod:BattleInHaste","ClockworkSouvenir","hubris:SlimyHat","DemoMod:TripleGun","DemoMod:GnawedKey","hubris:EmptyBottle","Panache","DemoMod:Behold!"],"campfire_rested":0,"item_purchase_floors":[0,0,0,0,0,0,12,17,17],"current_hp_per_floor":[41,41,40,41,43,33,35,38,38,39,39,39,41,41,41,44,59,59,59,53,53,54,54],"gold":200,"neow_bonus":"","is_daily":false,"chose_seed":false,"campfire_upgraded":2,"win_rate":0.0,"timestamp":1608876637,"path_taken":["M","?","M","M","M","E","M","?","T","E","R","$","E","?","R","BOSS","M","M","M","M","M"],"items_purchased_type":["Card","Card","Relic","Relic","Card","Relic","Relic","Card","Card"],"build_version":"2020-12-22","purchased_purges":3,"victory":false,"max_hp_per_floor":[70,70,70,70,70,70,70,73,73,73,73,73,73,73,73,73,59,59,59,59,62,62,62],"card_choices":[{"not_picked":[],"picked":"ChaosCard","floor":0},{"not_picked":["DemoMod:SkilledReload","DemoMod:Ejector"],"picked":"DemoMod:BoxingGlove","floor":1},{"not_picked":["DemoMod:Ejector","DemoMod:TeaPot","DemoMod:SAA"],"picked":"SKIP","floor":3},{"not_picked":["DemoMod:GunstockTap","DemoMod:AC15"],"picked":"DemoMod:Purify","floor":4},{"not_picked":["DemoMod:EasyReloadBullets","DemoMod:SkilledReload"],"picked":"DemoMod:BoxingGlove","floor":5},{"not_picked":["DemoMod:AC15","DemoMod:MachoBrace"],"picked":"DemoMod:BattleInHaste","floor":6},{"not_picked":["DemoMod:ZorGun","DemoMod:Polaris","DemoMod:StickyCrossBow"],"picked":"SKIP","floor":6},{"not_picked":["DemoMod:MachoBrace","DemoMod:GunstockTap"],"picked":"DemoMod:BoxingGlove","floor":7},{"not_picked":["DemoMod:TeaPot","DemoMod:FortunesFavor"],"picked":"DemoMod:FeignSurrender","floor":10},{"not_picked":["DemoMod:GunstockTap","DemoMod:FightSabre"],"picked":"DemoMod:Eureka","floor":13},{"not_picked":["DemoMod:BulletBore","DemoMod:FinishedGun"],"picked":"DemoMod:Eureka","floor":16},{"not_picked":["DemoMod:MegaHand","DemoMod:TripleGun"],"picked":"DemoMod:ProbeStrike","floor":18},{"not_picked":["DemoMod:FeignSurrender","DemoMod:MachoBrace+1","DemoMod:AC15"],"picked":"SKIP","floor":19},{"not_picked":["DemoMod:DirectionalPad","DemoMod:HuntsMan"],"picked":"DemoMod:HungryBullets+1","floor":20},{"not_picked":["DemoMod:GunslingerForm","DemoMod:BoxingGlove"],"picked":"DemoMod:Rummage","floor":21}],"player_experience":309850,"relics_obtained":[{"floor":6,"key":"DemoMod:ClearGuonStone"},{"floor":9,"key":"hubris:TinFlute"},{"floor":10,"key":"hubris:ToyBattleship"},{"floor":13,"key":"Blue Doll"},{"floor":21,"key":"halation:EternalFortune"}],"event_choices":[],"is_beta":false,"boss_relics":[{"not_picked":["Runic Dome","Abe\u0027s Treasure"],"picked":"StuffTheSpire:RunicHypercube"},{"not_picked":[]}],"items_purged_floors":[0,12,17],"is_endless":false,"potions_floor_spawned":[1,3,7,21],"killed_by":"Centurion and Healer","ascension_level":0}}