{"host":"gk5m6v7zec9neb0j","time":1608892060,"event":{"mods":["AchievementEnabler","AlwaysNeverKeys","BaseMod","BetterRewards","Block Reminder","Minty Spire (QoL Compilation)","Rare Cards Sparkle","Relic Stats","StSLib"],"gold_per_floor":[112,128,128,128,128,140,140,159,159,176,189,189,13,29,29,126,126,138,13,31,130,130,144,144,163,163,180,180,180],"floor_reached":28,"playtime":986,"items_purged":["Strike_G","Strike_G","Strike_G"],"score":314,"play_id":"252325a1-1b57-42a8-92c0-7b434b4d2035","local_time":"20201225052740","is_ascension_mode":false,"campfire_choices":[{"floor":7,"key":"REST"},{"floor":12,"key":"REST"},{"floor":15,"key":"REST"}],"circlet_count":0,"master_deck":["Defend_G","Defend_G","Defend_G","Defend_G","Defend_G","Survivor","Neutralize","Malaise","Outmaneuver","Escape Plan","Sucker Punch","Outmaneuver","All Out Attack","Skewer","Backflip+1","Terror"],"relics":["Ring of the Snake","Chemical X","Ice Cream","Orrery","Peace Pipe","Enchiridion","Kunai"],"acts_visited":["Exordium","TheCity"],"potions_floor_usage":[10,20,23],"damage_taken":[{"damage":0,"enemies":"Jaw Worm","floor":1,"turns":7},{"damage":0,"enemies":"2 Louse","floor":2,"turns":3},{"damage":0,"enemies":"Cultist","floor":6,"turns":5},{"damage":1,"enemies":"3 Louse","floor":8,"turns":5},{"damage":16,"enemies":"Large Slime","floor":10,"turns":14},{"damage":12,"enemies":"Lots of Slimes","floor":11,"turns":4},{"damage":1,"enemies":"3 Louse","floor":14,"turns":4},{"damage":31,"enemies":"Slime Boss","floor":16,"turns":10},{"damage":47,"enemies":"Spheric Guardian","floor":18,"turns":8},{"damage":15,"enemies":"3 Byrds","floor":20,"turns":8},{"damage":0,"enemies":"3 Cultists","floor":23,"turns":5},{"damage":3,"enemies":"Snecko","floor":25,"turns":9},{"damage":0,"enemies":"Snake Plant","floor":27,"turns":5},{"damage":3,"enemies":"Cultist and Chosen","floor":28,"turns":5}],"seed_played":"-5431123956783814558","potions_obtained":[{"floor":1,"key":"LiquidMemories"},{"floor":2,"key":"SteroidPotion"},{"floor":16,"key":"Regen Potion"}],"is_trial":false,"path_per_floor":["M","M","?","?","?","M","R","M","T","M","M","R","$","M","R","B",null,"M","$","M","?","?","M","$","M","T","M","M"],"character_chosen":"THE_SILENT","items_purchased":["Chemical X","Orrery","Skewer"],"campfire_rested":3,"item_purchase_floors":[0,0,13],"current_hp_per_floor":[43,43,43,36,36,36,57,56,56,40,28,49,49,48,69,38,70,23,23,22,22,6,6,6,3,3,3,0,0],"gold":180,"neow_bonus":"","is_daily":false,"chose_seed":false,"campfire_upgraded":0,"win_rate":0.0,"timestamp":1608892060,"path_taken":["M","M","?","?","?","M","R","?","T","M","M","R","$","M","R","BOSS","M","$","M","?","?","M","$","M","T","M","M"],"items_purchased_type":["Relic","Relic","Card"],"build_version":"2020-12-22","purchased_purges":3,"victory":false,"max_hp_per_floor":[70,70,70,70,70,70,70,70,70,70,70,70,70,70,70,70,70,70,70,70,70,70,70,70,70,70,70,70,70],"relic_stats":{"Peace Pipe":0,"counters":[72,459],"Chemical X":[29],"Kunai":[216],"obtain_stats":[{"Ice Cream":7,"Regal Pillow":9,"Torii":0,"HoveringKite":34,"Enchiridion":22,"Bottled Tornado":43,"Ancient Tea Set":4,"ClockworkSouvenir":20,"Tough Bandages":25,"Sundial":24,"Pantograph":12,"Tiny Chest":26,"Red Mask":47,"Chemical X":37,"Kunai":0,"InkBottle":54,"Ring of the Snake":0,"Potion Belt":9,"Happy Flower":13,"Golden Idol":3,"White Beast Statue":9,"Peace Pipe":9,"Bottled Flame":25,"Bronze Scales":10,"Orrery":0,"Black Star":17,"Bottled Lightning":43,"StrikeDummy":27,"Toy Ornithopter":27},{"Ice Cream":11,"Regal Pillow":36,"Torii":31,"HoveringKite":21,"Enchiridion":68,"Bottled Tornado":52,"Ancient Tea Set":2,"ClockworkSouvenir":41,"Tough Bandages":16,"Sundial":44,"Pantograph":11,"Tiny Chest":16,"Red Mask":54,"Chemical X":22,"Kunai":31,"InkBottle":57,"Ring of the Snake":0,"Potion Belt":3,"Happy Flower":12,"Golden Idol":2,"White Beast Statue":11,"Peace Pipe":62,"Bottled Flame":16,"Bronze Scales":36,"Orrery":58,"Black Star":13,"Bottled Lightning":24,"StrikeDummy":17,"Toy Ornithopter":17},{"Ice Cream":57,"Regal Pillow":206,"Torii":183,"HoveringKite":124,"Enchiridion":435,"Bottled Tornado":309,"Ancient Tea Set":5,"ClockworkSouvenir":234,"Tough Bandages":94,"Sundial":249,"Pantograph":57,"Tiny Chest":94,"Red Mask":329,"Chemical X":129,"Kunai":183,"InkBottle":364,"Ring of the Snake":0,"Potion Belt":9,"Happy Flower":68,"Golden Idol":5,"White Beast Statue":57,"Peace Pipe":387,"Bottled Flame":94,"Bronze Scales":206,"Orrery":367,"Black Star":79,"Bottled Lightning":139,"StrikeDummy":100,"Toy Ornithopter":100}],"Ring of the Snake":[144]},"card_choices":[{"not_picked":["Quick Slash","Infinite Blades"],"picked":"Malaise","floor":0},{"not_picked":["Deflect","Dash"],"picked":"Outmaneuver","floor":0},{"not_picked":["Flying Knee","Acrobatics"],"picked":"Escape Plan","floor":0},{"not_picked":["Flying Knee","Reflex","Prepared"],"picked":"SKIP","floor":1},{"not_picked":["Prepared","Riddle With Holes","Distraction"],"picked":"SKIP","floor":2},{"not_picked":["Cloak And Dagger","All Out Attack"],"picked":"Outmaneuver","floor":6},{"not_picked":["Riddle With Holes","Prepared","Setup"],"picked":"SKIP","floor":8},{"not_picked":["A Thousand Cuts","PiercingWail","All Out Attack"],"picked":"SKIP","floor":10},{"not_picked":["A Thousand Cuts","PiercingWail"],"picked":"All Out Attack","floor":10},{"not_picked":["Prepared","Backstab","PiercingWail"],"picked":"SKIP","floor":11},{"not_picked":["Bane","Infinite Blades","Finisher"],"picked":"SKIP","floor":14},{"not_picked":["Flechettes","Dagger Throw"],"picked":"Backflip+1","floor":18},{"not_picked":["PiercingWail","Tactician+1","Eviscerate"],"picked":"SKIP","floor":20},{"not_picked":["PiercingWail","A Thousand Cuts","Poisoned Stab"],"picked":"SKIP","floor":23},{"not_picked":["Escape Plan","Caltrops+1","Riddle With Holes"],"picked":"SKIP","floor":25},{"not_picked":["Slice","Setup","Terror"],"picked":"SKIP","floor":27},{"not_picked":["Slice","Setup"],"picked":"Terror","floor":27}],"player_experience":720196,"relics_obtained":[{"floor":9,"key":"Peace Pipe"},{"floor":22,"key":"Enchiridion"},{"floor":26,"key":"Kunai"}],"event_choices":[{"damage_healed":0,"gold_gain":0,"player_choice":"Ignored","damage_taken":0,"max_hp_gain":0,"max_hp_loss":0,"event_name":"Shining Light","floor":3,"gold_loss":0},{"cards_removed":["Strike_G"],"damage_healed":0,"gold_gain":0,"player_choice":"Card Removal","damage_taken":7,"max_hp_gain":0,"max_hp_loss":0,"event_name":"Golden Wing","floor":4,"gold_loss":0},{"damage_healed":0,"gold_gain":0,"cards_transformed":["Strike_G"],"player_choice":"Transformed","damage_taken":0,"max_hp_gain":0,"max_hp_loss":0,"event_name":"Transmorgrifier","floor":5,"gold_loss":0,"cards_obtained":["Sucker Punch"]},{"damage_healed":0,"gold_gain":99,"player_choice":"Stole From Cult","damage_taken":0,"max_hp_gain":0,"max_hp_loss":0,"event_name":"Nest","floor":21,"gold_loss":0},{"damage_healed":0,"gold_gain":0,"player_choice":"Obtained Book","damage_taken":16,"max_hp_gain":0,"max_hp_loss":0,"event_name":"Cursed Tome","floor":22,"gold_loss":0}],"is_beta":false,"boss_relics":[{"not_picked":["Busted Crown","Snecko Eye","Philosopher\u0027s Stone"]}],"items_purged_floors":[0,13,19],"is_endless":false,"potions_floor_spawned":[1,2,8,10,16,23,25],"killed_by":"Cultist and Chosen","ascension_level":0}}