{"host":"z34yzn8hj4ic20ef","time":1608913682,"event":{"mods":["AchievementEnabler","BaseMod","Minty Spire (QoL Compilation)","StSLib","SuperFastMode"],"gold_per_floor":[117,117,117,140,45,79,79,114,138,138,156,174,11,27,27,121,121,136,136,136,155,178,178,213,22,22,36,36,59,59,79,79,178,178,196,196,217,92,111,149,169,169,169,208,208,229,273,292,292,292],"floor_reached":51,"playtime":3978,"items_purged":["Pain","Blur","Neutralize"],"score":1934,"play_id":"e8b84638-b721-4fc5-a6ee-79794204d952","local_time":"20201226012802","is_ascension_mode":true,"campfire_choices":[{"data":"Tactician","floor":7.0,"key":"SMITH"},{"data":"Acrobatics","floor":10.0,"key":"SMITH"},{"data":"Calculated Gamble","floor":15.0,"key":"SMITH"},{"data":"Reflex","floor":23.0,"key":"SMITH"},{"floor":32.0,"key":"DIG"},{"floor":42.0,"key":"DIG"},{"data":"Well Laid Plans","floor":49,"key":"SMITH"}],"circlet_count":0,"master_deck":["AscendersBane","Survivor","Tactician+1","Acrobatics+1","Flash of Steel","Tactician","Blur","Calculated Gamble+1","Backflip","Well Laid Plans+1","Reflex+1","Tools of the Trade","Grand Finale","Dagger Throw","Venomology","A Thousand Cuts","Night Terror","Calculated Gamble+1","After Image","Tactician","Madness","Acrobatics+1","Leg Sweep+1","Flechettes"],"relics":["Ring of the Snake","NeowsBlessing","Golden Idol","WarpedTongs","Vajra","Bag of Marbles","Blood Vial","Pandora\u0027s Box","Toy Ornithopter","Boot","Shovel","Shuriken","Empty Cage","White Beast Statue","Paper Crane","Kunai","Anchor","Pen Nib"],"acts_visited":["Exordium","TheCity","TheBeyond"],"potions_floor_usage":[50,50],"damage_taken":[{"damage":0.0,"enemies":"2 Louse","floor":1.0,"turns":1.0},{"damage":1.0,"enemies":"Jaw Worm","floor":4.0,"turns":1.0},{"damage":1.0,"enemies":"Gremlin Nob","floor":6.0,"turns":1.0},{"damage":30.0,"enemies":"3 Sentries","floor":8.0,"turns":9.0},{"damage":3.0,"enemies":"Cultist","floor":11.0,"turns":3.0},{"damage":7.0,"enemies":"Exordium Thugs","floor":12.0,"turns":5.0},{"damage":0.0,"enemies":"Large Slime","floor":14.0,"turns":4.0},{"damage":21.0,"enemies":"The Guardian","floor":16.0,"turns":14.0},{"damage":0.0,"enemies":"Shell Parasite","floor":18.0,"turns":1.0},{"damage":0.0,"enemies":"Spheric Guardian","floor":21.0,"turns":2.0},{"damage":0.0,"enemies":"Slavers","floor":24.0,"turns":1.0},{"damage":2.0,"enemies":"Cultist and Chosen","floor":27.0,"turns":7.0},{"damage":0.0,"enemies":"3 Cultists","floor":29.0,"turns":3.0},{"damage":0.0,"enemies":"Centurion and Healer","floor":31.0,"turns":2.0},{"damage":0.0,"enemies":"Champ","floor":33.0,"turns":3.0},{"damage":0.0,"enemies":"3 Shapes","floor":35.0,"turns":1.0},{"damage":0.0,"enemies":"3 Darklings","floor":37.0,"turns":1.0},{"damage":0.0,"enemies":"Spire Growth","floor":39.0,"turns":1.0},{"damage":0.0,"enemies":"Giant Head","floor":40.0,"turns":1.0},{"damage":0.0,"enemies":"Transient","floor":41.0,"turns":6.0},{"damage":0.0,"enemies":"Nemesis","floor":44.0,"turns":1.0},{"damage":0.0,"enemies":"4 Shapes","floor":46.0,"turns":1.0},{"damage":0.0,"enemies":"Reptomancer","floor":47.0,"turns":2.0},{"damage":0.0,"enemies":"3 Darklings","floor":48.0,"turns":1.0},{"damage":0,"enemies":"Time Eater","floor":50,"turns":7}],"seed_played":"7903051496450932149","potions_obtained":[{"floor":11.0,"key":"Dexterity Potion"},{"floor":16.0,"key":"Dexterity Potion"},{"floor":18.0,"key":"BlessingOfTheForge"},{"floor":41.0,"key":"CultistPotion"},{"floor":46.0,"key":"FairyPotion"}],"is_trial":false,"path_per_floor":["M","?","?","M","$","E","R","E","T","R","M","M","$","M","R","B",null,"M","?","?","M","T","R","E","$","T","M","?","M","$","M","R","B",null,"M","?","M","$","M","E","M","R","T","E","?","M","E","M","R","B",null],"character_chosen":"THE_SILENT","items_purchased":["Flash of Steel","Well Laid Plans","Madness"],"campfire_rested":0,"item_purchase_floors":[5,13,25],"current_hp_per_floor":[59,59,59,58,58,57,57,27,27,27,26,21,21,23,23,4,46,48,48,48,50,50,50,57,57,57,57,57,59,59,60,60,60,60,60,60,60,60,60,60,60,60,60,60,60,60,60,60,60,60],"gold":292,"neow_bonus":"THREE_ENEMY_KILL","is_daily":false,"chose_seed":false,"campfire_upgraded":5,"win_rate":0.0,"timestamp":1608913682,"path_taken":["M","?","?","?","?","E","R","E","T","R","M","M","$","M","R","BOSS","M","?","?","?","?","R","E","?","T","M","?","M","?","M","R","BOSS","M","?","M","$","M","E","M","R","T","E","?","?","E","M","R","BOSS"],"items_purchased_type":["Card","Card","Card"],"build_version":"2020-12-22","purchased_purges":3,"victory":true,"max_hp_per_floor":[66,60,60,60,60,60,60,60,60,60,60,60,60,60,60,60,60,60,60,60,60,60,60,60,60,60,60,60,60,60,60,60,60,60,60,60,60,60,60,60,60,60,60,60,60,60,60,60,60,60],"card_choices":[{"not_picked":["Deadly Poison","Slice"],"picked":"Tactician","floor":1.0},{"not_picked":["Infinite Blades","Flechettes"],"picked":"Acrobatics","floor":4.0},{"not_picked":["Backflip","Venomology"],"picked":"Tactician","floor":6.0},{"not_picked":["Sucker Punch","Slice"],"picked":"Blur","floor":8.0},{"not_picked":["Footwork","Riddle With Holes"],"picked":"Calculated Gamble","floor":11.0},{"not_picked":["Blade Dance","PiercingWail"],"picked":"Backflip","floor":12.0},{"not_picked":["Deflect","Masterful Stab"],"picked":"Reflex","floor":14.0},{"not_picked":["Wraith Form v2","Adrenaline"],"picked":"Tools of the Trade","floor":16.0},{"not_picked":["Acrobatics","Slice"],"picked":"Calculated Gamble+1","floor":18.0},{"not_picked":["Flying Knee","All Out Attack"],"picked":"After Image","floor":21.0},{"not_picked":["Distraction","Poisoned Stab"],"picked":"Tactician","floor":24.0},{"not_picked":["Poisoned Stab","Quick Slash"],"picked":"Acrobatics+1","floor":27.0},{"not_picked":["Noxious Fumes","Dagger Spray","Bouncing Flask"],"picked":"SKIP","floor":29.0},{"not_picked":["Riddle With Holes","Sucker Punch","Dagger Throw"],"picked":"SKIP","floor":31.0},{"not_picked":["Expertise+1","Flying Knee"],"picked":"Leg Sweep+1","floor":35.0},{"not_picked":["Noxious Fumes","Sucker Punch+1","Backflip+1"],"picked":"SKIP","floor":37.0},{"not_picked":["Poisoned Stab","Prepared","Sucker Punch"],"picked":"SKIP","floor":39.0},{"not_picked":["Endless Agony","Caltrops","Unload"],"picked":"SKIP","floor":40.0},{"not_picked":["Dodge and Roll","Blade Dance+1","Slice"],"picked":"SKIP","floor":41.0},{"not_picked":["Poisoned Stab","Bane+1","Catalyst"],"picked":"SKIP","floor":44.0},{"not_picked":["Dodge and Roll","Flying Knee"],"picked":"Flechettes","floor":46.0},{"not_picked":["Backflip","Deflect","Setup+1"],"picked":"SKIP","floor":47.0},{"not_picked":["Infinite Blades+1","Catalyst","Bane"],"picked":"SKIP","floor":48.0},{"not_picked":["Infinite Blades+1","Catalyst","Bane"],"picked":"SKIP","floor":48.0},{"not_picked":["Infinite Blades+1","Catalyst","Bane"],"picked":"SKIP","floor":48.0}],"player_experience":671441,"relics_obtained":[{"floor":6.0,"key":"Vajra"},{"floor":8.0,"key":"Bag of Marbles"},{"floor":9.0,"key":"Blood Vial"},{"floor":22.0,"key":"Toy Ornithopter"},{"floor":24.0,"key":"Boot"},{"floor":26.0,"key":"Shovel"},{"floor":32.0,"key":"Shuriken"},{"floor":40.0,"key":"White Beast Statue"},{"floor":42.0,"key":"Paper Crane"},{"floor":43.0,"key":"Kunai"},{"floor":44.0,"key":"Anchor"},{"floor":47.0,"key":"Pen Nib"}],"event_choices":[{"damage_healed":0.0,"max_hp_gain":0.0,"max_hp_loss":6.0,"gold_gain":0.0,"event_name":"Golden Idol","player_choice":"Lose Max HP","floor":2.0,"gold_loss":0.0,"damage_taken":0.0,"relics_obtained":["Golden Idol"]},{"damage_healed":0.0,"max_hp_gain":0.0,"max_hp_loss":0.0,"gold_gain":0.0,"event_name":"Accursed Blacksmith","player_choice":"Rummage","floor":3.0,"gold_loss":0.0,"damage_taken":0.0,"relics_obtained":["WarpedTongs"],"cards_obtained":["Pain"]},{"damage_healed":0.0,"max_hp_gain":0.0,"max_hp_loss":0.0,"gold_gain":0.0,"event_name":"The Mausoleum","player_choice":"Ignored","floor":19.0,"gold_loss":0.0,"damage_taken":0.0},{"damage_healed":0.0,"max_hp_gain":0.0,"max_hp_loss":0.0,"gold_gain":0.0,"cards_transformed":["Outmaneuver","Dodge and Roll"],"event_name":"Drug Dealer","player_choice":"Became Test Subject","floor":20.0,"gold_loss":0.0,"damage_taken":0.0,"cards_obtained":["Blur","Unload"]},{"cards_removed":["Bullet Time"],"damage_healed":0.0,"max_hp_gain":0.0,"max_hp_loss":0.0,"gold_gain":0.0,"event_name":"Back to Basics","player_choice":"Elegance","floor":28.0,"gold_loss":0.0,"damage_taken":0.0},{"cards_removed":["Dash"],"damage_healed":0.0,"max_hp_gain":0.0,"max_hp_loss":0.0,"gold_gain":0.0,"event_name":"Falling","player_choice":"Removed Attack","floor":36.0,"gold_loss":0.0,"damage_taken":0.0},{"damage_healed":0.0,"max_hp_gain":0.0,"max_hp_loss":0.0,"gold_gain":0.0,"event_name":"Lab","player_choice":"Got Potions","floor":45.0,"gold_loss":0.0,"damage_taken":0.0}],"is_beta":false,"boss_relics":[{"not_picked":["Black Star","Runic Pyramid"],"picked":"Pandora\u0027s Box"},{"not_picked":["Ring of the Serpent","Fusion Hammer"],"picked":"Empty Cage"}],"items_purged_floors":[13,25,38],"is_endless":false,"potions_floor_spawned":[11,16,18,21,35,40,41,44,46,47,48],"ascension_level":19}}