{"host":"j06fkfseroga8i8e","time":1608909727,"event":{"mods":["BaseMod","Bestiary","Colored Map","Colored Powertips","Minty Spire (QoL Compilation)","Relic Stats","StSLib","everything is the same but u backflip on backflip"],"gold_per_floor":[213,229,229,22,22,22,22,22],"floor_reached":7,"playtime":151,"items_purged":[],"score":62,"play_id":"4f381313-03af-4c60-8d39-07dd42ccffb6","local_time":"20201225102207","is_ascension_mode":true,"campfire_choices":[{"data":"Genetic Algorithm","floor":6,"key":"SMITH"}],"circlet_count":0,"master_deck":["AscendersBane","Strike_B","Strike_B","Strike_B","Defend_B","Defend_B","Defend_B","Defend_B","Zap","Dualcast","Blizzard","Blizzard","Genetic Algorithm+1","Compile Driver","Self Repair"],"relics":["Cracked Core","Golden Idol"],"acts_visited":["Exordium"],"potions_floor_usage":[],"damage_taken":[{"damage":5,"enemies":"2 Louse","floor":1,"turns":3},{"damage":14,"enemies":"Small Slimes","floor":2,"turns":4},{"damage":10,"enemies":"Lagavulin","floor":7,"turns":4}],"seed_played":"-9040541052489308915","potions_obtained":[{"floor":1,"key":"BlessingOfTheForge"}],"is_trial":false,"path_per_floor":["M","M","?","$","?","R","E"],"character_chosen":"DEFECT","items_purchased":["Genetic Algorithm","Compile Driver","Self Repair"],"campfire_rested":0,"item_purchase_floors":[4,4,4],"current_hp_per_floor":[63,49,49,49,42,42,32,32],"gold":22,"neow_bonus":"HUNDRED_GOLD","is_daily":false,"chose_seed":false,"campfire_upgraded":1,"win_rate":0.0,"timestamp":1608909727,"path_taken":["M","M","?","$","?","R","E"],"items_purchased_type":["Card","Card","Card"],"build_version":"2020-12-22","purchased_purges":0,"victory":false,"max_hp_per_floor":[75,75,69,69,69,69,69,69],"relic_stats":{"counters":[3,11],"Golden Idol":0,"obtain_stats":[{"Golden Idol":3,"Cracked Core":0},{"Golden Idol":2,"Cracked Core":0},{"Golden Idol":7,"Cracked Core":0}]},"card_choices":[{"not_picked":["Recycle","Conserve Battery"],"picked":"Blizzard","floor":1},{"not_picked":["Go for the Eyes","Double Energy"],"picked":"Blizzard","floor":2}],"player_experience":563127,"relics_obtained":[],"event_choices":[{"damage_healed":0,"gold_gain":0,"player_choice":"Lose Max HP","damage_taken":0,"relics_obtained":["Golden Idol"],"max_hp_gain":0,"max_hp_loss":6,"event_name":"Golden Idol","floor":3,"gold_loss":0},{"cards_removed":["Strike_B"],"damage_healed":0,"gold_gain":0,"player_choice":"Card Removal","damage_taken":7,"max_hp_gain":0,"max_hp_loss":0,"event_name":"Golden Wing","floor":5,"gold_loss":0}],"is_beta":false,"boss_relics":[],"items_purged_floors":[],"is_endless":false,"potions_floor_spawned":[1],"killed_by":"Lagavulin","ascension_level":12}}