{"host":"w31as9kcl9qjbzmo","time":1608922909,"event":{"mods":["BaseMod","Friendly Minions","Lobotomy","Minty Spire (QoL Compilation)","StSLib"],"gold_per_floor":[109,127,140,160,178,203,203,214,241,251,282,299,77,91,91,192,192,202,57,70,70,70],"floor_reached":21,"playtime":1874,"items_purged":["Strike_R"],"score":222,"play_id":"3432263e-64e0-4d9e-afaa-23666a952e99","local_time":"20201226040149","is_ascension_mode":false,"campfire_choices":[{"floor":7,"key":"REST"},{"floor":15,"key":"REST"}],"circlet_count":0,"master_deck":["Strike_R","Strike_R","Strike_R","Defend_R","Defend_R","Defend_R","Bash","OSAHOGD","VoidDream","Havoc","BigBadWolf","Iron Wave","OldLady","Cleave","Laetitia","FieryBird","Reaper","Wellcheers","Bloodletting","Exhume","CherryBlossoms","Intimidate","UniverseFragment","Spot Weakness","QueenOfHatred","Alriune","Dark Embrace","Havoc","Mercenary","Offering","Burning Pact+1","Headbutt+1","Rupture+1","Murderer","Freischutz","Havoc"],"relics":["Burning Blood","CogitoBucket","Centennial Puzzle","HellTrain","Dream Catcher","Ancient Tea Set","DollysMirror","Astrolabe","ResearcherNote","Boot"],"acts_visited":["Exordium","TheCity"],"potions_floor_usage":[6,11,11,18],"damage_taken":[{"damage":6,"enemies":"Cultist","floor":1,"turns":3},{"damage":9,"enemies":"Small Slimes","floor":2,"turns":3},{"damage":4,"enemies":"2 Louse","floor":3,"turns":4},{"damage":23,"enemies":"Lots of Slimes","floor":4,"turns":7},{"damage":9,"enemies":"2 Fungi Beasts","floor":5,"turns":4},{"damage":21,"enemies":"Gremlin Nob","floor":6,"turns":5},{"damage":58,"enemies":"Blue Slaver","floor":8,"turns":4},{"damage":13,"enemies":"Exordium Thugs","floor":10,"turns":5},{"damage":14,"enemies":"Lagavulin","floor":11,"turns":5},{"damage":19,"enemies":"2 Fungi Beasts","floor":12,"turns":3},{"damage":13,"enemies":"Exordium Wildlife","floor":14,"turns":2},{"damage":65,"enemies":"The Guardian","floor":16,"turns":13},{"damage":90,"enemies":"Spheric Guardian","floor":18,"turns":4},{"damage":25,"enemies":"Chosen","floor":20,"turns":5},{"damage":12,"enemies":"Centurion and Healer","floor":21,"turns":1}],"seed_played":"490717290401680493","potions_obtained":[{"floor":1,"key":"DuplicationPotion"},{"floor":3,"key":"GamblersBrew"},{"floor":6,"key":"SpeedPotion"},{"floor":10,"key":"Block Potion"},{"floor":11,"key":"GamblersBrew"},{"floor":16,"key":"CultistPotion"}],"is_trial":false,"path_per_floor":["M","M","M","M","M","E","R","M","T","M","E","M","$","M","R","B",null,"M","$","M","M"],"character_chosen":"IRONCLAD","items_purchased":["DollysMirror","Boot"],"campfire_rested":2,"item_purchase_floors":[13,19],"current_hp_per_floor":[80,77,79,62,59,44,68,28,28,29,24,27,27,42,66,35,80,20,20,10,0,0],"gold":70,"neow_bonus":"","is_daily":false,"chose_seed":false,"campfire_upgraded":0,"win_rate":0.0,"timestamp":1608922909,"path_taken":["M","M","M","M","?","E","R","M","T","M","E","M","$","M","R","BOSS","M","$","M","M"],"items_purchased_type":["Relic","Relic"],"build_version":"2020-12-22","purchased_purges":1,"victory":false,"max_hp_per_floor":[80,80,80,80,80,80,80,80,80,80,80,80,80,80,80,80,80,80,80,80,80,80],"card_choices":[{"not_picked":["CrumblingArmor","BeautyBeast"],"picked":"OSAHOGD","floor":1},{"not_picked":["Iron Wave","Cleave"],"picked":"Sentinel","floor":1},{"not_picked":["GalaxyChild","SpiderBud"],"picked":"VoidDream","floor":2},{"not_picked":["Warcry","Sword Boomerang"],"picked":"Havoc","floor":2},{"not_picked":["CrumblingArmor","OldLady"],"picked":"BigBadWolf","floor":3},{"not_picked":["Perfected Strike","Clash"],"picked":"Iron Wave","floor":3},{"not_picked":["MeatLantern","LittlePrince"],"picked":"OldLady","floor":4},{"not_picked":["Clothesline","Anger"],"picked":"Cleave","floor":4},{"not_picked":["ShyLook","WallGazer"],"picked":"Laetitia","floor":5},{"not_picked":["Flex","Uppercut"],"picked":"Sword Boomerang","floor":5},{"not_picked":["DreamingCurrent","UniverseFragment"],"picked":"FieryBird","floor":6},{"not_picked":["Armaments","Reckless Charge"],"picked":"Reaper","floor":6},{"not_picked":["Rudolta","MHz"],"picked":"Wellcheers","floor":8},{"not_picked":["Anger","Warcry"],"picked":"Bloodletting","floor":8},{"not_picked":["ShyLook","UniverseFragment"],"picked":"QueenOfHatred","floor":10},{"not_picked":["Sword Boomerang","Headbutt"],"picked":"Exhume","floor":10},{"not_picked":["GalaxyChild","PunishingBird"],"picked":"CherryBlossoms","floor":11},{"not_picked":["Heavy Blade","Iron Wave"],"picked":"Intimidate","floor":11},{"not_picked":["Scarecrow","BeautyBeast"],"picked":"UniverseFragment","floor":12},{"not_picked":["Shrug It Off","Wild Strike"],"picked":"Spot Weakness","floor":12},{"not_picked":["Woodsman","MHz"],"picked":"Alriune","floor":14},{"not_picked":["Wild Strike","Dual Wield"],"picked":"Dark Embrace","floor":14},{"not_picked":["Rampage","Iron Wave"],"picked":"Havoc","floor":15},{"not_picked":["Scarecrow","LittlePrince"],"picked":"Mercenary","floor":16},{"not_picked":["Limit Break","Immolate"],"picked":"Offering","floor":16},{"not_picked":["Porccubus","LaLuna"],"picked":"Murderer","floor":18},{"not_picked":["Anger","Dual Wield","Metallicize"],"picked":"SKIP","floor":18},{"not_picked":["Anger","Dual Wield","Metallicize"],"picked":"SKIP","floor":18},{"not_picked":["Scarecrow","Bloodbath"],"picked":"Freischutz","floor":20},{"not_picked":["True Grit","Shockwave"],"picked":"Havoc","floor":20}],"player_experience":328833,"relics_obtained":[{"floor":6,"key":"Centennial Puzzle"},{"floor":9,"key":"Dream Catcher"},{"floor":11,"key":"Ancient Tea Set"}],"event_choices":[],"is_beta":false,"boss_relics":[{"not_picked":["Sozu","Runic Cube"],"picked":"Astrolabe"}],"items_purged_floors":[13],"is_endless":false,"potions_floor_spawned":[1,3,6,10,11,16],"killed_by":"Centurion and Healer","ascension_level":0}}