{"host":"jmdwsiegw2vwqzt1","time":1608872830,"event":{"mods":["2.2 Compatiblity","AchievementEnabler","BaseMod","Better Third Choice","Better Vampires","Colored Powertips","Custom Start","Dio Mod","Downfall","Hermit","Highlight Path","Jorbs\u0027s Wanderer Trilogy","Marisa????????","Minty Spire (QoL Compilation)","Permanent Neow","Quick Restart","Rare Cards Sparkle","Relic Stats","Spicy Shops","StSLib","SuperFastMode","The Bug Knight","The Cursed","The Disciple","The Hierophant","The Necromancer","The Servant 0.9.4","slay the spire mod where everything is the same but ironclad has a cowboy hat"],"gold_per_floor":[99,109,559,185,198,83,83,83,8,27,27,54,54,70,86,187,187,187,187,287,298,49,49,75,91,109,34,34,67,67,45,58,58,58,58],"floor_reached":33,"playtime":1406,"items_purged":["Slimebound:Icky","Slimebound:Icky","Slimebound:Icky"],"score":288,"play_id":"22c6d665-7bc6-4d73-a4f1-c2e5e34fed0a","local_time":"20201225000710","is_ascension_mode":false,"campfire_choices":[{"floor":1,"key":"RECALL"},{"data":"champ:FocusedGladiator","floor":9,"key":"SMITH"},{"data":"champ:Taunt","floor":11,"key":"SMITH"},{"data":"champ:SteelEdge","floor":13,"key":"SMITH"},{"data":"champ:CheapShot","floor":18,"key":"SMITH"},{"floor":27,"key":"REST"},{"floor":30,"key":"REST"}],"circlet_count":0,"master_deck":["champ:Strike","champ:Strike","champ:Strike","champ:Strike","champ:Defend","champ:Defend","champ:Defend","champ:Defend","champ:Execute","champ:Taunt+1","champ:GladiatorStyle","champ:FocusedGladiator+1","champ:GladiatorStyle","champ:SteelEdge+1","champ:Balance","champ:GladiatorStyle","champ:CheapShot+1","RitualDagger","champ:GladiatorStyle","champ:CrookedStrike","champ:Balance"],"relics":["champ:ChampionCrown","champ:FightingForDummies","Omamori","Tiny Chest","downfall:HeartBlessingRed","HollowMod:QueensCombRelic","Sozu","PreservedInsect","MealTicket","downfall:HeartBlessingBlue","Akabeko"],"acts_visited":["Exordium","TheCity"],"potions_floor_usage":[16,16,16,33],"damage_taken":[{"damage":14,"enemies":"Small Slimes","floor":2,"turns":4},{"damage":5,"enemies":"downfall:FleeingMerchant","floor":4,"turns":4},{"damage":6,"enemies":"2 Louse","floor":5,"turns":2},{"damage":12,"enemies":"downfall:FleeingMerchant","floor":6,"turns":4},{"damage":6,"enemies":"Cultist","floor":10,"turns":4},{"damage":30,"enemies":"Gremlin Nob","floor":12,"turns":4},{"damage":7,"enemies":"2 Fungi Beasts","floor":14,"turns":4},{"damage":9,"enemies":"Exordium Wildlife","floor":15,"turns":4},{"damage":59,"enemies":"downfall:Defect","floor":16,"turns":7},{"damage":21,"enemies":"Chosen","floor":21,"turns":6},{"damage":15,"enemies":"downfall:FleeingMerchant","floor":22,"turns":5},{"damage":19,"enemies":"Spheric Guardian","floor":25,"turns":4},{"damage":5,"enemies":"Centurion and Healer","floor":26,"turns":6},{"damage":28,"enemies":"HollowMod:Nosk","floor":29,"turns":8},{"damage":19,"enemies":"downfall:FleeingMerchant","floor":31,"turns":5},{"damage":52,"enemies":"Cultist and Chosen","floor":32,"turns":9},{"damage":41,"enemies":"downfall:Silent","floor":33,"turns":4}],"seed_played":"8418575833549135559","potions_obtained":[{"floor":5,"key":"Weak Potion"},{"floor":10,"key":"EssenceOfSteel"},{"floor":14,"key":"Energy Potion"},{"floor":16,"key":"champ:OpenerPotion"}],"is_trial":false,"path_per_floor":["R","M","?","$","M","$","T","?","R","M","R","E","R","M","M","B",null,"R","?","?","M","$","T","T","M","M","R","?","E","R","$","M","B"],"character_chosen":"THE_CHAMP","items_purchased":["champ:FightingForDummies","champ:GladiatorStyle","Omamori","PreservedInsect","champ:GladiatorStyle","champ:Balance"],"campfire_rested":2,"item_purchase_floors":[4,4,4,22,22,31],"current_hp_per_floor":[99,90,90,90,84,77,77,99,99,98,98,66,66,64,57,7,66,66,60,60,45,42,42,42,32,36,68,54,43,67,72,32,0,0,0],"gold":58,"neow_bonus":"TEN_PERCENT_HP_BONUS","is_daily":false,"chose_seed":false,"campfire_upgraded":4,"win_rate":0.0,"timestamp":1608872830,"path_taken":["R","M","?","$","M","$","T","?","R","M","R","E","R","M","M","BOSS","R","?","?","M","$","?","T","M","M","R","?","E","R","?","M","BOSS"],"items_purchased_type":["Relic","Card","Relic","Relic","Card","Card"],"build_version":"2020-12-22","purchased_purges":3,"victory":false,"max_hp_per_floor":[99,99,99,99,99,99,99,99,99,99,99,66,66,66,66,66,66,66,66,66,66,66,66,66,66,66,76,81,81,81,81,81,81,81,81],"relic_stats":{"Sozu":3,"counters":[17,84],"Tiny Chest":1,"MealTicket":14,"PreservedInsect":12,"obtain_stats":[{"Sozu":17,"HollowMod:QueensCombRelic":12,"downfall:HeartBlessingRed":9,"downfall:HeartBlessingBlue":27,"champ:ChampionCrown":0,"Tiny Chest":7,"MealTicket":24,"PreservedInsect":22,"Omamori":4,"champ:FightingForDummies":4,"Akabeko":29},{"Sozu":9,"HollowMod:QueensCombRelic":6,"downfall:HeartBlessingRed":4,"downfall:HeartBlessingBlue":13,"champ:ChampionCrown":0,"Tiny Chest":4,"MealTicket":11,"PreservedInsect":11,"Omamori":2,"champ:FightingForDummies":2,"Akabeko":14},{"Sozu":37,"HollowMod:QueensCombRelic":22,"downfall:HeartBlessingRed":14,"downfall:HeartBlessingBlue":58,"champ:ChampionCrown":0,"Tiny Chest":14,"MealTicket":48,"PreservedInsect":48,"Omamori":8,"champ:FightingForDummies":8,"Akabeko":66}]},"card_choices":[{"not_picked":["champ:FlashCut","champ:FanOfKnives"],"picked":"champ:GladiatorStyle","floor":2},{"not_picked":["champ:BladeFlurry","champ:EnGarde"],"picked":"champ:FocusedGladiator","floor":4},{"not_picked":["champ:GutPunch","champ:BerserkersShout","champ:TornadoPunch"],"picked":"SKIP","floor":5},{"not_picked":["champ:Circumvent","champ:BerserkersShout","champ:TornadoPunch"],"picked":"SKIP","floor":6},{"not_picked":["champ:DefensiveShout","champ:FocusedDefense","champ:BladeFlurry"],"picked":"SKIP","floor":10},{"not_picked":["champ:Lariat","champ:DefensiveShout"],"picked":"champ:SteelEdge","floor":12},{"not_picked":["champ:Haymaker","champ:ArenaPreparation"],"picked":"champ:Balance","floor":14},{"not_picked":["champ:BladeFlurry","champ:FightOn"],"picked":"champ:GladiatorStyle","floor":15},{"not_picked":["champ:SwordThrow","champ:LastStand"],"picked":"champ:CheapShot","floor":16},{"not_picked":["champ:DefensiveShout+1","champ:Encircle","champ:GutPunch"],"picked":"SKIP","floor":21},{"not_picked":["champ:TornadoPunch","champ:DefensiveStyle","champ:PerfectedStrike"],"picked":"SKIP","floor":22},{"not_picked":["champ:PerfectedStrike","champ:AdrenalArmor+1","champ:TornadoPunch"],"picked":"SKIP","floor":25},{"not_picked":["champ:FalseCounter+1","champ:DefensiveShout","champ:Circumvent"],"picked":"SKIP","floor":26},{"not_picked":["champ:FanOfKnives","champ:BerserkerStyle"],"picked":"champ:CrookedStrike","floor":29},{"not_picked":["champ:HeavySlash","champ:ArenaPreparation","champ:BringItOn"],"picked":"SKIP","floor":31},{"not_picked":["champ:TornadoPunch","champ:EnGarde","champ:GutPunch"],"picked":"SKIP","floor":32}],"player_experience":305146,"relics_obtained":[{"floor":7,"key":"Tiny Chest"},{"floor":12,"key":"HollowMod:QueensCombRelic"},{"floor":24,"key":"MealTicket"},{"floor":29,"key":"Akabeko"}],"event_choices":[{"damage_healed":24,"gold_gain":0,"player_choice":"Healed and dodged fight","damage_taken":0,"max_hp_gain":0,"max_hp_loss":0,"event_name":"Mushrooms","floor":8,"gold_loss":0,"cards_obtained":["Parasite"]}],"is_beta":false,"boss_relics":[{"not_picked":["Busted Crown","Astrolabe"],"picked":"Sozu"}],"items_purged_floors":[4,6,22],"is_endless":false,"potions_floor_spawned":[5,10,14,16,25,29,32],"killed_by":"downfall:Silent","ascension_level":0}}