{"host":"y1gy3vaohdji07z5","time":1608912929,"event":{"mods":["BaseMod","Colored Map","Colored Powertips","Hermit","Minty Spire (QoL Compilation)","Random Character Button","Rare Cards Sparkle","StSLib"],"gold_per_floor":[118,130,130,130,145,145,183,183,208,208,65,86,109,41,41,164,164,164,164,164,39,52,52,88,88,88,88,88],"floor_reached":27,"playtime":1325,"items_purged":["hermit:Defend_Hermit"],"score":263,"play_id":"307f7580-bd10-4b77-93fb-42d3c3f02455","local_time":"20201225171529","is_ascension_mode":true,"campfire_choices":[{"data":"hermit:EyeOfTheStorm","floor":6,"key":"SMITH"},{"data":"hermit:GhostlyPresence","floor":8,"key":"SMITH"},{"data":"hermit:Deadeye","floor":10,"key":"SMITH"},{"floor":15,"key":"REST"},{"data":"hermit:Combo","floor":23,"key":"SMITH"},{"data":"hermit:EyeOfTheStorm","floor":25,"key":"SMITH"}],"circlet_count":0,"master_deck":["hermit:Strike_Hermit","hermit:Strike_Hermit","hermit:Defend_Hermit","hermit:Defend_Hermit","hermit:Defend_Hermit","hermit:Snapshot","hermit:Covet","hermit:Deadeye+1","hermit:EyeOfTheStorm+1","hermit:GhostlyPresence+1","hermit:Horror","hermit:EyeOfTheStorm+1","hermit:Determination","hermit:Combo+1","hermit:Roughhouse","CurseOfTheBell","hermit:Enervate","hermit:Enervate"],"relics":["hermit:Momento","Golden Idol","CultistMask","Pen Nib","Orichalcum","Calling Bell","Bag of Preparation","The Courier","Torii","Lantern","Darkstone Periapt","Unceasing Top"],"acts_visited":["Exordium","TheCity"],"potions_floor_usage":[13,18,24,24],"damage_taken":[{"damage":0,"enemies":"2 Louse","floor":1,"turns":3},{"damage":0,"enemies":"Small Slimes","floor":2,"turns":3},{"damage":0,"enemies":"Cultist","floor":5,"turns":3},{"damage":37,"enemies":"Lagavulin","floor":7,"turns":6},{"damage":10,"enemies":"Lots of Slimes","floor":12,"turns":4},{"damage":8,"enemies":"Exordium Thugs","floor":13,"turns":4},{"damage":17,"enemies":"Slime Boss","floor":16,"turns":5},{"damage":7,"enemies":"3 Byrds","floor":18,"turns":2},{"damage":0,"enemies":"Chosen","floor":22,"turns":3},{"damage":39,"enemies":"Slavers","floor":24,"turns":5},{"damage":34,"enemies":"Gremlin Leader","floor":27,"turns":4}],"seed_played":"7411842811719020787","potions_obtained":[{"floor":7,"key":"Weak Potion"},{"floor":13,"key":"SmokeBomb"},{"floor":16,"key":"AttackPotion"},{"floor":22,"key":"LiquidMemories"}],"is_trial":false,"path_per_floor":["M","M","?","?","M","R","E","R","T","R","$","M","M","$","R","B",null,"M","?","?","$","M","R","E","R","T","E"],"character_chosen":"HERMIT","items_purchased":["hermit:Horror","hermit:Combo","Lantern"],"campfire_rested":1,"item_purchase_floors":[11,14,21],"current_hp_per_floor":[75,75,57,57,57,57,20,20,20,20,20,10,2,2,24,7,75,68,68,68,68,68,68,29,29,29,0,0],"gold":88,"neow_bonus":"REMOVE_CARD","is_daily":false,"chose_seed":false,"campfire_upgraded":5,"win_rate":0.0,"timestamp":1608912929,"path_taken":["M","M","?","?","?","R","E","R","T","R","$","M","?","?","R","BOSS","M","?","?","$","M","R","E","R","T","E"],"items_purchased_type":["Card","Card","Relic"],"build_version":"2020-12-22","purchased_purges":1,"victory":false,"max_hp_per_floor":[75,75,75,75,75,75,75,75,75,75,75,75,75,75,75,75,75,75,75,75,75,75,75,75,75,75,75,75],"card_choices":[{"not_picked":["hermit:HighCaliber","hermit:Desperado"],"picked":"hermit:Deadeye","floor":1},{"not_picked":["hermit:Desperado","hermit:Glare"],"picked":"hermit:EyeOfTheStorm","floor":2},{"not_picked":["hermit:ShadowCloak","hermit:LowProfile","hermit:DeadMansHand"],"picked":"SKIP","floor":5},{"not_picked":["hermit:TrackingShot","hermit:Reprieve"],"picked":"hermit:GhostlyPresence","floor":7},{"not_picked":["hermit:Malice","hermit:WideOpen"],"picked":"hermit:EyeOfTheStorm","floor":12},{"not_picked":["hermit:Roulette","hermit:HighCaliber"],"picked":"hermit:Determination","floor":13},{"not_picked":["hermit:FatalDesire","hermit:Purgatory"],"picked":"hermit:Roughhouse","floor":16},{"not_picked":["hermit:DeadMansHand","hermit:Brawl+1","hermit:Snipe"],"picked":"SKIP","floor":22},{"not_picked":["hermit:Glare+1","hermit:Scavenge"],"picked":"hermit:Enervate","floor":24}],"player_experience":360350,"relics_obtained":[{"floor":7,"key":"Pen Nib"},{"floor":9,"key":"Orichalcum"},{"floor":17,"key":"Bag of Preparation"},{"floor":17,"key":"The Courier"},{"floor":17,"key":"Torii"},{"floor":24,"key":"Darkstone Periapt"},{"floor":26,"key":"Unceasing Top"}],"event_choices":[{"damage_healed":0,"gold_gain":0,"player_choice":"Take Damage","damage_taken":18,"relics_obtained":["Golden Idol"],"max_hp_gain":0,"max_hp_loss":0,"event_name":"Golden Idol","floor":3,"gold_loss":0},{"damage_healed":0,"gold_gain":0,"player_choice":"Trade","damage_taken":0,"relics_obtained":["CultistMask"],"max_hp_gain":0,"max_hp_loss":0,"event_name":"FaceTrader","floor":4,"gold_loss":0},{"cards_removed":["hermit:Strike_Hermit"],"damage_healed":0,"gold_gain":0,"player_choice":"Elegance","damage_taken":0,"max_hp_gain":0,"max_hp_loss":0,"event_name":"Back to Basics","floor":19,"gold_loss":0},{"damage_healed":0,"gold_gain":0,"player_choice":"Read","damage_taken":0,"max_hp_gain":0,"max_hp_loss":0,"event_name":"The Library","floor":20,"gold_loss":0,"cards_obtained":["hermit:Enervate"]}],"is_beta":false,"boss_relics":[{"not_picked":["Astrolabe","SacredBark"],"picked":"Calling Bell"}],"items_purged_floors":[11],"is_endless":false,"potions_floor_spawned":[7,13,16,22],"killed_by":"Gremlin Leader","ascension_level":3}}