{"host":"c2og1cp357bgjv9b","time":1608885674,"event":{"mods":["BaseMod","Colored Map","Minty Spire (QoL Compilation)","Replay The Spire","StSLib"],"gold_per_floor":[113,113,131,131,20,20,195,215,238,253,75,89,89,109,109,240,240,263,118,138,53,53,53,53,53,77,111,111,111,129,150,150,150,150],"floor_reached":33,"playtime":2046,"items_purged":["ReplayTheSpireMod:Doomed","Doubt"],"score":255,"play_id":"44475e49-7b3f-42a3-9486-d93bdc94d04f","local_time":"20201225164114","is_ascension_mode":false,"campfire_choices":[{"data":"Havoc","floor":6.0,"key":"SMITH"},{"data":"Wild Strike","floor":13.0,"key":"SMITH"},{"data":"ReplayTheSpireMod:Strike From Hell","floor":15.0,"key":"SMITH"},{"data":"Dark Embrace","floor":23,"key":"SMITH"},{"data":"ReplayTheSpireMod:Strike From Hell","floor":25,"key":"SMITH"},{"data":"ReplayTheSpireMod:Strike From Hell","floor":29,"key":"SMITH"},{"data":"Wild Strike","floor":32,"key":"SMITH"}],"circlet_count":0,"master_deck":["Strike_R+1","Strike_R","Defend_R","Defend_R","Defend_R","Defend_R","Bash","ReplayTheSpireMod:Strike From Hell+1","Fire Breathing+1","ReplayTheSpireMod:Strike From Hell+1","Injury","Havoc+1","Shrug It Off+1","Purity+1","Wild Strike+1","Ghostly Armor","Ghostly Armor","Wild Strike+1","Metallicize","ReplayTheSpireMod:Strike From Hell+1","Offering","Feed+1","Immolate+1","Whirlwind+1","Defy Death+1","True Grit","Feel No Pain","Dark Embrace+1","Replay:Undeath\u0027s Touch+1"],"relics":["Burning Blood","Golden Idol","ReplayTheSpireMod:CursedCoin","War Paint","Astrolabe","Another Sword","Red Skull"],"acts_visited":["Exordium","TheCity"],"potions_floor_usage":[18,30,33],"damage_taken":[{"damage":4.0,"enemies":"Jaw Worm","floor":1.0,"turns":5.0},{"damage":7.0,"enemies":"Small Slimes","floor":3.0,"turns":3.0},{"damage":1.0,"enemies":"Cultist","floor":8.0,"turns":4.0},{"damage":4.0,"enemies":"Large Slime","floor":10.0,"turns":6.0},{"damage":8.0,"enemies":"2 Fungi Beasts","floor":12.0,"turns":3.0},{"damage":10.0,"enemies":"Looter","floor":14.0,"turns":4.0},{"damage":49.0,"enemies":"Fading Forest","floor":16.0,"turns":11.0},{"damage":10,"enemies":"Chosen","floor":18,"turns":3},{"damage":6,"enemies":"Spheric Guardian","floor":20,"turns":3},{"damage":35,"enemies":"Gremlin Leader","floor":27,"turns":6},{"damage":7,"enemies":"Snake Plant","floor":30,"turns":3},{"damage":6,"enemies":"Sentry and Sphere","floor":31,"turns":3},{"damage":52,"enemies":"Pondfish","floor":33,"turns":5}],"seed_played":"7345826335091291807","potions_obtained":[{"floor":1.0,"key":"Energy Potion"},{"floor":8.0,"key":"LifebloodPotion"},{"floor":14.0,"key":"SmokeBomb"},{"floor":20,"key":"Doom Potion"},{"floor":27,"key":"Languid Potion"},{"floor":31,"key":"SkillPotion"}],"is_trial":false,"path_per_floor":["M","?","M","?","$","R","?","M","T","M","$","M","R","M","R","B",null,"M","$","M","?","?","R","?","R","T","E","?","R","M","M","R","B"],"character_chosen":"IRONCLAD","items_purchased":["ReplayTheSpireMod:CursedCoin","Havoc","Shrug It Off","Purity","Ghostly Armor","Wild Strike","Metallicize","True Grit"],"campfire_rested":0,"item_purchase_floors":[5,5,5,5,11,11,11,19],"current_hp_per_floor":[80,64,63,63,63,63,63,68,68,70,70,68,68,64,64,31,80,80,80,80,80,80,80,80,80,80,51,51,51,50,50,50,0,0],"gold":150,"neow_bonus":"THREE_CARDS","is_daily":false,"chose_seed":false,"campfire_upgraded":7,"win_rate":0.0,"timestamp":1608885674,"path_taken":["M","?","M","?","?","R","?","M","T","M","$","M","R","?","R","BOSS","M","$","M","?","?","R","?","R","T","E","?","R","M","M","R","BOSS"],"items_purchased_type":["Relic","Card","Card","Card","Card","Card","Card","Card"],"build_version":"2020-12-22","purchased_purges":2,"victory":false,"max_hp_per_floor":[80,80,80,80,80,80,80,80,80,80,80,80,80,80,80,80,80,84,84,84,84,84,84,84,84,84,84,84,84,84,84,84,84,84],"card_choices":[{"not_picked":["Second Wind","Warcry"],"picked":"ReplayTheSpireMod:Strike From Hell","floor":0.0},{"not_picked":["Pommel Strike","Hemokinesis"],"picked":"Fire Breathing","floor":1.0},{"not_picked":["Warcry","Clash"],"picked":"ReplayTheSpireMod:Strike From Hell","floor":3.0},{"not_picked":["Clothesline","Rage","Run Through"],"picked":"SKIP","floor":8.0},{"not_picked":["Heavy Blade","Clothesline"],"picked":"Wild Strike","floor":10.0},{"not_picked":["Iron Wave","Bloodletting"],"picked":"ReplayTheSpireMod:Strike From Hell","floor":12.0},{"not_picked":["Body Slam","Clothesline","Warcry"],"picked":"SKIP","floor":14.0},{"not_picked":["Hemogenesis","Limit Break"],"picked":"Offering","floor":16.0},{"not_picked":["Disarm+1","Replay:Undeath\u0027s Touch"],"picked":"Defy Death+1","floor":18},{"not_picked":["Iron Wave","Flex"],"picked":"Feel No Pain","floor":20},{"not_picked":["Impervious","Rupture","Run Through"],"picked":"SKIP","floor":27},{"not_picked":["Spot Weakness","ReplayTheSpireMod:Muscle Training"],"picked":"Replay:Undeath\u0027s Touch+1","floor":30},{"not_picked":["Headbutt","Perfected Strike","Armaments+1"],"picked":"SKIP","floor":31}],"player_experience":133936,"relics_obtained":[{"floor":9.0,"key":"War Paint"},{"floor":27,"key":"Red Skull"}],"event_choices":[{"damage_healed":0.0,"max_hp_gain":0.0,"max_hp_loss":0.0,"gold_gain":0.0,"event_name":"Shining Light","player_choice":"Entered Light","floor":2.0,"gold_loss":0.0,"damage_taken":16.0,"cards_upgraded":["Fire Breathing","Strike_R"]},{"damage_healed":0.0,"max_hp_gain":0.0,"max_hp_loss":0.0,"gold_gain":0.0,"event_name":"Golden Idol","player_choice":"Take Wound","floor":4.0,"gold_loss":0.0,"damage_taken":0.0,"relics_obtained":["Golden Idol"],"cards_obtained":["Injury"]},{"damage_healed":0.0,"max_hp_gain":0.0,"max_hp_loss":0.0,"gold_gain":175.0,"event_name":"Liars Game","player_choice":"AGREE","floor":7.0,"gold_loss":0.0,"damage_taken":0.0,"cards_obtained":["Doubt"]},{"damage_healed":0,"gold_gain":0,"player_choice":"Obtained Relic","damage_taken":0,"relics_obtained":["Another Sword"],"max_hp_gain":0,"max_hp_loss":0,"event_name":"Addict","floor":21,"gold_loss":85},{"damage_healed":0,"gold_gain":0,"player_choice":"Read","damage_taken":0,"max_hp_gain":0,"max_hp_loss":0,"event_name":"The Library","floor":22,"gold_loss":0,"cards_obtained":["Dark Embrace"]},{"damage_healed":0,"gold_gain":0,"player_choice":"Ignored","damage_taken":0,"max_hp_gain":0,"max_hp_loss":0,"event_name":"Ghosts","floor":28,"gold_loss":0}],"is_beta":false,"boss_relics":[{"not_picked":["Velvet Choker","Painkiller Herb"],"picked":"Astrolabe"}],"items_purged_floors":[5,19],"is_endless":false,"potions_floor_spawned":[1,8,14,20,27,31],"killed_by":"Pondfish","ascension_level":0}}