{"host":"b4asi0laiv85suj9","time":1608875218,"event":{"mods":["BaseMod","Minty Spire (QoL Compilation)","MostiFishMod","Relic Stats","StSLib","TestMod","noobMod"],"gold_per_floor":[109,109,109,123,141,141,172,126,126,144,1,26,26,26,26,103,103,117,137,157,167,184,212,612,640,640,660,710,710,376,388,388,462,462,476,525,525,540,559,594,594,607,630,646,671,683,725,755,767,779,791,803,501,527,527],"floor_reached":56,"playtime":2530,"items_purged":["Strike_B"],"score":2687,"play_id":"3bc76e02-52fc-43c6-8562-e021b3fe37fc","local_time":"20201225134658","is_ascension_mode":true,"campfire_choices":[{"data":"Zap","floor":6,"key":"SMITH"},{"data":"MostiFishMod:LinkProtocol","floor":15,"key":"SMITH"},{"data":"MostiFishMod:Culaccino","floor":29,"key":"SMITH"},{"floor":32,"key":"RECALL"},{"data":"Defragment","floor":41,"key":"SMITH"},{"data":"White Noise","floor":46,"key":"SMITH"},{"data":"Biased Cognition","floor":49,"key":"SMITH"},{"data":"Force Field","floor":52,"key":"SMITH"}],"circlet_count":0,"master_deck":["AscendersBane","Strike_B","Strike_B+1","Strike_B","Defend_B","Defend_B","Defend_B","Defend_B","Zap+1","Dualcast+1","Biased Cognition+1","Cold Snap","Defragment+1","Coolheaded+1","MostiFishMod:LinkProtocol+1","MostiFishMod:Culaccino+1","Skim+1","White Noise+1","Loop+1","MostiFishMod:TalkingToTheRain+1","Storm+1","Creative AI+1","Electrodynamics+1","Static Discharge+1","Heatsinks+1","Force Field+1"],"relics":["DaveBox","ice","Black Star","testmod-ArcanaOfDestiny","RhineSuit","SynthV:TestCard","Shuriken","Omamori","ImprovedEquipment","Medical Kit","Frozen Egg 2","Gremlin Horn","HornCleat","testmod-TimeTraveler","Molten Egg 2","Lantern","StrikeDummy","Bronze Scales","OriginationStaff","Technique","Transparent","testmod-CyclicPeriapt","testmod-IndustrialRevolution","Regal Pillow","MawBank","Ice Cream","testmod-IntensifyImprint","InkBottle","Eternal Feather","Blue Candle"],"acts_visited":["Exordium","TheCity","TheBeyond","TheEnding"],"potions_floor_usage":[30,55,55],"damage_taken":[{"damage":0.0,"enemies":"Jaw Worm","floor":1.0,"turns":2.0},{"damage":0,"enemies":"Cultist","floor":4,"turns":2},{"damage":0,"enemies":"2 Louse","floor":5,"turns":2},{"damage":7,"enemies":"Gremlin Nob","floor":7,"turns":3},{"damage":3,"enemies":"2 Fungi Beasts","floor":10,"turns":3},{"damage":1,"enemies":"Lagavulin","floor":12,"turns":4},{"damage":0,"enemies":"Hexaghost","floor":16,"turns":8},{"damage":12,"enemies":"Spheric Guardian","floor":18,"turns":4},{"damage":0,"enemies":"2 Thieves","floor":19,"turns":3},{"damage":0,"enemies":"Centurion and Healer","floor":20,"turns":4},{"damage":20,"enemies":"Snake Plant","floor":21,"turns":3},{"damage":0,"enemies":"Chosen and Byrds","floor":22,"turns":4},{"damage":12,"enemies":"Gremlin Leader","floor":23,"turns":5},{"damage":1,"enemies":"Book of Stabbing","floor":25,"turns":5},{"damage":0,"enemies":"Shelled Parasite and Fungi","floor":27,"turns":4},{"damage":0,"enemies":"Cultist and Chosen","floor":31,"turns":4},{"damage":0,"enemies":"Collector","floor":33,"turns":5},{"damage":14,"enemies":"3 Darklings","floor":35,"turns":3},{"damage":14,"enemies":"2 Orb Walkers","floor":36,"turns":2},{"damage":7,"enemies":"Orb Walker","floor":38,"turns":1},{"damage":7,"enemies":"4 Shapes","floor":39,"turns":1},{"damage":21,"enemies":"Nemesis","floor":40,"turns":3},{"damage":14,"enemies":"3 Darklings","floor":42,"turns":2},{"damage":14,"enemies":"Maw","floor":44,"turns":3},{"damage":14,"enemies":"Giant Head","floor":45,"turns":3},{"damage":7,"enemies":"Reptomancer","floor":47,"turns":1},{"damage":7,"enemies":"Jaw Worm Horde","floor":48,"turns":1},{"damage":21,"enemies":"Awakened One","floor":50,"turns":3},{"damage":14,"enemies":"Shield and Spear","floor":54,"turns":2},{"damage":14,"enemies":"The Heart","floor":55,"turns":3}],"seed_played":"-4522115987901709340","potions_obtained":[{"floor":1.0,"key":"Energy Potion"},{"floor":10,"key":"AttackPotion"},{"floor":19,"key":"DuplicationPotion"},{"floor":33,"key":"Strength Potion"},{"floor":44,"key":"PotionOfCapacity"}],"is_trial":false,"path_per_floor":["M","?","?","M","M","R","E","$","T","M","$","E","T","?","R","B",null,"M","M","M","M","M","E","?","E","T","M","?","R","$","M","R","B",null,"M","?","?","M","M","E","R","M","T","M","E","R","E","M","R","B",null,"R","$","E","B",null],"character_chosen":"DEFECT","items_purchased":["Coolheaded","Medical Kit","Storm+1","testmod-SpacePotion","SkillPotion","Technique","InkBottle"],"campfire_rested":0,"item_purchase_floors":[8,11,30,30,30,30,53],"current_hp_per_floor":[64,43,43,43,43,43,36,36,36,33,33,32,32,37,37,37,66,54,54,54,34,34,22,22,21,21,21,21,21,21,21,21,21,62,76,76,76,76,76,76,76,76,76,76,76,76,76,76,76,76,76,76,76,76,76],"gold":527,"neow_bonus":"BOSS_RELIC","is_daily":false,"chose_seed":false,"campfire_upgraded":7,"win_rate":0.0,"timestamp":1608875218,"path_taken":["M","?","?","M","?","R","E","?","T","M","$","E","?","?","R","BOSS","M","M","M","M","M","E","?","E","T","M","?","R","$","M","R","BOSS","M","?","?","M","M","E","R","M","T","M","E","R","E","M","R","BOSS","R","$","E","BOSS"],"items_purchased_type":["Card","Relic","Card","Potion","Potion","Relic","Relic"],"build_version":"2020-12-22","purchased_purges":1,"victory":true,"max_hp_per_floor":[71,71,71,71,71,71,71,71,71,71,71,71,71,76,76,76,76,76,76,76,76,76,76,76,76,76,76,76,76,76,76,76,76,76,76,76,76,76,76,76,76,76,76,76,76,76,76,76,76,76,76,76,76,76,76],"relic_stats":{"Regal Pillow":0,"Gremlin Horn":[16,23],"counters":[30,92],"Shuriken":[19],"Bronze Scales":[90],"Blue Candle":[0],"Eternal Feather":0,"Black Star":8,"Medical Kit":[16],"MawBank":96,"obtain_stats":[{"Ice Cream":47,"Lantern":23,"Regal Pillow":40,"DaveBox":0,"Gremlin Horn":12,"RhineSuit":0,"ice":0,"HornCleat":13,"Cracked Core":0,"testmod-ArcanaOfDestiny":0,"InkBottle":53,"testmod-IntensifyImprint":47,"testmod-TestBox":0,"testmod-TimeTraveler":17,"ImprovedEquipment":9,"Blue Candle":54,"Eternal Feather":54,"testmod-CyclicPeriapt":36,"Omamori":7,"Frozen Egg 2":12,"Medical Kit":11,"testmod-IndustrialRevolution":40,"MawBank":45,"SynthV:TestCard":1,"Transparent":34,"Shuriken":7,"Bronze Scales":25,"Molten Egg 2":23,"Black Star":0,"OriginationStaff":26,"Technique":30,"StrikeDummy":25},{"Ice Cream":26,"Lantern":13,"Regal Pillow":22,"DaveBox":0,"Gremlin Horn":6,"RhineSuit":0,"ice":0,"HornCleat":6,"Cracked Core":0,"testmod-ArcanaOfDestiny":0,"InkBottle":28,"testmod-IntensifyImprint":26,"testmod-TestBox":0,"testmod-TimeTraveler":7,"ImprovedEquipment":4,"Blue Candle":29,"Eternal Feather":29,"testmod-CyclicPeriapt":19,"Omamori":4,"Frozen Egg 2":6,"Medical Kit":5,"testmod-IndustrialRevolution":22,"MawBank":25,"SynthV:TestCard":1,"Transparent":17,"Shuriken":4,"Bronze Scales":14,"Molten Egg 2":13,"Black Star":0,"OriginationStaff":14,"Technique":15,"StrikeDummy":14},{"Ice Cream":83,"Lantern":47,"Regal Pillow":74,"DaveBox":0,"Gremlin Horn":16,"RhineSuit":0,"ice":0,"HornCleat":16,"Cracked Core":0,"testmod-ArcanaOfDestiny":0,"InkBottle":87,"testmod-IntensifyImprint":83,"testmod-TestBox":0,"testmod-TimeTraveler":24,"ImprovedEquipment":9,"Blue Candle":89,"Eternal Feather":89,"testmod-CyclicPeriapt":69,"Omamori":9,"Frozen Egg 2":16,"Medical Kit":12,"testmod-IndustrialRevolution":74,"MawBank":82,"SynthV:TestCard":2,"Transparent":64,"Shuriken":9,"Bronze Scales":51,"Molten Egg 2":47,"Black Star":0,"OriginationStaff":51,"Technique":55,"StrikeDummy":51}],"InkBottle":[3]},"card_choices":[{"not_picked":["Skim","Fusion","Stack"],"picked":"SKIP","floor":1.0},{"not_picked":["Compile Driver","Gash","MostiFishMod:ReprogramOld","Tempest"],"picked":"Cold Snap","floor":4},{"not_picked":["Loop","Chill","Leap","Rip and Tear"],"picked":"Ball Lightning","floor":5},{"not_picked":["Echo Form","Sunder","Double Energy","Compile Driver"],"picked":"Defragment","floor":7},{"not_picked":["Auto Shields","Hologram","Go for the Eyes","Beam Cell","Coolheaded"],"picked":"SKIP","floor":10},{"not_picked":["Coolheaded","Conserve Battery","Loop+1","Hologram"],"picked":"MostiFishMod:LinkProtocol","floor":12},{"not_picked":["MostiFishMod:Exploitation","Echo Form+1","MostiFishMod:IceShield","MostiFishMod:Tomorrow"],"picked":"MostiFishMod:Culaccino","floor":16},{"not_picked":["Turbo","MostiFishMod:PushDownKick","Sweeping Beam","FTL"],"picked":"Skim","floor":18},{"not_picked":["Reprogram","Hello World+1","Coolheaded","Streamline","Rebound"],"picked":"SKIP","floor":19},{"not_picked":["Coolheaded","Beam Cell","Steam","Reinforced Body","Cold Snap"],"picked":"SKIP","floor":20},{"not_picked":["MostiFishMod:Hijack","Cold Snap","Gash","Hologram","Go for the Eyes"],"picked":"SKIP","floor":21},{"not_picked":["Undo","Sweeping Beam","Genetic Algorithm","Hologram"],"picked":"White Noise","floor":22},{"not_picked":["Compile Driver+1","Tempest","MostiFishMod:FluxCapactior","Reboot"],"picked":"Loop+1","floor":23},{"not_picked":["Consume","Scrape+1","Melter+1","Barrage+1"],"picked":"MostiFishMod:TalkingToTheRain+1","floor":25},{"not_picked":["Conserve Battery","Hello World+1","Cold Snap+1","Compile Driver+1","Streamline+1"],"picked":"SKIP","floor":27},{"not_picked":["MostiFishMod:LinkProtocol","Reinforced Body","Blizzard+1","Steam","Stack"],"picked":"SKIP","floor":31},{"not_picked":["MostiFishMod:Nova+1","MostiFishMod:TalkingToTheRain+1","MostiFishMod:IntelligentEquipment+1","Rainbow"],"picked":"Creative AI+1","floor":33},{"not_picked":["Hologram","Conserve Battery","Undo","Beam Cell+1","FTL+1"],"picked":"SKIP","floor":35},{"not_picked":["Leap","Redo","Go for the Eyes+1","Beam Cell+1"],"picked":"Electrodynamics+1","floor":38},{"not_picked":["Reinforced Body","Conserve Battery","Steam","Cold Snap+1"],"picked":"Static Discharge+1","floor":39},{"not_picked":["MostiFishMod:LinkProtocol","Streamline+1","Coolheaded","Gash+1","MostiFishMod:Impulse"],"picked":"SKIP","floor":40},{"not_picked":["Genetic Algorithm+1","Consume+1","Rebound+1","Steam","Ball Lightning+1"],"picked":"SKIP","floor":42},{"not_picked":["Beam Cell+1","Rebound+1","Streamline+1","Blizzard+1","Fusion"],"picked":"SKIP","floor":44},{"not_picked":["MostiFishMod:PushDownKick+1","Conserve Battery","Storm+1","MostiFishMod:Overload","Defragment+1"],"picked":"SKIP","floor":45},{"not_picked":["Self Repair+1","Go for the Eyes+1","All For One+1","Conserve Battery"],"picked":"Heatsinks+1","floor":47},{"not_picked":["Steam","Coolheaded","Cold Snap+1","MostiFishMod:ReprogramOld"],"picked":"Force Field","floor":48},{"not_picked":["Gash+1","Tempest+1","Chill+1","Steam Power","MostiFishMod:ReprogramOld"],"picked":"SKIP","floor":54}],"player_experience":226004,"relics_obtained":[{"floor":1.0,"key":"SynthV:TestCard"},{"floor":7,"key":"Shuriken"},{"floor":7,"key":"Omamori"},{"floor":9,"key":"ImprovedEquipment"},{"floor":12,"key":"Frozen Egg 2"},{"floor":12,"key":"Gremlin Horn"},{"floor":13,"key":"HornCleat"},{"floor":23,"key":"Molten Egg 2"},{"floor":23,"key":"Lantern"},{"floor":25,"key":"StrikeDummy"},{"floor":25,"key":"Bronze Scales"},{"floor":26,"key":"OriginationStaff"},{"floor":36,"key":"testmod-CyclicPeriapt"},{"floor":40,"key":"testmod-IndustrialRevolution"},{"floor":40,"key":"Regal Pillow"},{"floor":45,"key":"MawBank"},{"floor":47,"key":"Ice Cream"},{"floor":47,"key":"testmod-IntensifyImprint"},{"floor":54,"key":"Eternal Feather"},{"floor":54,"key":"Blue Candle"}],"event_choices":[{"damage_healed":0.0,"max_hp_gain":0.0,"max_hp_loss":0.0,"gold_gain":0.0,"event_name":"Shining Light","player_choice":"Entered Light","floor":2.0,"gold_loss":0.0,"damage_taken":21.0,"cards_upgraded":["Strike_B","Dualcast"]},{"damage_healed":0,"gold_gain":0,"player_choice":"1 cards matched","damage_taken":0,"max_hp_gain":0,"max_hp_loss":0,"event_name":"Match and Keep!","floor":3,"gold_loss":0,"cards_obtained":["Biased Cognition"]},{"damage_healed":0,"gold_gain":0,"player_choice":"Donut","damage_taken":0,"max_hp_gain":5,"max_hp_loss":0,"event_name":"Big Fish","floor":14,"gold_loss":0},{"damage_healed":0,"gold_gain":400,"player_choice":"Sell","damage_taken":0,"max_hp_gain":0,"max_hp_loss":0,"event_name":"¶÷ÂåË¹µÄÅÌ×Ó","floor":24,"relics_lost":["testmod-TestBox"],"gold_loss":0},{"damage_healed":0,"gold_gain":50,"player_choice":"Stole From Cult","damage_taken":0,"max_hp_gain":0,"max_hp_loss":0,"event_name":"Nest","floor":28,"gold_loss":0},{"damage_healed":0,"gold_gain":0,"player_choice":"Fight","damage_taken":0,"max_hp_gain":0,"max_hp_loss":0,"event_name":"Mysterious Sphere","floor":36,"gold_loss":0},{"cards_removed":["Ball Lightning"],"damage_healed":0,"gold_gain":0,"player_choice":"Removed Attack","damage_taken":0,"max_hp_gain":0,"max_hp_loss":0,"event_name":"Falling","floor":37,"gold_loss":0}],"is_beta":false,"boss_relics":[{"not_picked":["SacredBark","SlaversCollar"],"picked":"testmod-TimeTraveler"},{"not_picked":["GuanYuAspect","testmod-KeyOfTheVoid"],"picked":"Transparent"}],"items_purged_floors":[53],"is_endless":false,"potions_floor_spawned":[1,10,16,19,21,22,33,35,38,40,44,48,54],"ascension_level":15}}