{"host":"ci7ivtocgfxh0ueo","time":1608888508,"event":{"mods":["BaseMod","GifTheSpireLib","Minty Spire (QoL Compilation)","StSLib"],"gold_per_floor":[117,117,137,154,154,154,181,200,200,200,214,214,28,46,46,46,46],"floor_reached":16,"playtime":2835,"items_purged":["Parasite"],"score":189,"play_id":"604ebbbe-b98b-4192-9622-d60e7af81a79","local_time":"20201225172828","is_ascension_mode":true,"campfire_choices":[{"data":"Eviscerate","floor":6,"key":"SMITH"},{"floor":15,"key":"REST"}],"circlet_count":0,"master_deck":["AscendersBane","Strike_G","Strike_G","Strike_G","Strike_G","Defend_G","Defend_G","Defend_G","Defend_G","Defend_G","Survivor","Neutralize","Eviscerate+1","Footwork","Acrobatics","Predator","Heel Hook","Outmaneuver","Injury","Dagger Throw","Prepared"],"relics":["Ring of the Snake","Tingsha","Calipers","Peace Pipe","Dead Branch"],"acts_visited":["Exordium"],"potions_floor_usage":[14,16],"damage_taken":[{"damage":0,"enemies":"2 Louse","floor":1,"turns":4},{"damage":4,"enemies":"Cultist","floor":3,"turns":3},{"damage":0,"enemies":"Small Slimes","floor":4,"turns":3},{"damage":30,"enemies":"Gremlin Nob","floor":7,"turns":5},{"damage":0,"enemies":"Red Slaver","floor":8,"turns":3},{"damage":7,"enemies":"2 Fungi Beasts","floor":11,"turns":3},{"damage":10,"enemies":"Lots of Slimes","floor":14,"turns":4},{"damage":27,"enemies":"Hexaghost","floor":16,"turns":9}],"seed_played":"915139205326219347","potions_obtained":[{"floor":1,"key":"DuplicationPotion"},{"floor":8,"key":"SpeedPotion"},{"floor":14,"key":"SmokeBomb"}],"is_trial":false,"path_per_floor":["M","?","M","M","?","R","E","M","T","?","M","?","$","M","R","B"],"character_chosen":"THE_SILENT","items_purchased":["EntropicBrew"],"campfire_rested":1,"item_purchase_floors":[13],"current_hp_per_floor":[44,44,40,40,40,40,10,10,10,10,3,19,19,9,27,0,0],"gold":46,"neow_bonus":"ONE_RARE_RELIC","is_daily":false,"chose_seed":false,"campfire_upgraded":1,"win_rate":0.0,"timestamp":1608888508,"path_taken":["M","?","?","M","?","R","E","?","T","?","?","?","$","M","R","BOSS"],"items_purchased_type":["Potion"],"build_version":"2020-12-22","purchased_purges":1,"victory":false,"max_hp_per_floor":[66,66,66,66,66,66,66,66,66,66,66,66,63,63,63,63,63],"card_choices":[{"not_picked":["Bouncing Flask","Bane"],"picked":"Eviscerate","floor":1},{"not_picked":["Masterful Stab","Catalyst"],"picked":"Footwork","floor":3},{"not_picked":["Dodge and Roll","Bane"],"picked":"Acrobatics","floor":4},{"not_picked":["Dagger Spray","Doppelganger"],"picked":"Predator","floor":7},{"not_picked":["Skewer","Poisoned Stab"],"picked":"Heel Hook","floor":8},{"not_picked":["Flying Knee","Poisoned Stab"],"picked":"Dagger Throw","floor":11},{"not_picked":["Underhanded Strike","Expertise"],"picked":"Prepared","floor":14}],"player_experience":1300066,"relics_obtained":[{"floor":7,"key":"Peace Pipe"},{"floor":9,"key":"Dead Branch"}],"event_choices":[{"cards_removed":["Strike_G"],"damage_healed":0,"gold_gain":0,"player_choice":"Offered Basic","damage_taken":0,"max_hp_gain":0,"max_hp_loss":0,"event_name":"Bonfire Elementals","floor":2,"gold_loss":0},{"damage_healed":0,"gold_gain":0,"player_choice":"Gave Potion","damage_taken":0,"relics_obtained":["Calipers"],"max_hp_gain":0,"max_hp_loss":0,"event_name":"WeMeetAgain","floor":5,"gold_loss":0},{"damage_healed":0,"gold_gain":0,"player_choice":"2 cards matched","damage_taken":0,"max_hp_gain":0,"max_hp_loss":0,"event_name":"Match and Keep!","floor":10,"gold_loss":0,"cards_obtained":["Outmaneuver","Injury"]},{"damage_healed":16,"gold_gain":0,"player_choice":"Healed and dodged fight","damage_taken":0,"max_hp_gain":0,"max_hp_loss":0,"event_name":"Mushrooms","floor":12,"gold_loss":0,"cards_obtained":["Parasite"]}],"is_beta":false,"boss_relics":[],"items_purged_floors":[13],"is_endless":false,"potions_floor_spawned":[1,8,14],"killed_by":"Hexaghost","ascension_level":17}}