{"host":"2461dio7vetlq1z3","time":1608874247,"event":{"mods":["2.2 Compatiblity","AchievementEnabler","Aspiration","BaseMod","Better Third Choice","Downfall","Hermit","Minty Spire (QoL Compilation)","Relic Stats","Spicy Shops","StSLib","The Runesmith","Waifu the Spire"],"gold_per_floor":[119,119,119,130,148,148,179,179,179,193,193,193,226,238,238,238,238,238],"floor_reached":16,"playtime":402,"items_purged":[],"score":176,"play_id":"e90538c7-2c73-47a5-8f22-9ebe397446fc","local_time":"20201225063047","is_ascension_mode":true,"campfire_choices":[{"data":"champ:PerfectedStrike","floor":6,"key":"SMITH"},{"data":"champ:HoldFirm","floor":8,"key":"SMITH"},{"floor":11,"key":"REST"},{"data":"champ:BringItOn","floor":15,"key":"SMITH"}],"circlet_count":0,"master_deck":["champ:Strike","champ:Strike","champ:Strike","champ:Strike","champ:Defend","champ:Defend","champ:Defend","champ:Defend","champ:Execute+1","champ:Taunt","champ:PerfectedStrike+1","Offering","champ:GutPunch","champ:DancingMaster","champ:HoldFirm+1","champ:EnchantSword","champ:BringItOn+1"],"relics":["Snecko Eye","Calipers","Mango","Orichalcum","Akabeko"],"acts_visited":["Exordium"],"potions_floor_usage":[],"damage_taken":[{"damage":8,"enemies":"2 Louse","floor":1,"turns":3},{"damage":7,"enemies":"Jaw Worm","floor":4,"turns":3},{"damage":0,"enemies":"Cultist","floor":5,"turns":3},{"damage":46,"enemies":"Lagavulin","floor":7,"turns":6},{"damage":0,"enemies":"Blue Slaver","floor":10,"turns":3},{"damage":17,"enemies":"Gremlin Nob","floor":13,"turns":3},{"damage":16,"enemies":"2 Fungi Beasts","floor":14,"turns":2},{"damage":0,"enemies":"The Guardian","floor":16,"turns":1}],"seed_played":"-7244743587915257511","potions_obtained":[{"floor":4,"key":"Dexterity Potion"},{"floor":10,"key":"SneckoOil"}],"is_trial":false,"path_per_floor":["M","?","?","M","M","R","E","R","T","M","R","?","E","M","R","B"],"character_chosen":"THE_CHAMP","items_purchased":[],"campfire_rested":1,"item_purchase_floors":[],"current_hp_per_floor":[73,46,55,53,53,53,31,31,31,31,62,62,56,50,50,50,50,50],"gold":238,"neow_bonus":"BOSS_RELIC","is_daily":false,"chose_seed":false,"campfire_upgraded":3,"win_rate":0.0,"timestamp":1608874247,"path_taken":["M","?","?","M","M","R","E","R","T","M","R","?","E","?","R","BOSS"],"items_purchased_type":[],"build_version":"2020-12-22","purchased_purges":0,"victory":false,"max_hp_per_floor":[90,90,90,90,90,90,104,104,104,104,104,104,104,104,104,104,104,104],"relic_stats":{"counters":[8,24],"Snecko Eye":[43,37,48,51],"Orichalcum":[6],"obtain_stats":[{"Calipers":2,"Snecko Eye":0,"champ:ChampionCrown":0,"Mango":7,"Orichalcum":9,"Akabeko":13},{"Calipers":1,"Snecko Eye":0,"champ:ChampionCrown":0,"Mango":4,"Orichalcum":4,"Akabeko":6},{"Calipers":3,"Snecko Eye":0,"champ:ChampionCrown":0,"Mango":15,"Orichalcum":15,"Akabeko":21}]},"card_choices":[{"not_picked":["champ:CrookedStrike","champ:Haymaker"],"picked":"champ:PerfectedStrike","floor":1},{"not_picked":["champ:FanOfKnives","champ:CalledShot"],"picked":"champ:GutPunch","floor":4},{"not_picked":["champ:DefensiveShout","champ:AdrenalArmor"],"picked":"champ:DancingMaster","floor":5},{"not_picked":["champ:Duel","champ:CalledShot"],"picked":"champ:HoldFirm","floor":7},{"not_picked":["champ:BladeFlurry","champ:GladiatorsShout","champ:ShieldSigil"],"picked":"SKIP","floor":10},{"not_picked":["champ:DefensiveShout","champ:Duel"],"picked":"champ:EnchantSword","floor":13},{"not_picked":["champ:BladeFlurry","champ:GladiatorsShout"],"picked":"champ:BringItOn","floor":14}],"player_experience":1016332,"relics_obtained":[{"floor":7,"key":"Mango"},{"floor":9,"key":"Orichalcum"},{"floor":13,"key":"Akabeko"}],"event_choices":[{"damage_healed":0,"gold_gain":0,"player_choice":"Upgraded","damage_taken":0,"max_hp_gain":0,"max_hp_loss":0,"event_name":"Upgrade Shrine","floor":12,"gold_loss":0,"cards_upgraded":["champ:Execute"]}],"is_beta":false,"boss_relics":[],"items_purged_floors":[],"is_endless":false,"potions_floor_spawned":[4,10],"killed_by":"The Guardian","ascension_level":6}}