{"host":"qmmd8zc7eqgl2j9h","time":1608944014,"event":{"mods":["AchievementEnabler","Aspiration","BaseMod","Better Altar","Better Note","Better Sensory Stone","Better Skull","BetterRewards","Colored Map","Conspire","Googly Eyes","Hermit","Highlight Path","Infinite Spire","Marisa????????","Minty Spire (QoL Compilation)","Permanent Neow","Replay The Spire","StSLib","The Hierophant","The Necromancer","The Servant 0.9.4","Unceasing Turn Reminder","everything is the same but u backflip on backflip","slay the spire mod where everything is the same but ironclad has a cowboy hat"],"gold_per_floor":[118,118,293,313,111,111,143,143,168,182,199,199,5,20,20,122,122,141,158,598,598,598,598,634,65,65,65,75,75,143,159,159,264,264,277,354,354,373,390,390,416,434,434,434,434,472,513,147,147,147,147],"floor_reached":50,"playtime":4620,"items_purged":["Doubt","ReplayTheSpireMod:Chaos Vortex"],"score":720,"play_id":"ca7bd907-4dd5-4ad1-88cc-d3abd87c351d","local_time":"20201225165334","is_ascension_mode":false,"campfire_choices":[{"data":"Bone_Wall","floor":6,"key":"SMITH"},{"data":"Hellfire","floor":8,"key":"SMITH"},{"data":"Crow Ritual","floor":15,"key":"SMITH"},{"floor":23,"key":"REST"},{"floor":27,"key":"REST"},{"floor":29,"key":"REST"},{"floor":32,"key":"REST"},{"floor":40,"key":"REST"},{"floor":44,"key":"REST"},{"floor":49,"key":"REST"}],"circlet_count":0,"master_deck":["Strike_W","Strike_W","Strike_W","Defend_W","Defend_W","Defend_W","Defend_W","Negative_Energy_Arrows","Bone_Wall+1","Shackles_Of_Pain","Negative_Energy_Sphere","Summon_Lich+1","Hellfire+1","Acid_Javelin","Necrotic_Claws","Crow Ritual+1","Bone_Armor","Reap_The_Weak","Vampiric_Strike","Vampiric_Strike","A Thousand Cuts","Chill_Blood+1","Negative_Energy_Sphere","Bones_to_Steel","Siphon_Strength","Summon_Lich","Survey Options","Life_Tap","Deaths_Shadow+1","Requiem","Conserve Battery+1","Hello World+1","Stop_Heart","BasicCrystalCard+1","Summon_Death_Knight","Flesh_Made_Foul+1","Shade_Step+1","infinitespire:FinalStrike","Beam Cell+1","BasicCrystalCard","conspire:Banana","Life_Drain","Buffer"],"relics":["Vampire_Amulet","NeowsBlessing","aspiration:Nostalgia","hierophant:PropheticMaskRelic","The Courier","Lantern","SlaversCollar","Ornamental Fan","infinitespire:FocusingShard","BargainBundle","Replay:Wax Seal","Replay:Accelerometer","Matryoshka","Replay:Rubber Ducky","Pet Ghost","Simple Rune","conspire:Flyswatter","aspiration:DefectSkillbook","Toy Ornithopter","Oddly Smooth Stone","conspire:Dentures","infinitespire:EvilPickle","aspiration:Lifesprig"],"acts_visited":["Exordium","TheCity","TheBeyond"],"potions_floor_usage":[16,24,24,31,33,38,50,50,50],"damage_taken":[{"damage":0,"enemies":"Cultist","floor":1,"turns":1},{"damage":0,"enemies":"2 Louse","floor":4,"turns":1},{"damage":0,"enemies":"3 Sentries","floor":7,"turns":1},{"damage":0,"enemies":"Small Slimes","floor":10,"turns":2},{"damage":4,"enemies":"Looter","floor":11,"turns":3},{"damage":0,"enemies":"Large Slime","floor":14,"turns":4},{"damage":26,"enemies":"Hexaghost","floor":16,"turns":9},{"damage":0,"enemies":"3 Byrds","floor":18,"turns":4},{"damage":17,"enemies":"Spheric Guardian","floor":19,"turns":4},{"damage":30,"enemies":"conspire:MimicChest","floor":24,"turns":10},{"damage":13,"enemies":"Snake Plant","floor":28,"turns":6},{"damage":21,"enemies":"Cultist and Chosen","floor":31,"turns":5},{"damage":33,"enemies":"Pondfish","floor":33,"turns":14},{"damage":28,"enemies":"Orb Walker","floor":35,"turns":4},{"damage":47,"enemies":"3 Darklings","floor":38,"turns":6},{"damage":0,"enemies":"Maw","floor":39,"turns":1},{"damage":18,"enemies":"Nightmare","floor":41,"turns":7},{"damage":6,"enemies":"Sphere and 2 Shapes","floor":42,"turns":5},{"damage":33,"enemies":"Jaw Worm Horde","floor":46,"turns":5},{"damage":18,"enemies":"Writhing Mass","floor":47,"turns":5},{"damage":54,"enemies":"Time Eater","floor":50,"turns":6}],"seed_played":"341435997946507801","potions_obtained":[{"floor":4,"key":"Languid Potion"},{"floor":10,"key":"Weak Potion"},{"floor":16,"key":"Languid Potion"},{"floor":18,"key":"ColorlessPotion"},{"floor":19,"key":"DistilledChaos"},{"floor":28,"key":"Venom Potion"},{"floor":31,"key":"Doom Potion"},{"floor":38,"key":"Fire Potion"},{"floor":46,"key":"SpeedPotion"}],"is_trial":false,"path_per_floor":["M","?","?","M","$","R","E","R","T","M","M","?","$","M","R","B",null,"M","M","?","?","AVR","R","?","$","T","R","M","R","T","M","R","B",null,"M","?","?","M","M","R","NM","M","T","R","AVR","M","M","$","R","B"],"character_chosen":"NECROMANCER","items_purchased":["aspiration:Nostalgia","Summon_Lich+1","Crow Ritual","BargainBundle","Negative_Energy_Sphere","Bones_to_Steel","Siphon_Strength","Summon_Lich","Survey Options","BlessingOfTheForge","Replay:Wax Seal","Replay:Accelerometer","Matryoshka","aspiration:Lifesprig","conspire:Banana","Life_Drain","Buffer"],"campfire_rested":7,"item_purchase_floors":[5,5,13,25,25,25,25,25,25,25,25,25,25,48,48,48,48],"current_hp_per_floor":[75,75,75,75,75,75,75,75,75,75,73,78,78,80,80,56,80,80,65,30,30,30,54,29,29,29,53,42,66,66,49,73,52,80,54,54,54,13,13,37,25,25,25,49,49,25,10,10,34,0,0],"gold":147,"neow_bonus":"THREE_ENEMY_KILL","is_daily":false,"chose_seed":false,"campfire_upgraded":3,"win_rate":0.0,"timestamp":1608944014,"path_taken":["M","?","?","M","$","R","E","R","T","M","M","?","?","M","R","BOSS","M","M","?","?","AVR","R","?","?","T","R","M","R","?","M","R","BOSS","M","?","?","?","?","R","NM","M","T","R","AVR","M","M","$","R","BOSS"],"items_purchased_type":["Relic","Card","Card","Relic","Card","Card","Card","Card","Card","Potion","Relic","Relic","Relic","Relic","Card","Card","Card"],"build_version":"2020-12-22","purchased_purges":2,"victory":false,"max_hp_per_floor":[75,75,75,75,75,75,75,75,75,75,75,80,80,80,80,80,80,80,80,80,80,80,80,80,80,80,80,80,80,80,80,80,80,80,80,80,80,80,80,80,80,80,80,80,80,80,80,80,80,80,80],"card_choices":[{"not_picked":["Blood_Whip","Bones_to_Steel"],"picked":"Shackles_Of_Pain","floor":1},{"not_picked":["Bone_Armor","Bones_to_Steel"],"picked":"Negative_Energy_Sphere","floor":4},{"not_picked":["Whirlwind_of_Bones","Bone_Spikes"],"picked":"Hellfire","floor":7},{"not_picked":["Death_Coil","Shackles_Of_Pain"],"picked":"Acid_Javelin","floor":10},{"not_picked":["Blood_Whip","Blood_Curse"],"picked":"Necrotic_Claws","floor":11},{"not_picked":["Toxic_Smoke_Screen","Consume_Illness"],"picked":"Bone_Armor","floor":14},{"not_picked":["Blood_Magic","Detonate_Bones"],"picked":"Reap_The_Weak","floor":16},{"not_picked":["Death_Coil","Bone_Spikes"],"picked":"Vampiric_Strike","floor":18},{"not_picked":["Necrotic_Claws+1","Strike_from_Beyond"],"picked":"Vampiric_Strike","floor":19},{"not_picked":["Toxic_Smoke_Screen","Blood_Curse"],"picked":"Chill_Blood+1","floor":24},{"not_picked":["Negative_Energy_Javelin","Summon_Lich+1"],"picked":"Life_Tap","floor":28},{"not_picked":["Plague_Bolt","Vampiric_Strike"],"picked":"Deaths_Shadow+1","floor":31},{"not_picked":["Detonate_Bones","Negative_Energy_Bomb"],"picked":"Requiem","floor":33},{"not_picked":["Turbo+1","Bones_to_Steel+1","Doom and Gloom+1","Streamline"],"picked":"SKIP","floor":35},{"not_picked":["Bones_to_Steel+1","Strike_from_Beyond","Ball Lightning+1"],"picked":"Conserve Battery+1","floor":36},{"not_picked":["Coolheaded","Barrage","Bone_Bullets+1"],"picked":"Hello World+1","floor":36},{"not_picked":["Ball Lightning+1","Bone_Spikes+1","FTL"],"picked":"BasicCrystalCard+1","floor":38},{"not_picked":["Ball Lightning","Capacitor+1","Siphon_Strength+1"],"picked":"Summon_Death_Knight","floor":39},{"not_picked":["Rebound","Hyperbeam","Blood_Curse+1"],"picked":"Flesh_Made_Foul+1","floor":41},{"not_picked":["Rebound+1","BasicCrystalCard+1","Blood_Whip+1"],"picked":"Shade_Step+1","floor":42},{"not_picked":["Go for the Eyes+1","Steam+1","Seek"],"picked":"Beam Cell+1","floor":46},{"not_picked":["Panic Button+1","Redo+1","Go for the Eyes+1"],"picked":"BasicCrystalCard","floor":47}],"player_experience":223392,"relics_obtained":[{"floor":7,"key":"The Courier"},{"floor":9,"key":"Lantern"},{"floor":24,"key":"infinitespire:FocusingShard"},{"floor":26,"key":"Replay:Rubber Ducky"},{"floor":26,"key":"Pet Ghost"},{"floor":30,"key":"Simple Rune"},{"floor":30,"key":"conspire:Flyswatter"},{"floor":41,"key":"Toy Ornithopter"},{"floor":43,"key":"Oddly Smooth Stone"}],"event_choices":[{"damage_healed":0,"gold_gain":175,"player_choice":"AGREE","damage_taken":0,"max_hp_gain":0,"max_hp_loss":0,"event_name":"Liars Game","floor":3,"gold_loss":0,"cards_obtained":["Doubt"]},{"damage_healed":0,"gold_gain":0,"player_choice":"Donut","damage_taken":0,"max_hp_gain":5,"max_hp_loss":0,"event_name":"Big Fish","floor":12,"gold_loss":0},{"damage_healed":0,"gold_gain":440,"player_choice":"GO GO GO GO ","damage_taken":39,"relics_obtained":[],"max_hp_gain":0,"max_hp_loss":0,"event_name":"betterSkull:BetterSkull","floor":20,"gold_loss":0,"cards_upgraded":[]},{"damage_healed":0,"gold_gain":0,"player_choice":"Take","damage_taken":0,"max_hp_gain":0,"max_hp_loss":0,"event_name":"betterNote:BetterNote","floor":21,"gold_loss":0,"cards_obtained":["A Thousand Cuts"]},{"damage_healed":0,"gold_gain":0,"cards_transformed":["Strike_W"],"player_choice":"Transformed","damage_taken":0,"max_hp_gain":0,"max_hp_loss":0,"event_name":"Transmorgrifier","floor":37,"gold_loss":0,"cards_obtained":["Stop_Heart"]}],"is_beta":false,"boss_relics":[{"not_picked":["conspire:RunicOctahedron","Empty Cage"],"picked":"SlaversCollar"},{"not_picked":["Busted Crown","Velvet Choker"],"picked":"aspiration:DefectSkillbook"}],"items_purged_floors":[13,25],"is_endless":true,"potions_floor_spawned":[4,10,16,18,19,28,31,38,46,47],"killed_by":"Time Eater","ascension_level":0}}