{"host":"baymyijz6sxaqj5s","time":1608886279,"event":{"mods":["AchievementEnabler","BaseMod","Colored Map","Colored Powertips","DeckTracker","KOR Keyword Fix","Keyboard Shortcuts","Minty Spire (QoL Compilation)","Quick Restart","StSLib","SuperFastMode"],"gold_per_floor":[116,126,126,137,137,137,137,137,137,163,163,182,193,193,193],"floor_reached":14,"playtime":243,"items_purged":[],"score":95,"play_id":"bc022c1a-feb7-4841-9d61-c177aca95828","local_time":"20201225175119","is_ascension_mode":true,"campfire_choices":[{"data":"Body Slam","floor":6,"key":"SMITH"},{"data":"Bash","floor":8,"key":"SMITH"},{"data":"Reaper","floor":11,"key":"SMITH"}],"circlet_count":0,"master_deck":["Strike_R","Strike_R","Strike_R","Strike_R","Strike_R+1","Defend_R","Defend_R","Defend_R+1","Defend_R","Bash+1","Body Slam+1","Reaper+1","Flex","Power Through"],"relics":["Burning Blood","Letter Opener","Happy Flower"],"acts_visited":["Exordium"],"potions_floor_usage":[12,14],"damage_taken":[{"damage":5,"enemies":"Jaw Worm","floor":1,"turns":5},{"damage":2,"enemies":"2 Louse","floor":2,"turns":3},{"damage":1,"enemies":"Cultist","floor":4,"turns":3},{"damage":52,"enemies":"Lagavulin","floor":10,"turns":7},{"damage":32,"enemies":"Gremlin Gang","floor":12,"turns":5},{"damage":6,"enemies":"3 Louse","floor":13,"turns":3},{"damage":41,"enemies":"Gremlin Nob","floor":14,"turns":4}],"seed_played":"2437186483019222845","potions_obtained":[{"floor":4,"key":"ElixirPotion"},{"floor":10,"key":"Fruit Juice"},{"floor":13,"key":"Dexterity Potion"}],"is_trial":false,"path_per_floor":["M","M","?","M","?","R","$","R","T","E","R","M","M","E"],"character_chosen":"IRONCLAD","items_purchased":[],"campfire_rested":0,"item_purchase_floors":[],"current_hp_per_floor":[88,88,88,88,70,70,70,70,70,24,24,23,29,0,0],"gold":193,"neow_bonus":"TEN_PERCENT_HP_BONUS","is_daily":false,"chose_seed":false,"campfire_upgraded":3,"win_rate":0.0,"timestamp":1608886279,"path_taken":["M","M","?","M","?","R","$","R","T","E","R","M","?","E"],"items_purchased_type":[],"build_version":"2020-12-22","purchased_purges":0,"victory":false,"max_hp_per_floor":[88,88,88,88,88,88,88,88,88,88,88,93,93,93,93],"card_choices":[{"not_picked":["Clash","Second Wind","Flex"],"picked":"SKIP","floor":1},{"not_picked":["Uppercut","Sentinel","Shockwave"],"picked":"SKIP","floor":2},{"not_picked":["Wild Strike","Infernal Blade"],"picked":"Body Slam","floor":4},{"not_picked":["Offering","Reckless Charge"],"picked":"Reaper","floor":10},{"not_picked":["Dropkick","Headbutt"],"picked":"Flex","floor":12},{"not_picked":["Uppercut","Iron Wave"],"picked":"Power Through","floor":13}],"player_experience":237795,"relics_obtained":[{"floor":9,"key":"Letter Opener"},{"floor":10,"key":"Happy Flower"}],"event_choices":[{"damage_healed":0,"gold_gain":0,"player_choice":"Ignored","damage_taken":0,"max_hp_gain":0,"max_hp_loss":0,"event_name":"Liars Game","floor":3,"gold_loss":0},{"damage_healed":0,"gold_gain":0,"player_choice":"Entered Light","damage_taken":18,"max_hp_gain":0,"max_hp_loss":0,"event_name":"Shining Light","floor":5,"gold_loss":0,"cards_upgraded":["Defend_R","Strike_R"]}],"is_beta":false,"boss_relics":[],"items_purged_floors":[],"is_endless":false,"potions_floor_spawned":[4,10,13],"killed_by":"Gremlin Nob","ascension_level":1}}