{"host":"6pgtslebjnyv5xmi","time":1608900058,"event":{"mods":["AchievementEnabler","BaseMod","Colored Map","Minty Spire (QoL Compilation)","Rare Cards Sparkle","StSLib","SuperFastMode","The Dragon Tamer","everything is the same but u backflip on backflip"],"gold_per_floor":[15,34,46,46,65,100,111,111,111,111,111,111,122,122,122,220,220,232,232,251,270,195,195,208,208,208,208,208,223,323,335,335,335,335],"floor_reached":33,"playtime":1973,"items_purged":[],"score":349,"play_id":"4ffdf2d6-75f0-4cbe-bedd-bd2c90eecda0","local_time":"20201225214058","is_ascension_mode":true,"campfire_choices":[{"data":"Evolve","floor":8.0,"key":"SMITH"},{"data":"Second Wind","floor":11.0,"key":"SMITH"},{"data":"Shrug It Off","floor":15.0,"key":"SMITH"},{"data":"Seeing Red","floor":23.0,"key":"SMITH"},{"data":"Bash","floor":25.0,"key":"SMITH"},{"data":"Reaper","floor":32.0,"key":"SMITH"}],"circlet_count":0,"master_deck":["Strike_R+1","Strike_R+1","Strike_R+1","Defend_R+1","Defend_R+1","Defend_R+1","Defend_R+1","Bash+1","Pommel Strike","Reckless Charge+1","Evolve+1","Second Wind+1","Shrug It Off+1","Seeing Red+1","Feel No Pain+1","Offering","Headbutt+1","Power Through","Shockwave","Reaper+1"],"relics":["Burning Blood","Champion Belt","Letter Opener","MealTicket","Mark of Pain","Pocketwatch","Enchiridion","Du-Vu Doll","The Courier"],"acts_visited":["Exordium","TheCity"],"potions_floor_usage":[33,33],"damage_taken":[{"damage":0.0,"enemies":"Small Slimes","floor":1.0,"turns":3.0},{"damage":4.0,"enemies":"Cultist","floor":2.0,"turns":5.0},{"damage":2.0,"enemies":"Jaw Worm","floor":3.0,"turns":3.0},{"damage":16.0,"enemies":"3 Louse","floor":5.0,"turns":4.0},{"damage":36.0,"enemies":"Gremlin Nob","floor":6.0,"turns":5.0},{"damage":10.0,"enemies":"2 Fungi Beasts","floor":7.0,"turns":4.0},{"damage":1.0,"enemies":"Blue Slaver","floor":13.0,"turns":4.0},{"damage":28.0,"enemies":"Hexaghost","floor":16.0,"turns":15.0},{"damage":15.0,"enemies":"2 Thieves","floor":18.0,"turns":4.0},{"damage":0.0,"enemies":"Chosen","floor":20.0,"turns":4.0},{"damage":19.0,"enemies":"Snecko","floor":21.0,"turns":4.0},{"damage":6.0,"enemies":"Snake Plant","floor":24.0,"turns":4.0},{"damage":6.0,"enemies":"Sentry and Sphere","floor":29.0,"turns":4.0},{"damage":25.0,"enemies":"Colosseum Slavers","floor":30.0,"turns":4.0},{"damage":13.0,"enemies":"Colosseum Nobs","floor":30.0,"turns":3.0},{"damage":7.0,"enemies":"Shelled Parasite and Fungi","floor":31.0,"turns":4.0},{"damage":63,"enemies":"Collector","floor":33,"turns":7}],"seed_played":"-187219636340026551","potions_obtained":[{"floor":3.0,"key":"EssenceOfSteel"},{"floor":5.0,"key":"ElixirPotion"},{"floor":13.0,"key":"Fire Potion"},{"floor":20.0,"key":"Ancient Potion"},{"floor":29.0,"key":"ElixirPotion"},{"floor":30.0,"key":"Dexterity Potion"},{"floor":31.0,"key":"ElixirPotion"}],"is_trial":false,"path_per_floor":["M","M","M","?","M","E","M","R","T","$","R","?","M","?","R","B",null,"M","?","M","M","?","R","M","R","T","$","?","M","?","M","R","B"],"character_chosen":"IRONCLAD","items_purchased":[],"campfire_rested":0,"item_purchase_floors":[],"current_hp_per_floor":[78,80,80,80,70,40,36,36,36,51,51,51,56,56,56,34,69,60,60,66,53,53,53,53,53,53,68,52,52,26,25,25,0,0],"gold":335,"neow_bonus":"ONE_RARE_RELIC","is_daily":false,"chose_seed":false,"campfire_upgraded":6,"win_rate":0.0,"timestamp":1608900058,"path_taken":["M","M","M","?","M","E","?","R","T","$","R","?","?","?","R","BOSS","M","?","M","M","?","R","M","R","T","$","?","M","?","M","R","BOSS"],"items_purchased_type":[],"build_version":"2020-12-22","purchased_purges":0,"victory":false,"max_hp_per_floor":[80,80,80,80,80,80,80,80,80,80,80,80,80,80,80,80,80,80,80,80,80,80,80,80,80,80,80,80,80,80,80,80,80,80],"card_choices":[{"not_picked":["Clash","Body Slam"],"picked":"Pommel Strike","floor":1.0},{"not_picked":["Sword Boomerang","Headbutt"],"picked":"Reckless Charge","floor":2.0},{"not_picked":["Sever Soul","Pommel Strike"],"picked":"Evolve","floor":3.0},{"not_picked":["Cleave","Havoc"],"picked":"Shrug It Off","floor":5.0},{"not_picked":["Pommel Strike","Twin Strike"],"picked":"Seeing Red","floor":6.0},{"not_picked":["Iron Wave","Shrug It Off"],"picked":"Feel No Pain","floor":7.0},{"not_picked":["Sword Boomerang","Clash","Pummel"],"picked":"SKIP","floor":13.0},{"not_picked":["Corruption","Feed"],"picked":"Offering","floor":16.0},{"not_picked":["Burning Pact","Iron Wave+1","Clash"],"picked":"SKIP","floor":18.0},{"not_picked":["Clash+1","Whirlwind"],"picked":"Headbutt+1","floor":20.0},{"not_picked":["Spot Weakness","Heavy Blade+1","Armaments"],"picked":"SKIP","floor":21.0},{"not_picked":["Juggernaut","Pommel Strike","Clash"],"picked":"SKIP","floor":24.0},{"not_picked":["Warcry","Cleave"],"picked":"Power Through","floor":29.0},{"not_picked":["Clothesline","Uppercut"],"picked":"Shockwave","floor":30.0},{"not_picked":["Sever Soul+1","Anger"],"picked":"Reaper","floor":31.0}],"player_experience":491153,"relics_obtained":[{"floor":6.0,"key":"Letter Opener"},{"floor":9.0,"key":"MealTicket"},{"floor":26.0,"key":"Pocketwatch"},{"floor":28.0,"key":"Enchiridion"},{"floor":30.0,"key":"Du-Vu Doll"},{"floor":30.0,"key":"The Courier"}],"event_choices":[{"damage_healed":0.0,"max_hp_gain":0.0,"max_hp_loss":0.0,"gold_gain":0.0,"cards_transformed":["Strike_R"],"event_name":"Transmorgrifier","player_choice":"Transformed","floor":4.0,"gold_loss":0.0,"damage_taken":0.0,"cards_obtained":["Second Wind"]},{"damage_healed":0.0,"max_hp_gain":0.0,"max_hp_loss":0.0,"gold_gain":0.0,"event_name":"Upgrade Shrine","player_choice":"Upgraded","floor":12.0,"gold_loss":0.0,"damage_taken":0.0,"cards_upgraded":["Feel No Pain"]},{"damage_healed":0.0,"max_hp_gain":0.0,"max_hp_loss":0.0,"gold_gain":0.0,"event_name":"Living Wall","player_choice":"Grow","floor":14.0,"gold_loss":0.0,"damage_taken":0.0,"cards_upgraded":["Reckless Charge"]},{"damage_healed":0.0,"max_hp_gain":0.0,"max_hp_loss":0.0,"gold_gain":0.0,"event_name":"Back to Basics","player_choice":"Simplicity","floor":19.0,"gold_loss":0.0,"damage_taken":0.0,"cards_upgraded":["Strike_R","Strike_R","Strike_R","Strike_R","Defend_R","Defend_R","Defend_R","Defend_R"]},{"cards_removed":["Strike_R"],"damage_healed":0.0,"max_hp_gain":0.0,"max_hp_loss":0.0,"gold_gain":0.0,"event_name":"Beggar","player_choice":"Gave Gold","floor":22.0,"gold_loss":75.0,"damage_taken":0.0},{"damage_healed":0.0,"max_hp_gain":0.0,"max_hp_loss":0.0,"gold_gain":0.0,"event_name":"Cursed Tome","player_choice":"Obtained Book","floor":28.0,"gold_loss":0.0,"damage_taken":16.0},{"damage_healed":0.0,"max_hp_gain":0.0,"max_hp_loss":0.0,"gold_gain":0.0,"event_name":"Colosseum","player_choice":"Fight","floor":30.0,"gold_loss":0.0,"damage_taken":0.0},{"damage_healed":0.0,"max_hp_gain":0.0,"max_hp_loss":0.0,"gold_gain":0.0,"event_name":"Colosseum","player_choice":"Fought Nobs","floor":30.0,"gold_loss":0.0,"damage_taken":0.0}],"is_beta":false,"boss_relics":[{"not_picked":["Cursed Key","Ectoplasm"],"picked":"Mark of Pain"}],"items_purged_floors":[],"is_endless":false,"potions_floor_spawned":[3,5,13,20,29,30,31],"killed_by":"Collector","ascension_level":8}}