{"host":"337p6miwxbqfki03","time":1608869446,"event":{"mods":["BaseMod","Better Third Choice","Colored Map","Conspire","Downfall","Hubris","Minty Spire (QoL Compilation)","Replay The Spire","StSLib","The Hierophant","Unceasing Turn Reminder"],"gold_per_floor":[99,111,111,125,152,209,233,233,233,270,294,321,321,341,367,471,471,396,407,427,2,2,2,2,2],"floor_reached":23,"playtime":2121,"items_purged":[],"score":193,"play_id":"6b8bc49a-8e63-404f-b610-878cbeed220b","local_time":"20201224221046","is_ascension_mode":false,"campfire_choices":[{"floor":1,"key":"RECALL"},{"floor":9,"key":"REST"},{"data":"hexamod:HexaLevel","floor":18,"key":"SMITH"}],"circlet_count":0,"master_deck":["hexamod:Strike","hexamod:Strike","hexamod:Strike","hexamod:Strike","hexamod:Defend+1","hexamod:Defend","hexamod:Defend+1","hexamod:Defend+1","hexamod:Sear","hexamod:Float","hexamod:EtherealExpedition","hexamod:FirstSeal","hexamod:SecondSeal","hexamod:SpectersWail","hexamod:FastForward","Footwork","hexamod:ShieldOfDarkness","hexamod:EmpoweredFlame","hexamod:Again","hexamod:EmpoweringStance","hexamod:FourthSeal","hexamod:HexaLevel+1","hexamod:ThirdSeal","hexamod:FastForward+1","hexamod:NightmareGuise","hexamod:VolcanoVisage","hexamod:Firestarter","hexamod:InspiringFlames+1","hexamod:RadiantFlame","Mayhem"],"relics":["hexamod:SpiritBrand","Gremlin Food","Incense Burner","Blue Doll","War Paint","Potion Belt","conspire:TreasureMap","conspire:SlowCooker","downfall:HeartBlessingRed","Chemical X","Nilry\u0027s Codex"],"acts_visited":["Exordium","TheCity"],"potions_floor_usage":[16,16,16],"damage_taken":[{"damage":0,"enemies":"Cultist","floor":2,"turns":3},{"damage":6,"enemies":"Jaw Worm","floor":4,"turns":4},{"damage":2,"enemies":"Small Slimes","floor":5,"turns":3},{"damage":10,"enemies":"3 Sentries","floor":6,"turns":6},{"damage":36,"enemies":"Lagavulin","floor":10,"turns":6},{"damage":7,"enemies":"Blue Slaver","floor":11,"turns":4},{"damage":5,"enemies":"Gremlin Gang","floor":12,"turns":5},{"damage":13,"enemies":"Exordium Thugs","floor":14,"turns":6},{"damage":0,"enemies":"Exordium Wildlife","floor":15,"turns":5},{"damage":30,"enemies":"downfall:Watcher","floor":16,"turns":9},{"damage":35,"enemies":"3 Byrds","floor":19,"turns":6},{"damage":16,"enemies":"Centurion and Healer","floor":20,"turns":9},{"damage":4,"enemies":"downfall:FleeingMerchant","floor":21,"turns":4},{"damage":20,"enemies":"Sentry and Sphere","floor":23,"turns":3}],"seed_played":"-2092296412572915290","potions_obtained":[{"floor":6,"key":"BlessingOfTheForge"},{"floor":12,"key":"Energy Potion"},{"floor":14,"key":"SpeedPotion"},{"floor":15,"key":"AttackPotion"},{"floor":16,"key":"Doom Potion"},{"floor":19,"key":"SteroidPotion"},{"floor":20,"key":"SteroidPotion"},{"floor":20,"key":"Fire Potion"}],"is_trial":false,"path_per_floor":["R","M","?","M","M","?","T","?","R","E","M","M","$","M","M","B",null,"R","M","M","$","?","M"],"character_chosen":"THE_SPIRIT","items_purchased":["conspire:TreasureMap","hexamod:InspiringFlames+1","hexamod:RadiantFlame","Mayhem","Chemical X"],"campfire_rested":1,"item_purchase_floors":[13,21,21,21,21],"current_hp_per_floor":[70,70,63,64,69,66,66,52,70,41,41,43,33,27,34,11,70,70,42,33,36,20,0,0,0],"gold":2,"neow_bonus":"RANDOM_COMMON_RELIC","is_daily":false,"chose_seed":false,"campfire_upgraded":1,"win_rate":0.0,"timestamp":1608869446,"path_taken":["R","M","?","M","M","?","T","?","R","E","M","M","?","M","M","BOSS","R","M","M","$","?","M"],"items_purchased_type":["Relic","Card","Card","Card","Relic"],"build_version":"2020-12-22","purchased_purges":0,"victory":false,"max_hp_per_floor":[70,70,70,70,70,70,70,70,70,70,70,70,70,70,70,70,70,70,70,70,70,70,70,70,70],"card_choices":[{"not_picked":["hexamod:GhostLash","hexamod:BurningTouch"],"picked":"hexamod:EtherealExpedition","floor":2},{"not_picked":["hexamod:GhostOfSpirePast","hexamod:GhostOfSpirePresent"],"picked":"hexamod:SecondSeal","floor":4},{"not_picked":["hexamod:CatchUp","hexamod:HeatMetal"],"picked":"hexamod:SpectersWail","floor":5},{"not_picked":["hexamod:GhostLash","hexamod:BacktrackSmack"],"picked":"hexamod:FastForward","floor":6},{"not_picked":["hexamod:HeatMetal","hexamod:Hexaguard"],"picked":"hexamod:ShieldOfDarkness","floor":10},{"not_picked":["hexamod:NightmareGuise","hexamod:AdvancingGuard"],"picked":"hexamod:EmpoweredFlame","floor":11},{"not_picked":["hexamod:BurningTouch","hexamod:HauntingEcho"],"picked":"hexamod:Again","floor":12},{"not_picked":["hexamod:NightmareStrike","hexamod:SpectralAdrenaline"],"picked":"hexamod:EmpoweringStance","floor":14},{"not_picked":["hexamod:NightmareGuise","hexamod:AdvancingGuard"],"picked":"hexamod:FourthSeal","floor":15},{"not_picked":["hexamod:TimeWarp","hexamod:EmpoweringStance"],"picked":"hexamod:HexaLevel","floor":16},{"not_picked":["hexamod:BurningTouch","hexamod:InspiringFlames"],"picked":"hexamod:ThirdSeal","floor":19},{"not_picked":["hexamod:ThirdSeal","hexamod:SpectralAdrenaline"],"picked":"hexamod:FastForward+1","floor":20},{"not_picked":["hexamod:BurningTouch","hexamod:SwordOfDarkness"],"picked":"hexamod:NightmareGuise","floor":20},{"not_picked":["hexamod:ShieldOfDarkness","hexamod:NightmareStrike"],"picked":"hexamod:VolcanoVisage","floor":21},{"not_picked":["hexamod:BurningTouch","hexamod:RetreatToShadows"],"picked":"hexamod:Firestarter","floor":21}],"player_experience":187541,"relics_obtained":[{"floor":6,"key":"Incense Burner"},{"floor":7,"key":"Blue Doll"},{"floor":10,"key":"Potion Belt"},{"floor":22,"key":"Nilry\u0027s Codex"}],"event_choices":[],"is_beta":false,"boss_relics":[{"not_picked":["conspire:SeveredTorchhead","conspire:RoyalGoblet"],"picked":"conspire:SlowCooker"}],"items_purged_floors":[],"is_endless":false,"potions_floor_spawned":[6,12,14,15,20],"killed_by":"Sentry and Sphere","ascension_level":0}}