{"host":"baymyijz6sxaqj5s","time":1608886021,"event":{"mods":["AchievementEnabler","BaseMod","Colored Map","Colored Powertips","DeckTracker","KOR Keyword Fix","Keyboard Shortcuts","Minty Spire (QoL Compilation)","Quick Restart","StSLib","SuperFastMode"],"gold_per_floor":[111,111,125,138,176,176,188,217,286,286,196,196,213,227,227,327,327,347,347,366,383,401,401,433,28,52,151,151,167,193,207,207,207,207],"floor_reached":33,"playtime":1088,"items_purged":["Strike_R"],"score":285,"play_id":"5224db7e-166f-4d83-a202-72e50cea4b2a","local_time":"20201225174701","is_ascension_mode":true,"campfire_choices":[{"data":"Spot Weakness","floor":6,"key":"SMITH"},{"data":"Body Slam","floor":10,"key":"SMITH"},{"data":"Inflame","floor":15,"key":"SMITH"},{"floor":23,"key":"REST"},{"data":"1","floor":32,"key":"LIFT"}],"circlet_count":0,"master_deck":["Strike_R+1","Strike_R","Strike_R+1","Strike_R","Defend_R","Defend_R","Defend_R","Defend_R","Bash+1","Spot Weakness+1","Ghostly Armor","Shrug It Off+1","Body Slam+1","Heavy Blade+1","Inflame+1","Offering","Flame Barrier","Entrench+1","Battle Trance","Impervious","Flame Barrier","Shrug It Off","Armaments+1"],"relics":["Black Blood","PreservedInsect","Molten Egg 2","Girya","Thread and Needle","Whetstone","Regal Pillow"],"acts_visited":["Exordium","TheCity"],"potions_floor_usage":[5,8,20,21,24,24,33],"damage_taken":[{"damage":5,"enemies":"Jaw Worm","floor":1,"turns":5},{"damage":0,"enemies":"Small Slimes","floor":3,"turns":3},{"damage":1,"enemies":"Cultist","floor":4,"turns":4},{"damage":14,"enemies":"Large Slime","floor":5,"turns":6},{"damage":0,"enemies":"Exordium Wildlife","floor":7,"turns":6},{"damage":6,"enemies":"Gremlin Nob","floor":8,"turns":4},{"damage":12,"enemies":"Blue Slaver","floor":13,"turns":2},{"damage":5,"enemies":"Looter","floor":14,"turns":3},{"damage":28,"enemies":"Slime Boss","floor":16,"turns":9},{"damage":24,"enemies":"Shell Parasite","floor":18,"turns":8},{"damage":0,"enemies":"Chosen","floor":20,"turns":4},{"damage":3,"enemies":"Snecko","floor":21,"turns":5},{"damage":67,"enemies":"Cultist and Chosen","floor":22,"turns":10},{"damage":16,"enemies":"Slavers","floor":24,"turns":6},{"damage":6,"enemies":"Colosseum Slavers","floor":28,"turns":7},{"damage":16,"enemies":"Shelled Parasite and Fungi","floor":29,"turns":9},{"damage":0,"enemies":"Snecko","floor":31,"turns":4},{"damage":79,"enemies":"Collector","floor":33,"turns":5}],"seed_played":"5258811935133672978","potions_obtained":[{"floor":3,"key":"ColorlessPotion"},{"floor":5,"key":"ColorlessPotion"},{"floor":13,"key":"Strength Potion"},{"floor":18,"key":"Swift Potion"},{"floor":20,"key":"LiquidMemories"},{"floor":22,"key":"PowerPotion"},{"floor":31,"key":"LiquidBronze"}],"is_trial":false,"path_per_floor":["M","?","M","M","M","R","M","E","T","R","$","?","M","M","R","B",null,"M","?","M","M","M","R","E","$","T","?","?","M","T","M","R","B"],"character_chosen":"IRONCLAD","items_purchased":["Heavy Blade+1","Inflame","Thread and Needle","Flame Barrier"],"campfire_rested":1,"item_purchase_floors":[11,11,25,25],"current_hp_per_floor":[88,88,88,88,80,80,86,86,86,86,86,86,80,81,81,59,88,76,76,88,88,33,59,55,55,55,55,61,57,57,69,69,0,0],"gold":207,"neow_bonus":"TEN_PERCENT_HP_BONUS","is_daily":false,"chose_seed":false,"campfire_upgraded":3,"win_rate":0.0,"timestamp":1608886021,"path_taken":["M","?","M","M","M","R","M","E","T","R","$","?","?","M","R","BOSS","M","?","M","M","M","R","E","$","T","?","?","M","?","M","R","BOSS"],"items_purchased_type":["Card","Card","Relic","Card"],"build_version":"2020-12-22","purchased_purges":1,"victory":false,"max_hp_per_floor":[88,88,88,88,88,88,88,88,88,88,88,88,88,88,88,88,88,88,88,88,88,88,88,88,88,88,88,88,88,88,88,88,88,88],"card_choices":[{"not_picked":["Cleave","Hemokinesis","Blood for Blood"],"picked":"SKIP","floor":1},{"not_picked":["Pommel Strike","Iron Wave","Cleave"],"picked":"SKIP","floor":3},{"not_picked":["Infernal Blade","Intimidate"],"picked":"Spot Weakness","floor":4},{"not_picked":["Hemokinesis","Searing Blow"],"picked":"Ghostly Armor","floor":5},{"not_picked":["Clothesline","Searing Blow"],"picked":"Shrug It Off","floor":7},{"not_picked":["Offering","Shrug It Off"],"picked":"Body Slam","floor":8},{"not_picked":["Perfected Strike+1","Pommel Strike+1","Metallicize"],"picked":"SKIP","floor":13},{"not_picked":["Rupture","Perfected Strike+1","Dropkick+1"],"picked":"SKIP","floor":14},{"not_picked":["Immolate+1","Feed+1"],"picked":"Offering","floor":16},{"not_picked":["Pommel Strike+1","Iron Wave+1"],"picked":"Flame Barrier","floor":18},{"not_picked":["Inflame","Anger+1","Havoc"],"picked":"SKIP","floor":20},{"not_picked":["Thunderclap+1","Twin Strike+1"],"picked":"Entrench+1","floor":21},{"not_picked":["Iron Wave+1","Perfected Strike+1"],"picked":"Battle Trance","floor":22},{"not_picked":["Wild Strike+1","Blood for Blood+1"],"picked":"Impervious","floor":24},{"not_picked":["Ghostly Armor","Cleave+1"],"picked":"Shrug It Off","floor":29},{"not_picked":["Evolve","Perfected Strike+1"],"picked":"Armaments+1","floor":31}],"player_experience":236705,"relics_obtained":[{"floor":8,"key":"PreservedInsect"},{"floor":9,"key":"Molten Egg 2"},{"floor":24,"key":"Girya"},{"floor":26,"key":"Whetstone"},{"floor":30,"key":"Regal Pillow"}],"event_choices":[{"damage_healed":0,"gold_gain":0,"player_choice":"Grow","damage_taken":0,"max_hp_gain":0,"max_hp_loss":0,"event_name":"Living Wall","floor":2,"gold_loss":0,"cards_upgraded":["Bash"]},{"damage_healed":0,"gold_gain":0,"player_choice":"Forge","damage_taken":0,"max_hp_gain":0,"max_hp_loss":0,"event_name":"Accursed Blacksmith","floor":12,"gold_loss":0,"cards_upgraded":["Shrug It Off"]},{"damage_healed":0,"gold_gain":0,"player_choice":"Ignored","damage_taken":0,"max_hp_gain":0,"max_hp_loss":0,"event_name":"Ghosts","floor":19,"gold_loss":0},{"damage_healed":0,"gold_gain":99,"player_choice":"Stole From Cult","damage_taken":0,"max_hp_gain":0,"max_hp_loss":0,"event_name":"Nest","floor":27,"gold_loss":0},{"damage_healed":0,"gold_gain":0,"player_choice":"Fight","damage_taken":0,"max_hp_gain":0,"max_hp_loss":0,"event_name":"Colosseum","floor":28,"gold_loss":0},{"damage_healed":0,"gold_gain":0,"player_choice":"Fled From Nobs","damage_taken":0,"max_hp_gain":0,"max_hp_loss":0,"event_name":"Colosseum","floor":28,"gold_loss":0}],"is_beta":false,"boss_relics":[{"not_picked":["Busted Crown","Ectoplasm"],"picked":"Black Blood"}],"items_purged_floors":[25],"is_endless":false,"potions_floor_spawned":[3,5,13,18,20,22,31],"killed_by":"Collector","ascension_level":1}}