{"host":"t179ovrkr5k1gnfh","time":1608895586,"event":{"mods":["AchievementEnabler","BaseMod","Colored Map","Downfall","Minty Spire (QoL Compilation)","StSLib"],"gold_per_floor":[111,161,336,61,61,61,75,102,114,1,1,33,43,18,18,114,114,132,132,148,159,57,87,186,221,221,221,33,66,86,11,11,114,114,129,129,145,145,164,164,193,193,218,235,254,254,66,101,101,101,101,101,1,31,31],"floor_reached":56,"playtime":5222,"items_purged":["Doubt","Guardian:Defend_Guardian","Guardian:Strike_Guardian","Guardian:Defend_Guardian","Shame","Parasite"],"score":1528,"play_id":"1997b094-7f29-4f8b-bcc4-651c63cbd6ea","local_time":"20201225122626","is_ascension_mode":true,"campfire_choices":[{"data":"Guardian:TwinSlam","floor":6,"key":"SMITH"},{"data":"Guardian:FloatingOrbs","floor":11,"key":"SMITH"},{"data":"Guardian:PiercingHide","floor":15,"key":"SMITH"},{"data":"Guardian:SpikerProtocol","floor":27,"key":"SMITH"},{"floor":32,"key":"REST"},{"data":"Guardian:Harden","floor":40,"key":"SMITH"},{"data":"Guardian:SentryBeam","floor":42,"key":"SMITH"},{"data":"Guardian:Preprogram","floor":46,"key":"SMITH"},{"floor":49,"key":"RECALL"},{"data":"Guardian:DonusPower","floor":52,"key":"SMITH"}],"circlet_count":0,"master_deck":["Guardian:Strike_Guardian","Guardian:Defend_Guardian","Guardian:CurlUp","Guardian:TwinSlam+1","Guardian:SpikerProtocol+1","Guardian:FloatingOrbs+1","Guardian:Preprogram+1","Guardian:PiercingHide+1","Guardian:SentryBeam+1","Guardian:ShieldCharger","Guardian:TimeSifter","Guardian:Reroute","Guardian:PolyBeam+1","Guardian:DonusPower+1","Guardian:Harden+1","Guardian:VentSteam","Guardian:Suspension+1","Guardian:PiercingHide+1","Guardian:TemporalShield+1","Guardian:Incinerate+1","Guardian:BronzeOrb+1","Bandage Up","Guardian:Clone+1"],"relics":["Runic Pyramid","Guardian:PickAxe","Membership Card","MawBank","Calipers","Strawberry","Shuriken","Empty Cage","Du-Vu Doll","Ornamental Fan","Bottled Flame","Dream Catcher","Orichalcum","Cursed Key","Molten Egg 2","Toxic Egg 2","Blood Vial"],"acts_visited":["Exordium","TheCity","TheBeyond","TheEnding"],"potions_floor_usage":[8,18,21,29,29,33,33,50,50,55],"damage_taken":[{"damage":0,"enemies":"Cultist","floor":1,"turns":3},{"damage":2,"enemies":"Jaw Worm","floor":7,"turns":4},{"damage":14,"enemies":"Gremlin Nob","floor":8,"turns":4},{"damage":5,"enemies":"Lagavulin","floor":12,"turns":5},{"damage":0,"enemies":"2 Louse","floor":13,"turns":2},{"damage":0,"enemies":"The Guardian","floor":16,"turns":6},{"damage":4,"enemies":"Shell Parasite","floor":18,"turns":4},{"damage":0,"enemies":"Spheric Guardian","floor":20,"turns":3},{"damage":0,"enemies":"Snake Plant","floor":21,"turns":3},{"damage":14,"enemies":"Book of Stabbing","floor":23,"turns":4},{"damage":0,"enemies":"Gremlin Leader","floor":25,"turns":5},{"damage":14,"enemies":"Slavers","floor":29,"turns":3},{"damage":5,"enemies":"Centurion and Healer","floor":30,"turns":4},{"damage":13,"enemies":"Collector","floor":33,"turns":5},{"damage":2,"enemies":"Orb Walker","floor":35,"turns":3},{"damage":0,"enemies":"3 Shapes","floor":37,"turns":4},{"damage":3,"enemies":"Writhing Mass","floor":39,"turns":5},{"damage":9,"enemies":"Nemesis","floor":41,"turns":5},{"damage":0,"enemies":"Spire Growth","floor":44,"turns":3},{"damage":0,"enemies":"Transient","floor":45,"turns":5},{"damage":0,"enemies":"Giant Head","floor":48,"turns":5},{"damage":6,"enemies":"Donu and Deca","floor":50,"turns":6},{"damage":26,"enemies":"Shield and Spear","floor":54,"turns":5},{"damage":53,"enemies":"The Heart","floor":55,"turns":7}],"seed_played":"35394966876230788","potions_obtained":[{"floor":12,"key":"Guardian:AcceleratePotion"},{"floor":16,"key":"ColorlessPotion"},{"floor":23,"key":"GamblersBrew"},{"floor":25,"key":"Energy Potion"},{"floor":29,"key":"BlessingOfTheForge"},{"floor":30,"key":"BlessingOfTheForge"},{"floor":39,"key":"Guardian:DefensiveModePotion"},{"floor":44,"key":"SmokeBomb"},{"floor":54,"key":"SpeedPotion"}],"is_trial":false,"path_per_floor":["M","T","?","$","?","R","M","E","T","$","R","E","M","$","R","B",null,"M","?","M","M","$","E","?","E","T","R","$","E","M","?","R","B",null,"M","?","M","?","M","R","E","R","T","M","M","R","$","E","R","B",null,"R","$","E","B",null],"character_chosen":"GUARDIAN","items_purchased":["Membership Card","Guardian:FloatingOrbs","LiquidMemories","Strawberry","Guardian:ShieldCharger","DuplicationPotion","Guardian:Gem_Yellow","Dream Catcher","Guardian:BronzeOrb+1","Guardian:Gem_Red","Bandage Up"],"campfire_rested":1,"item_purchase_floors":[4,4,4,10,14,22,28,28,47,47,47],"current_hp_per_floor":[80,80,80,80,74,74,72,58,58,65,65,60,60,60,60,60,87,83,83,83,83,83,69,69,69,69,69,69,55,50,50,76,63,87,85,85,85,85,82,82,73,73,73,73,73,73,73,77,77,75,87,87,84,62,15],"gold":31,"neow_bonus":"BOSS_RELIC","is_daily":false,"chose_seed":false,"campfire_upgraded":8,"win_rate":0.0,"timestamp":1608895586,"path_taken":["M","?","?","$","?","R","M","E","T","?","R","E","?","$","R","BOSS","M","?","M","?","$","E","?","E","T","R","$","E","M","?","R","BOSS","M","?","M","?","?","R","E","R","T","M","M","R","$","E","R","BOSS","R","$","E","BOSS"],"items_purchased_type":["Relic","Card","Potion","Relic","Card","Potion","Card","Relic","Card","Card","Card"],"build_version":"2020-12-22","purchased_purges":6,"victory":true,"max_hp_per_floor":[80,80,80,80,80,80,80,80,80,87,87,87,87,87,87,87,87,87,87,87,87,87,87,87,87,87,87,87,87,87,87,87,87,87,87,87,87,87,87,87,87,87,87,87,87,87,87,87,87,87,87,87,84,84,84],"card_choices":[{"not_picked":["Guardian:ShieldCharger","Guardian:PolyBeam"],"picked":"Guardian:SpikerProtocol","floor":1},{"not_picked":["Guardian:Gem_Red","Guardian:Suspension"],"picked":"Guardian:Preprogram","floor":7},{"not_picked":["Guardian:Emergency","Guardian:FuturePlans","Guardian:Gem_Red"],"picked":"SKIP","floor":8},{"not_picked":["Guardian:WalkerClaw","Guardian:PrimingBeam"],"picked":"Guardian:PiercingHide","floor":12},{"not_picked":["Guardian:PrimingBeam","Guardian:RevengeProtocol"],"picked":"Guardian:SentryBeam","floor":13},{"not_picked":["Guardian:StasisField","Guardian:FierceBash"],"picked":"Guardian:TimeSifter","floor":16},{"not_picked":["Guardian:Recover","Guardian:MultiBeam","Guardian:ChargeCore"],"picked":"SKIP","floor":18},{"not_picked":["Guardian:Planning","Guardian:TemporalStrike","Guardian:Gem_Cyan"],"picked":"SKIP","floor":20},{"not_picked":["Guardian:CrystalBeam","Guardian:Reroute","Guardian:Gem_Red"],"picked":"SKIP","floor":21},{"not_picked":["Guardian:CrystalBeam","Guardian:PrismaticBeam"],"picked":"Guardian:PolyBeam+1","floor":23},{"not_picked":["Guardian:Gem_Cyan","Guardian:AncientConstruct","Guardian:RollAttack"],"picked":"SKIP","floor":25},{"not_picked":["Guardian:Gem_Red","Guardian:MultiBeam"],"picked":"Guardian:DonusPower","floor":29},{"not_picked":["Guardian:WalkerClaw+1","Guardian:Recover+1"],"picked":"Guardian:Gem_Fragmented","floor":30},{"not_picked":["Guardian:Recover","Guardian:VentSteam"],"picked":"Guardian:Harden","floor":32},{"not_picked":["Guardian:FastForward","Guardian:RevengeProtocol"],"picked":"Guardian:Gem_Orange","floor":33},{"not_picked":["Guardian:Harden+1","Guardian:Clone"],"picked":"Guardian:VentSteam","floor":35},{"not_picked":["Guardian:EvasiveProtocol+1","Guardian:WalkerClaw"],"picked":"Guardian:Suspension+1","floor":37},{"not_picked":["Guardian:Gem_Green","Guardian:Reroute+1"],"picked":"Guardian:PiercingHide+1","floor":39},{"not_picked":["Guardian:VentSteam","Guardian:Gem_Cyan"],"picked":"Guardian:TemporalShield+1","floor":41},{"not_picked":["Guardian:PrismaticBarrier+1","Guardian:Gem_Lightblue"],"picked":"Guardian:Incinerate+1","floor":44},{"not_picked":["Guardian:ChargeCore+1","Guardian:PrismaticBarrier+1"],"picked":"Guardian:Gem_Cyan","floor":45},{"not_picked":["Guardian:SentryBeam+1","Guardian:Gem_Lightblue","Guardian:TemporalStrike+1"],"picked":"SKIP","floor":48},{"not_picked":["Guardian:BronzeOrb+1","Guardian:Gem_Red"],"picked":"Guardian:Clone+1","floor":54}],"player_experience":160455,"relics_obtained":[{"floor":2,"key":"Guardian:PickAxe"},{"floor":8,"key":"MawBank"},{"floor":9,"key":"Calipers"},{"floor":12,"key":"Shuriken"},{"floor":23,"key":"Du-Vu Doll"},{"floor":25,"key":"Ornamental Fan"},{"floor":26,"key":"Bottled Flame"},{"floor":29,"key":"Orichalcum"},{"floor":41,"key":"Molten Egg 2"},{"floor":48,"key":"Toxic Egg 2"},{"floor":54,"key":"Blood Vial"}],"event_choices":[{"damage_healed":0,"gold_gain":175,"player_choice":"AGREE","damage_taken":0,"max_hp_gain":0,"max_hp_loss":0,"event_name":"Liars Game","floor":3,"gold_loss":0,"cards_obtained":["Doubt"]},{"damage_healed":0,"gold_gain":0,"player_choice":"1 cards matched","damage_taken":0,"max_hp_gain":0,"max_hp_loss":0,"event_name":"Match and Keep!","floor":19,"gold_loss":0,"cards_obtained":["Guardian:Reroute"]},{"damage_healed":0,"gold_gain":99,"player_choice":"Stole From Cult","damage_taken":0,"max_hp_gain":0,"max_hp_loss":0,"event_name":"Nest","floor":24,"gold_loss":0},{"cards_removed":["Guardian:Strike_Guardian"],"damage_healed":0,"gold_gain":0,"player_choice":"Gave Gold","damage_taken":0,"max_hp_gain":0,"max_hp_loss":0,"event_name":"Beggar","floor":31,"gold_loss":75},{"damage_healed":0,"gold_gain":0,"player_choice":"Memory 1","damage_taken":0,"max_hp_gain":0,"max_hp_loss":0,"event_name":"SensoryStone","floor":36,"gold_loss":0},{"damage_healed":0,"gold_gain":0,"player_choice":"Copied","damage_taken":0,"max_hp_gain":0,"max_hp_loss":0,"event_name":"Duplicator","floor":38,"gold_loss":0,"cards_obtained":["Guardian:Gem_Orange"]}],"is_beta":false,"boss_relics":[{"not_picked":["Coffee Dripper","Runic Dome"],"picked":"Empty Cage"},{"not_picked":["Philosopher\u0027s Stone","Velvet Choker"],"picked":"Cursed Key"}],"items_purged_floors":[4,10,22,28,47,53],"is_endless":false,"potions_floor_spawned":[12,16,23,25,29,30,39,44,48,54],"ascension_level":4}}