{"host":"j1qceugmsvfpp1ru","time":1608880073,"event":{"mods":["2.2 Compatiblity","AchievementEnabler","Act Like it!","BaseMod","Better Altar","Better Third Choice","Block Reminder","Colored Map","Conspire","Downfall","Elementarium","Highlight Path","Hubris","Infinite Spire","Marked Mod","Menagerie","Minty Spire (QoL Compilation)","Replay The Spire","Retaliation","Shade Mod","Spicy Shops","StSLib","The Animator","Waifu the Spire"],"gold_per_floor":[117,48,123,123,123,158,158,158,158,172,240,256,291,65,91,129,129,249,249,277,311,85,85,106,124,124],"floor_reached":25,"playtime":2599,"items_purged":[],"score":219,"play_id":"366d3d04-d267-46d8-a3c6-98790b57400e","local_time":"20201225160753","is_ascension_mode":false,"campfire_choices":[{"floor":7,"key":"REST"},{"floor":17,"key":"REST"}],"circlet_count":0,"master_deck":["Strike_G","Strike_G","Strike_G","Strike_G","Strike_G","Defend_G","Defend_G","Defend_G","Defend_G","Defend_G","Survivor","Neutralize","CurseOfTheBell","Blade Dance","Terror","Distraction","Poisoned Stab","Dagger Spray","Cloak And Dagger","Bouncing Flask","Flying Knee","Slice","hexamod:WildfireWeapon","Blade Dance","ReplayTheSpireMod:Speed Training+1","Fluid Movement","hexamod:SpectersWail"],"relics":["Calling Bell","Art of War","Shuriken","Girya","hubris:EvacipatedBox","Happy Flower","hubris:DisguiseKit","Blood Vial","hubris:TenFootPole","Replay:Bandana","hubris:RunicObelisk","Strange Spoon","Gremlin Food"],"acts_visited":["Exordium","TheCity"],"potions_floor_usage":[13,13,18],"damage_taken":[{"damage":5,"enemies":"Jaw Worm","floor":1,"turns":8},{"damage":10,"enemies":"Lagavulin","floor":6,"turns":5},{"damage":1,"enemies":"conspire:RoseBush","floor":10,"turns":3},{"damage":1,"enemies":"Cultist","floor":12,"turns":4},{"damage":9,"enemies":"3 Sentries","floor":13,"turns":6},{"damage":14,"enemies":"Replay:BlueRogue","floor":15,"turns":7},{"damage":12,"enemies":"Exordium Thugs","floor":16,"turns":4},{"damage":15,"enemies":"The Guardian","floor":18,"turns":8},{"damage":0,"enemies":"Chosen","floor":20,"turns":4},{"damage":23,"enemies":"Shell Parasite","floor":21,"turns":5},{"damage":27,"enemies":"Snecko","floor":24,"turns":6},{"damage":29,"enemies":"Replay:Snechameleon","floor":25,"turns":2}],"seed_played":"-34213935677178183","potions_obtained":[{"floor":6,"key":"champ:CounterPotion"},{"floor":10,"key":"SteroidPotion"},{"floor":12,"key":"AttackPotion"},{"floor":21,"key":"Elixir"}],"is_trial":false,"path_per_floor":["M","$","?","?","$","E","R","PTL","PTL","M","T","M","E","$","E","M","R","B",null,"M","M","$","?","M","E"],"character_chosen":"THE_SILENT","items_purchased":["Terror","hubris:EvacipatedBox","Bouncing Flask","hubris:TenFootPole","Strange Spoon","Fluid Movement"],"campfire_rested":2,"item_purchase_floors":[2,5,14,14,22,22],"current_hp_per_floor":[65,65,54,54,35,25,46,46,46,45,45,44,35,35,23,13,34,21,70,70,47,47,47,22,0,0],"gold":124,"neow_bonus":"BOSS_RELIC","is_daily":false,"chose_seed":false,"campfire_upgraded":0,"win_rate":0.0,"timestamp":1608880073,"path_taken":["M","$","?","?","?","E","R","PTL","PTL","M","T","?","E","$","E","M","R","BOSS","M","?","$","?","M","E"],"items_purchased_type":["Card","Relic","Card","Relic","Relic","Card"],"build_version":"2020-12-22","purchased_purges":0,"victory":false,"max_hp_per_floor":[70,70,70,70,70,70,70,70,70,70,70,70,70,70,70,70,70,70,70,70,70,70,70,70,70,70],"card_choices":[{"not_picked":["Hidden Blade","Dagger Throw"],"picked":"Blade Dance","floor":1},{"not_picked":["Skewer","Flying Knee"],"picked":"Distraction","floor":6},{"not_picked":["Underhanded Strike","Replay:Poison Smokescreen"],"picked":"Poisoned Stab","floor":10},{"not_picked":["Concentrate","ReplayTheSpireMod:Tripwire","hexamod:FastForward"],"picked":"Dagger Spray","floor":12},{"not_picked":["Bane","Finisher","hexamod:TimeWarp"],"picked":"Cloak And Dagger","floor":13},{"not_picked":["ReplayTheSpireMod:Scrap Shanks","Dagger Throw","hexamod:PhantomFireball"],"picked":"Flying Knee","floor":15},{"not_picked":["Outmaneuver","Sucker Punch","hexamod:InspiringFlames"],"picked":"Slice","floor":16},{"not_picked":["Venomology","Poison Darts","ReplayTheSpireMod:From All Sides"],"picked":"hexamod:WildfireWeapon","floor":18},{"not_picked":["Dagger Throw","hubris:Counter","hexamod:GhostLash"],"picked":"Blade Dance","floor":20},{"not_picked":["Sucker Punch","hubris:SlightOfHand","hexamod:FastForward"],"picked":"ReplayTheSpireMod:Speed Training+1","floor":21},{"not_picked":["Leg Sweep+1","Replay:Poison Smokescreen","Fluid Movement"],"picked":"hexamod:SpectersWail","floor":24}],"player_experience":397011,"relics_obtained":[{"floor":0,"key":"Art of War"},{"floor":0,"key":"Shuriken"},{"floor":0,"key":"Girya"},{"floor":6,"key":"Happy Flower"},{"floor":11,"key":"hubris:DisguiseKit"},{"floor":13,"key":"Blood Vial"},{"floor":15,"key":"Replay:Bandana"},{"floor":23,"key":"Gremlin Food"}],"event_choices":[{"damage_healed":0,"gold_gain":75,"player_choice":"Gold","damage_taken":11,"max_hp_gain":0,"max_hp_loss":0,"event_name":"betterThird:BetterGoop","floor":3,"gold_loss":0},{"damage_healed":0,"gold_gain":0,"player_choice":"Disagree","damage_taken":0,"max_hp_gain":0,"max_hp_loss":0,"event_name":"conspire:LoneGhost","floor":4,"gold_loss":0},{"damage_healed":0,"gold_gain":0,"player_choice":"Relic","damage_taken":0,"max_hp_gain":0,"max_hp_loss":0,"event_name":"Wheel of Change","floor":23,"gold_loss":0}],"is_beta":false,"boss_relics":[{"not_picked":["Runic Dome","hubris:TerracottaHorce","hubris:HollowSoul"],"picked":"hubris:RunicObelisk"}],"items_purged_floors":[],"is_endless":false,"potions_floor_spawned":[6,10,12,21],"killed_by":"Replay:Snechameleon","ascension_level":0}}