{"host":"pu81sch6k9sz3dc3","time":1608906100,"event":{"mods":["AchievementEnabler","Aspiration","BaseMod","Better Match","Better Note","BetterRewards","Card Forge","Colored Powertips","Dio Mod","Halation","Minty Spire (QoL Compilation)","Permanent Neow","Quick Restart","Replay The Spire","StSLib","vexMod"],"gold_per_floor":[110,110,110,110,131,131,175,199,245,245,274,458,236,236,236,374,374,403,426,378,420,429,496,496,523,523,523,121,121,151,203,203,339,339,376,449,188,188,113,113,149,188,188,206,206,264,291,360,360,399],"floor_reached":51,"playtime":4570,"items_purged":[],"score":595,"play_id":"4dd25c4c-2bc2-4166-a90d-ce044530078a","local_time":"20201225052140","is_ascension_mode":false,"campfire_choices":[{"floor":6,"key":"RECALL"},{"floor":10,"key":"REST"},{"floor":15,"key":"REST"},{"floor":24,"key":"REST"},{"floor":27,"key":"REST"},{"floor":29,"key":"REST"},{"floor":32,"key":"REST"},{"floor":40,"key":"REST"},{"floor":45,"key":"REST"},{"floor":49,"key":"REST"}],"circlet_count":0,"master_deck":["dioMod:Strike+1","dioMod:Strike+1","dioMod:Strike+1","dioMod:Strike+1","Bite+1","dioMod:Defend+1","dioMod:Defend+1","dioMod:Defend+1","dioMod:Defend+1","dioMod:SecretPlan+1","dioMod:BloodSuck+1","dioMod:LaserVision+1","dioMod:Freeze+1","dioMod:GoodbyeJojo+1","dioMod:CutDeep+1","dioMod:FlyAway+1","dioMod:SevenPageMuda+1","dioMod:Roundabout+1","dioMod:DaggerToss+1","dioMod:WRYYY","dioMod:FlyAway+1","dioMod:BlendIn+1","dioMod:BloodTransfusion+1","Outmaneuver+1","dioMod:ZaWarudo+1","dioMod:DoubleTime+1","dioMod:MudaMudaMuda+1","dioMod:TripleThreat+1","dioMod:CoffinBath+1","Trip+1","dioMod:CautiousMuda+1","dioMod:BlendIn+1","dioMod:TheWalk+1","dioMod:Minions+1","dioMod:Donut+1","dioMod:ComboFever+1","dioMod:DarkRebirth+1","dioMod:Muda+1","dioMod:SadisticLaugh+1","Madness+1","Madness+1","dioMod:DaggerSpree+1","Jack Of All Trades+1","Crow Ritual+1","Chrysalis+1","dioMod:Hiss+1"],"relics":["dioMod:VampireBlood","Hammer of Thor","Seething Fire","Anvil of the Gods","NeowsBlessing","halation:EternalFortune","Golden Idol","aspiration:HummingbirdHeart","halation:AfternoonTea","CeramicFish","vexMod:RockFriend","aspiration:Stabinomicon","Bottled Lightning","Replay:Bandana","Runic Pyramid","halation:LettersToHer","Kunai","Akabeko"],"acts_visited":["Exordium","TheCity","TheBeyond"],"potions_floor_usage":[50,50,50],"damage_taken":[{"damage":0,"enemies":"Small Slimes","floor":1,"turns":1},{"damage":0,"enemies":"Jaw Worm","floor":5,"turns":1},{"damage":0,"enemies":"Lagavulin","floor":7,"turns":1},{"damage":0,"enemies":"2 Louse","floor":8,"turns":2},{"damage":0,"enemies":"Blue Slaver","floor":11,"turns":4},{"damage":68,"enemies":"Hexaghost","floor":16,"turns":18},{"damage":0,"enemies":"Spheric Guardian","floor":18,"turns":2},{"damage":0,"enemies":"Chosen","floor":19,"turns":4},{"damage":18,"enemies":"Centurion and Healer","floor":21,"turns":10},{"damage":27,"enemies":"Book of Stabbing","floor":23,"turns":8},{"damage":20,"enemies":"Shelled Parasite and Fungi","floor":25,"turns":5},{"damage":4,"enemies":"Chosen and Byrds","floor":30,"turns":4},{"damage":17,"enemies":"Sentry and Sphere","floor":31,"turns":4},{"damage":12,"enemies":"vexMod:LichLord","floor":33,"turns":6},{"damage":0,"enemies":"Orb Walker","floor":35,"turns":3},{"damage":2,"enemies":"3 Darklings","floor":36,"turns":3},{"damage":8,"enemies":"Spire Growth","floor":41,"turns":5},{"damage":2,"enemies":"Transient","floor":42,"turns":6},{"damage":1,"enemies":"Writhing Mass","floor":46,"turns":4},{"damage":44,"enemies":"Nemesis","floor":48,"turns":9},{"damage":153,"enemies":"Replay:Hell Engine","floor":50,"turns":19}],"seed_played":"-5348429441024010215","potions_obtained":[{"floor":1,"key":"Toxic Potion"},{"floor":11,"key":"Fire Potion"},{"floor":16,"key":"Fire Potion"},{"floor":48,"key":"EssenceOfSteel"}],"is_trial":false,"path_per_floor":["M","?","?","?","M","R","E","M","T","R","M","?","$","?","R","B",null,"M","M","?","M","?","E","R","M","T","R","$","R","M","M","R","B",null,"M","M","$","?","?","R","M","M","T","?","R","M","?","E","R","B",null],"character_chosen":"THE_DEFAULT","items_purchased":["dioMod:CutDeep","dioMod:FlyAway","dioMod:SevenPageMuda","dioMod:MudaMudaMuda","dioMod:TripleThreat","dioMod:CoffinBath","Replay:Bandana","Trip","dioMod:ComboFever+1","dioMod:DarkRebirth","halation:LettersToHer"],"campfire_rested":9,"item_purchase_floors":[13,13,13,28,28,28,28,28,37,37,37],"current_hp_per_floor":[75,78,78,78,78,78,78,78,78,78,81,81,81,91,91,33,91,91,91,91,91,91,91,91,91,91,91,91,91,91,91,91,91,91,91,91,91,91,91,91,91,94,94,82,94,94,84,69,94,22],"gold":399,"neow_bonus":"THREE_ENEMY_KILL","is_daily":false,"chose_seed":false,"campfire_upgraded":0,"win_rate":0.0,"timestamp":1608906100,"path_taken":["M","?","?","?","?","R","E","M","T","R","M","?","$","?","R","BOSS","M","?","?","M","?","E","R","M","T","R","$","R","M","M","R","BOSS","M","M","$","?","?","R","M","M","T","?","R","?","?","E","R","BOSS"],"items_purchased_type":["Card","Card","Card","Card","Card","Card","Relic","Card","Card","Card","Relic"],"build_version":"2020-12-22","purchased_purges":0,"victory":true,"max_hp_per_floor":[75,78,78,78,78,78,78,78,78,78,81,81,81,91,91,91,91,91,91,91,91,91,91,91,91,91,91,91,91,91,91,91,91,91,91,91,91,91,91,91,91,94,94,94,94,94,94,94,94,94],"card_choices":[{"not_picked":["dioMod:DoubleTime","dioMod:BloodShield"],"picked":"dioMod:SecretPlan","floor":1},{"not_picked":["dioMod:FlyAway","dioMod:CutDeep"],"picked":"dioMod:BloodSuck","floor":5},{"not_picked":["dioMod:Hiss","dioMod:Roundabout"],"picked":"dioMod:LaserVision","floor":7},{"not_picked":["dioMod:BloodShield","dioMod:BloodSplash"],"picked":"dioMod:Freeze","floor":8},{"not_picked":["dioMod:Minions","dioMod:Diversion"],"picked":"dioMod:GoodbyeJojo","floor":11},{"not_picked":["dioMod:Refresh","dioMod:GoldVial"],"picked":"dioMod:SevenPageMuda","floor":16},{"not_picked":["dioMod:GoodbyeJojo","dioMod:LaserVision"],"picked":"dioMod:Roundabout","floor":18},{"not_picked":["dioMod:SlashThroughTime","dioMod:Hiss"],"picked":"dioMod:DaggerToss","floor":19},{"not_picked":["dioMod:DaggerToss+1","dioMod:Roundabout+1"],"picked":"dioMod:WRYYY","floor":20},{"not_picked":["dioMod:WRYYY","dioMod:DaggerToss+1"],"picked":"dioMod:FlyAway+1","floor":20},{"not_picked":["dioMod:Muda+1","dioMod:BloodShield+1"],"picked":"dioMod:BlendIn+1","floor":20},{"not_picked":["dioMod:Hiss","dioMod:BloodSplash"],"picked":"dioMod:BloodTransfusion","floor":21},{"not_picked":["dioMod:TripleThreat","dioMod:FlyAway+1"],"picked":"dioMod:ZaWarudo","floor":23},{"not_picked":["dioMod:BloodSplash","dioMod:BloodShield+1"],"picked":"dioMod:DoubleTime","floor":25},{"not_picked":["dioMod:Minions","dioMod:ComposedMuda"],"picked":"dioMod:CautiousMuda+1","floor":30},{"not_picked":["dioMod:GoodbyeJojo","dioMod:FlyAway"],"picked":"dioMod:BlendIn","floor":31},{"not_picked":["dioMod:PhantomBlood","dioMod:KonoDioDa"],"picked":"dioMod:TheWalk","floor":33},{"not_picked":["dioMod:VengefulMuda+1","dioMod:HeavyLifting"],"picked":"dioMod:Minions+1","floor":35},{"not_picked":["dioMod:BloodShield+1","dioMod:TripleThreat"],"picked":"dioMod:Donut","floor":36},{"not_picked":["dioMod:Freeze+1","dioMod:CoffinBath"],"picked":"dioMod:Muda","floor":41},{"not_picked":["dioMod:CoffinBath","dioMod:Minions+1"],"picked":"dioMod:SadisticLaugh","floor":42},{"not_picked":["dioMod:LaserVision+1","dioMod:CoffinBath"],"picked":"dioMod:DaggerSpree+1","floor":46},{"not_picked":["vexMod:StairwayStrike","Panacea"],"picked":"Jack Of All Trades","floor":47},{"not_picked":["Dark Shackles","Blind"],"picked":"Crow Ritual","floor":47},{"not_picked":["Dark Shackles","ReplayTheSpireMod:Trickstab"],"picked":"Chrysalis","floor":47},{"not_picked":["dioMod:Roundabout","dioMod:Minions"],"picked":"dioMod:Hiss+1","floor":48}],"player_experience":167151,"relics_obtained":[{"floor":7,"key":"halation:AfternoonTea"},{"floor":9,"key":"CeramicFish"},{"floor":11,"key":"halation:EternalFortune"},{"floor":23,"key":"aspiration:Stabinomicon"},{"floor":26,"key":"Bottled Lightning"},{"floor":42,"key":"halation:EternalFortune"},{"floor":43,"key":"halation:LettersToHer"},{"floor":43,"key":"Kunai"},{"floor":48,"key":"Akabeko"}],"event_choices":[{"damage_healed":0,"gold_gain":0,"player_choice":"Take Wound","damage_taken":0,"relics_obtained":["Golden Idol"],"max_hp_gain":0,"max_hp_loss":0,"event_name":"Golden Idol","floor":3,"gold_loss":0,"cards_obtained":["Injury"]},{"damage_healed":0,"gold_gain":0,"player_choice":"Box","damage_taken":0,"relics_obtained":["aspiration:HummingbirdHeart"],"max_hp_gain":0,"max_hp_loss":0,"event_name":"Big Fish","floor":4,"gold_loss":0,"cards_obtained":["Regret"]},{"damage_healed":0,"gold_gain":175,"player_choice":"AGREE","damage_taken":0,"max_hp_gain":0,"max_hp_loss":0,"event_name":"Liars Game","floor":12,"gold_loss":0,"cards_obtained":["Doubt"]},{"cards_removed":["dioMod:SevenPageMuda"],"damage_healed":0,"gold_gain":0,"player_choice":"Offered Rare","damage_taken":0,"max_hp_gain":10,"max_hp_loss":0,"event_name":"Bonfire Elementals","floor":14,"gold_loss":0},{"damage_healed":0,"gold_gain":0,"player_choice":"3","damage_taken":0,"max_hp_gain":0,"max_hp_loss":0,"event_name":"betterMatch:BetterMatch","floor":20,"gold_loss":0,"cards_obtained":["betterMatch:CommonCard"]},{"cards_removed":["Bite"],"damage_healed":0,"gold_gain":0,"player_choice":"Take \u0026 Give","damage_taken":0,"max_hp_gain":0,"max_hp_loss":0,"event_name":"betterNote:BetterNote","floor":22,"gold_loss":0,"cards_obtained":["Outmaneuver"]},{"damage_healed":0,"gold_gain":0,"player_choice":"3","damage_taken":0,"max_hp_gain":0,"max_hp_loss":0,"event_name":"betterMatch:BetterMatch","floor":39,"gold_loss":0,"cards_obtained":[]},{"damage_healed":0,"gold_gain":0,"player_choice":"Embrace Madness","damage_taken":12,"max_hp_gain":0,"max_hp_loss":0,"event_name":"Winding Halls","floor":44,"gold_loss":0,"cards_obtained":["Madness","Madness"]},{"damage_healed":0,"gold_gain":0,"player_choice":"Memory 3","damage_taken":10,"max_hp_gain":0,"max_hp_loss":0,"event_name":"SensoryStone","floor":47,"gold_loss":0}],"is_beta":false,"boss_relics":[{"not_picked":["Coffee Dripper","vexMod:MallPass"],"picked":"vexMod:RockFriend"},{"not_picked":["vexMod:MindDevourer","Tiny House"],"picked":"Runic Pyramid"}],"items_purged_floors":[],"is_endless":false,"potions_floor_spawned":[1,11,16,18,23,25,35,42,48],"ascension_level":0}}