{"host":"03a85bwj0a5skoit","time":1608907718,"event":{"mods":["BaseMod","Block Reminder","Minty Spire (QoL Compilation)","Relic Stats","StSLib"],"gold_per_floor":[119,132,147,48,58,58,86,86,86,106,106,141,152,165,165,165,165],"floor_reached":16,"playtime":643,"items_purged":["Defend_P"],"score":228,"play_id":"7953d41b-b843-471d-a40d-ba2f04dfad9f","local_time":"20201226011838","is_ascension_mode":true,"campfire_choices":[{"data":"TalkToTheHand","floor":6,"key":"SMITH"},{"data":"Vigilance","floor":8,"key":"SMITH"},{"floor":15,"key":"REST"}],"circlet_count":0,"master_deck":["AscendersBane","Strike_P","Strike_P","Strike_P","Defend_P","Defend_P","Eruption","Vigilance+1","TalkToTheHand+1","Wallop","EmptyBody","FollowUp","EmptyBody","Vengeance","Parasite","FearNoEvil","FearNoEvil"],"relics":["Empty Cage","Darkstone Periapt","Singing Bowl","Frozen Egg 2"],"acts_visited":["Exordium"],"potions_floor_usage":[7,14,14],"damage_taken":[{"damage":0,"enemies":"Cultist","floor":1,"turns":3},{"damage":2,"enemies":"Jaw Worm","floor":2,"turns":5},{"damage":0,"enemies":"Small Slimes","floor":3,"turns":3},{"damage":0,"enemies":"Blue Slaver","floor":5,"turns":6},{"damage":18,"enemies":"Lagavulin","floor":7,"turns":8},{"damage":6,"enemies":"Exordium Thugs","floor":10,"turns":7},{"damage":44,"enemies":"3 Sentries","floor":12,"turns":12},{"damage":11,"enemies":"Red Slaver","floor":13,"turns":3},{"damage":0,"enemies":"Blue Slaver","floor":14,"turns":1},{"damage":33,"enemies":"The Guardian","floor":16,"turns":7}],"seed_played":"5487633462546493285","potions_obtained":[{"floor":2,"key":"FearPotion"},{"floor":10,"key":"Weak Potion"},{"floor":12,"key":"SteroidPotion"}],"is_trial":false,"path_per_floor":["M","M","M","$","M","R","E","R","T","M","?","E","M","M","R","B"],"character_chosen":"WATCHER","items_purchased":["FollowUp"],"campfire_rested":1,"item_purchase_floors":[4],"current_hp_per_floor":[61,59,59,59,59,59,41,41,41,37,60,16,7,7,30,0,0],"gold":165,"neow_bonus":"BOSS_RELIC","is_daily":false,"chose_seed":false,"campfire_upgraded":2,"win_rate":0.0,"timestamp":1608907718,"path_taken":["M","?","?","$","M","R","E","R","T","?","?","E","M","M","R","BOSS"],"items_purchased_type":["Card"],"build_version":"2020-12-22","purchased_purges":1,"victory":false,"max_hp_per_floor":[68,68,68,68,68,68,68,68,68,70,76,76,78,78,78,78,78],"relic_stats":{"Darkstone Periapt":6,"Singing Bowl":4,"counters":[10,55],"obtain_stats":[{"Darkstone Periapt":7,"Singing Bowl":9,"PureWater":0,"Frozen Egg 2":12,"Empty Cage":0},{"Darkstone Periapt":5,"Singing Bowl":5,"PureWater":0,"Frozen Egg 2":7,"Empty Cage":0},{"Darkstone Periapt":25,"Singing Bowl":25,"PureWater":0,"Frozen Egg 2":44,"Empty Cage":0}]},"card_choices":[{"not_picked":["PathToVictory","Crescendo"],"picked":"TalkToTheHand","floor":1},{"not_picked":["FollowUp","Crescendo"],"picked":"Wallop","floor":2},{"not_picked":["JustLucky","ReachHeaven"],"picked":"EmptyBody","floor":3},{"not_picked":["DeceiveReality","FlyingSleeves"],"picked":"EmptyBody","floor":5},{"not_picked":["FlyingSleeves","CutThroughFate"],"picked":"Vengeance","floor":7},{"not_picked":["JustLucky","CrushJoints","Prostrate"],"picked":"Singing Bowl","floor":10},{"not_picked":["SignatureMove","Collect"],"picked":"FearNoEvil","floor":12},{"not_picked":["Protect","Omniscience","DeceiveReality"],"picked":"Singing Bowl","floor":13},{"not_picked":["Evaluate","Collect"],"picked":"FearNoEvil","floor":14}],"player_experience":2310319,"relics_obtained":[{"floor":7,"key":"Darkstone Periapt"},{"floor":9,"key":"Singing Bowl"},{"floor":12,"key":"Frozen Egg 2"}],"event_choices":[{"damage_healed":17,"gold_gain":0,"player_choice":"Healed and dodged fight","damage_taken":0,"max_hp_gain":0,"max_hp_loss":0,"event_name":"Mushrooms","floor":11,"gold_loss":0,"cards_obtained":["Parasite"]}],"is_beta":false,"boss_relics":[],"items_purged_floors":[4],"is_endless":false,"potions_floor_spawned":[2,10,12,13],"killed_by":"The Guardian","ascension_level":20}}