{"host":"q9718omregw4er46","time":1608928932,"event":{"mods":["BaseMod","Colored Powertips","Minty Spire (QoL Compilation)","Quick Restart","Relic Stats"],"gold_per_floor":[119,119,138,153,169,169,203,203,203,203,238,238,26,61,61,138,138,156,156,156,167,185,185,219,219,265,291,316,328,328],"floor_reached":29,"playtime":729,"items_purged":[],"score":526,"play_id":"0aebf381-eaaf-4d5c-aa31-0093c482eabd","local_time":"20201226014212","is_ascension_mode":true,"campfire_choices":[{"data":"Doom and Gloom","floor":6.0,"key":"SMITH"},{"floor":12.0,"key":"REST"},{"data":"Cold Snap","floor":15.0,"key":"SMITH"},{"data":"Amplify","floor":23.0,"key":"SMITH"},{"data":"Ghostly","floor":25.0,"key":"SMITH"}],"circlet_count":0,"master_deck":["AscendersBane","Strike_B","Strike_B","Strike_B","Defend_B","Defend_B","Defend_B","Defend_B","Zap","Dualcast","Rip and Tear+1","Cold Snap+1","Doom and Gloom+1","Machine Learning","Loop+1","Capacitor+1","Amplify+1","Electrodynamics+1","Ghostly+1","Ghostly","Ghostly","Genetic Algorithm+1","Ball Lightning","Coolheaded+1","Coolheaded+1"],"relics":["Cracked Core","NeowsBlessing","FaceOfCleric","Akabeko","Frozen Egg 2","CaptainsWheel","OrangePellets","Sundial","Philosopher\u0027s Stone","Toxic Egg 2","MawBank"],"acts_visited":["Exordium","TheCity"],"potions_floor_usage":[29],"damage_taken":[{"damage":0.0,"enemies":"Small Slimes","floor":1.0,"turns":1.0},{"damage":0.0,"enemies":"Cultist","floor":3.0,"turns":1.0},{"damage":0.0,"enemies":"2 Louse","floor":4.0,"turns":1.0},{"damage":7.0,"enemies":"Exordium Wildlife","floor":5.0,"turns":4.0},{"damage":30.0,"enemies":"Gremlin Nob","floor":7.0,"turns":4.0},{"damage":25.0,"enemies":"Lagavulin","floor":11.0,"turns":5.0},{"damage":6.0,"enemies":"Gremlin Nob","floor":14.0,"turns":3.0},{"damage":13.0,"enemies":"Slime Boss","floor":16.0,"turns":6.0},{"damage":0.0,"enemies":"Chosen","floor":18.0,"turns":3.0},{"damage":0.0,"enemies":"3 Byrds","floor":21.0,"turns":1.0},{"damage":1.0,"enemies":"3 Cultists","floor":22.0,"turns":5.0},{"damage":22.0,"enemies":"Gremlin Leader","floor":24.0,"turns":6.0},{"damage":0.0,"enemies":"Snecko","floor":27.0,"turns":4.0},{"damage":3.0,"enemies":"Snake Plant","floor":28.0,"turns":3.0},{"damage":30,"enemies":"Book of Stabbing","floor":29,"turns":6}],"seed_played":"3603913703790336450","potions_obtained":[{"floor":5.0,"key":"LiquidBronze"},{"floor":11.0,"key":"AttackPotion"},{"floor":14.0,"key":"LiquidMemories"},{"floor":21.0,"key":"Regen Potion"},{"floor":24.0,"key":"SmokeBomb"},{"floor":27.0,"key":"Weak Potion"}],"is_trial":false,"path_per_floor":["M","?","M","M","M","R","E","?","T","?","E","R","$","E","R","B",null,"M","?","?","M","M","R","E","R","T","M","M","E"],"character_chosen":"DEFECT","items_purchased":["Capacitor+1","OrangePellets"],"campfire_rested":1,"item_purchase_floors":[13,13],"current_hp_per_floor":[64,64,65,66,60,60,31,31,31,31,7,29,29,24,24,12,62,63,39,39,40,40,40,31,31,31,32,30,0,0],"gold":328,"neow_bonus":"THREE_ENEMY_KILL","is_daily":false,"chose_seed":false,"campfire_upgraded":4,"win_rate":0.0,"timestamp":1608928932,"path_taken":["M","?","M","?","?","R","E","?","T","?","E","R","$","E","R","BOSS","M","?","?","M","M","R","E","R","T","M","?","E"],"items_purchased_type":["Card","Relic"],"build_version":"2020-12-22","purchased_purges":0,"victory":false,"max_hp_per_floor":[71,71,72,73,74,74,75,75,75,75,76,76,76,77,77,78,78,79,39,39,40,41,41,42,42,42,43,44,44,44],"relic_stats":{"OrangePellets":[3],"FaceOfCleric":13,"counters":[15,53],"Sundial":[2],"MawBank":36,"obtain_stats":[{"OrangePellets":13,"CaptainsWheel":11,"NeowsBlessing":0,"FaceOfCleric":2,"Sundial":14,"Philosopher\u0027s Stone":17,"Frozen Egg 2":9,"Toxic Egg 2":24,"Cracked Core":0,"MawBank":26,"Akabeko":7},{"OrangePellets":6,"CaptainsWheel":6,"NeowsBlessing":0,"FaceOfCleric":1,"Sundial":7,"Philosopher\u0027s Stone":8,"Frozen Egg 2":5,"Toxic Egg 2":12,"Cracked Core":0,"MawBank":12,"Akabeko":5},{"OrangePellets":16,"CaptainsWheel":16,"NeowsBlessing":0,"FaceOfCleric":1,"Sundial":19,"Philosopher\u0027s Stone":25,"Frozen Egg 2":11,"Toxic Egg 2":40,"Cracked Core":0,"MawBank":40,"Akabeko":11}]},"card_choices":[{"not_picked":["Conserve Battery","Barrage","Coolheaded"],"picked":"SKIP","floor":1.0},{"not_picked":["Stack","Leap"],"picked":"Rip and Tear","floor":3.0},{"not_picked":["Hologram","Gash"],"picked":"Cold Snap","floor":4.0},{"not_picked":["Rip and Tear","Rebound"],"picked":"Doom and Gloom","floor":5.0},{"not_picked":["Blizzard","Steam Power"],"picked":"Machine Learning","floor":7.0},{"not_picked":["Coolheaded","Auto Shields"],"picked":"Loop+1","floor":11.0},{"not_picked":["Leap","Stack"],"picked":"Amplify","floor":14.0},{"not_picked":["Thunder Strike","Multi-Cast"],"picked":"Electrodynamics+1","floor":16.0},{"not_picked":["Leap","Barrage","Streamline"],"picked":"SKIP","floor":18.0},{"not_picked":["Beam Cell","Streamline"],"picked":"Genetic Algorithm+1","floor":21.0},{"not_picked":["Genetic Algorithm","Stack"],"picked":"Ball Lightning","floor":22.0},{"not_picked":["Redo+1","Sweeping Beam","Double Energy+1"],"picked":"SKIP","floor":24.0},{"not_picked":["Gash","Hologram+1"],"picked":"Coolheaded+1","floor":27.0},{"not_picked":["Redo+1","Ball Lightning"],"picked":"Coolheaded+1","floor":28.0}],"player_experience":1114054,"relics_obtained":[{"floor":7.0,"key":"Akabeko"},{"floor":9.0,"key":"Frozen Egg 2"},{"floor":11.0,"key":"CaptainsWheel"},{"floor":14.0,"key":"Sundial"},{"floor":24.0,"key":"Toxic Egg 2"},{"floor":26.0,"key":"MawBank"}],"event_choices":[{"damage_healed":0.0,"max_hp_gain":0.0,"max_hp_loss":0.0,"gold_gain":0.0,"event_name":"FaceTrader","player_choice":"Trade","floor":2.0,"gold_loss":0.0,"damage_taken":0.0,"relics_obtained":["FaceOfCleric"]},{"damage_healed":0.0,"max_hp_gain":0.0,"max_hp_loss":0.0,"gold_gain":0.0,"event_name":"Living Wall","player_choice":"Grow","floor":8.0,"gold_loss":0.0,"damage_taken":0.0,"cards_upgraded":["Rip and Tear"]},{"damage_healed":0.0,"max_hp_gain":0.0,"max_hp_loss":0.0,"gold_gain":0.0,"event_name":"Liars Game","player_choice":"Ignored","floor":10.0,"gold_loss":0.0,"damage_taken":0.0},{"damage_healed":0.0,"max_hp_gain":0.0,"max_hp_loss":40.0,"gold_gain":0.0,"event_name":"Ghosts","player_choice":"Became a Ghost","floor":19.0,"gold_loss":0.0,"damage_taken":0.0,"cards_obtained":["Ghostly","Ghostly","Ghostly"]},{"cards_removed":["Strike_B"],"damage_healed":0.0,"max_hp_gain":0.0,"max_hp_loss":0.0,"gold_gain":0.0,"event_name":"Purifier","player_choice":"Purged","floor":20.0,"gold_loss":0.0,"damage_taken":0.0}],"is_beta":false,"boss_relics":[{"not_picked":["Ectoplasm","Calling Bell"],"picked":"Philosopher\u0027s Stone"}],"items_purged_floors":[],"is_endless":false,"potions_floor_spawned":[5,11,14,21,24,27],"killed_by":"Book of Stabbing","ascension_level":20}}