{"host":"1bqbj1s4pyvm9utn","time":1608856835,"event":{"mods":["AchievementEnabler","Aspiration","Bard","BaseMod","Beaked The Cultist","Better Altar","Better Match","Better Note","Better Sensory Stone","Better Skull","Better Third Choice","BetterRewards","CCEM","Clawfect","Colored Map","Conspire","Downfall","GifTheSpireLib","Halation","Hermit","Highlight Path","Hubris","Humility","Infinite Spire","Jedi Mod","Jorbs\u0027s Wanderer Trilogy","Mad Scientist","Marisa????????","Mimic Mod","Minty Spire (QoL Compilation)","Permanent Neow","Shade Mod","Shop Mod","Spicy Shops","StSLib","Stuff the Spire","The Animator","The Bug Knight","The Construct","The Cursed","The Disciple","The Gatherer","The Hierophant","The Jungle","The Mystic","The Necromancer","The Problem Sleuth","The Runesmith","The Servant 0.9.4","everything is the same but u backflip on backflip","slay the spire mod where everything is the same but ironclad has a cowboy hat","vexMod"],"gold_per_floor":[109,120,120,80,99,99,116,127,164,114,94,94],"floor_reached":11,"playtime":1250,"items_purged":[],"score":65,"play_id":"816aa7a6-841f-47da-9d03-b5531fc96e7d","local_time":"20201224164035","is_ascension_mode":false,"campfire_choices":[{"data":"SatelliteIllusion","floor":6,"key":"SMITH"}],"circlet_count":0,"master_deck":["Madness","Strike_MRS","Strike_MRS","Strike_MRS","Strike_MRS","Defend_MRS","Defend_MRS","Defend_MRS","Defend_MRS","MasterSpark","UpSweep","SatelliteIllusion+1","EarthLightRay","IllusionStar","GalacticHalo","DC","BlazeAway","OortCloud","conspire:SpireCoStock"],"relics":["MiniHakkero","hubris:OldNail"],"acts_visited":["Exordium"],"potions_floor_usage":[7,8,9,11],"damage_taken":[{"damage":8,"enemies":"Jaw Worm","floor":1,"turns":4},{"damage":2,"enemies":"conspire:RoseBush","floor":2,"turns":3},{"damage":9,"enemies":"Cultist","floor":5,"turns":5},{"damage":3,"enemies":"conspire:2 RoseBushes","floor":7,"turns":4},{"damage":10,"enemies":"Looter","floor":8,"turns":2},{"damage":10,"enemies":"Lots of Slimes","floor":9,"turns":6},{"damage":118,"enemies":"Gremlin Nob","floor":11,"turns":6}],"seed_played":"-2232972812801658963","potions_obtained":[{"floor":4,"key":"hexamod:EctoCoolerPotion"},{"floor":4,"key":"FairyPotion"},{"floor":4,"key":"EssenceOfSteel"},{"floor":7,"key":"ColorlessPotion"},{"floor":8,"key":"Energy Potion"}],"is_trial":false,"path_per_floor":["M","M","?","?","M","R","M","M","MIM","?","E"],"character_chosen":"MARISA","items_purchased":[],"campfire_rested":0,"item_purchase_floors":[],"current_hp_per_floor":[60,62,62,62,57,57,58,54,48,48,0,0],"gold":94,"neow_bonus":"THREE_RARE_CARDS","is_daily":false,"chose_seed":false,"campfire_upgraded":1,"win_rate":0.0,"timestamp":1608856835,"path_taken":["M","M","?","?","?","R","M","M","MIM","?","E"],"items_purchased_type":[],"build_version":"2020-12-22","purchased_purges":0,"victory":false,"max_hp_per_floor":[68,68,68,68,68,68,68,68,68,68,68,68],"card_choices":[{"not_picked":["EscapeVelocity","ManaRampage"],"picked":"SatelliteIllusion","floor":0},{"not_picked":["GravityBeat","MagicAbsorber"],"picked":"EarthLightRay","floor":1},{"not_picked":["GrandCross","WitchLeyline"],"picked":"IllusionStar","floor":2},{"not_picked":["DarkSpark","StarlightTyphoon"],"picked":"GalacticHalo","floor":5},{"not_picked":["LuminesStrike","GalacticHalo"],"picked":"DC","floor":7},{"not_picked":["FairyDestructionRay","SatelliteIllusion"],"picked":"BlazeAway","floor":8},{"not_picked":["PowerUp","AsteroidBelt"],"picked":"OortCloud","floor":9}],"player_experience":885812,"relics_obtained":[{"floor":9,"key":"hubris:OldNail"}],"event_choices":[{"damage_healed":0,"gold_gain":0,"player_choice":"Bought 3 Potions","damage_taken":0,"max_hp_gain":0,"max_hp_loss":0,"event_name":"The Woman in Blue","floor":4,"gold_loss":0},{"damage_healed":0,"gold_gain":0,"player_choice":"Invest 1","damage_taken":0,"max_hp_gain":0,"max_hp_loss":0,"event_name":"conspire:Investor","floor":10,"gold_loss":0}],"is_beta":false,"boss_relics":[],"items_purged_floors":[],"is_endless":false,"potions_floor_spawned":[7,8],"killed_by":"Gremlin Nob","ascension_level":0}}