{"host":"2py7ki924ssbu6hl","time":1608929429,"event":{"mods":["Act Like it!","BaseMod","Better Match","CapriCore","Colored Powertips","Friendly Minions","Gensokyo","GifTheSpireLib","Minty Spire (QoL Compilation)","Rare Cards Sparkle","Relic Stats","RemiliaÅiÂQïƒ‰ª?Åj","StSLib","everything is the same but u backflip on backflip"],"gold_per_floor":[113,125,152,165,165,165,183,183,183,212,1,1,26,40,40,145,145,165,182,192,64,82,82,82],"floor_reached":23,"playtime":2146,"items_purged":[],"score":263,"play_id":"147834eb-afb8-473a-a0d5-b88f45d0cced","local_time":"20201225215029","is_ascension_mode":false,"campfire_choices":[{"data":"Gensokyo:CrescentMoonSlash","floor":6,"key":"SMITH"},{"data":"BatForm","floor":8,"key":"SMITH"},{"data":"BloodySeventeenLaser","floor":15,"key":"SMITH"}],"circlet_count":0,"master_deck":["Strike_RM","Strike_RM","Strike_RM","Strike_RM","Defend_RM","Defend_RM","Defend_RM","Defend_RM","RedMoon","ScarletShoot","ScarletImprint","HunterOfTheNight","BatForm+1","BombardNight","Gensokyo:CrescentMoonSlash+1","StarOfDavid","StarOfDavid","Maim+1","StarOfDavid","BloodySeventeenLaser+1","ScarletCoffin","BlasphemousPunishment+1","BloodHunter+1","ScarletDevil+1","Gensokyo:ScrapIron","Gensokyo:MysteriousEgg","BloodHunter+1","UnstableMagic+1"],"relics":["ScarletHat","Ginger","Kunai","Toxic Egg 2","Vajra","Shuriken","APieceOfRedMist"],"acts_visited":["Gensokyo:Gensokyo","Gensokyo:Gensokyoer"],"potions_floor_usage":[22,23,23],"damage_taken":[{"damage":0,"enemies":"Gensokyo:Gryphon","floor":1,"turns":4},{"damage":1,"enemies":"Gensokyo:Python","floor":2,"turns":4},{"damage":22,"enemies":"Gensokyo:Aya","floor":3,"turns":12},{"damage":0,"enemies":"Gensokyo:3_Fairies","floor":4,"turns":4},{"damage":9,"enemies":"Gensokyo:CorruptedTreant","floor":7,"turns":6},{"damage":0,"enemies":"Gensokyo:Aya","floor":10,"turns":5},{"damage":0,"enemies":"Gensokyo:Mamizou","floor":13,"turns":7},{"damage":0,"enemies":"Gensokyo:5_Fairies","floor":14,"turns":4},{"damage":6,"enemies":"Gensokyo:Reimu","floor":16,"turns":5},{"damage":0,"enemies":"Gensokyo:Chomper","floor":18,"turns":3},{"damage":9,"enemies":"Gensokyo:CosmicMonolith","floor":19,"turns":4},{"damage":23,"enemies":"Gensokyo:Slime_Group","floor":20,"turns":3},{"damage":20,"enemies":"Gensokyo:Swordslinger","floor":22,"turns":3},{"damage":39,"enemies":"Gensokyo:Tenshi","floor":23,"turns":2}],"seed_played":"-6935032026460035930","potions_obtained":[{"floor":2,"key":"SneckoOil"},{"floor":3,"key":"LiquidBronze"},{"floor":4,"key":"Weak Potion"},{"floor":14,"key":"Block Potion"},{"floor":22,"key":"Strength Potion"}],"is_trial":false,"path_per_floor":["M","M","?","M","?","R","M","R","T","E","$","COS","E","M","R","B",null,"M","M","M","COS","M","E"],"character_chosen":"REMILIA","items_purchased":["Maim+1","Vajra"],"campfire_rested":0,"item_purchase_floors":[11,11],"current_hp_per_floor":[82,81,67,67,59,59,52,52,52,53,53,53,61,61,61,69,82,82,73,54,54,36,0,0],"gold":82,"neow_bonus":"TEN_PERCENT_HP_BONUS","is_daily":false,"chose_seed":false,"campfire_upgraded":3,"win_rate":0.0,"timestamp":1608929429,"path_taken":["M","M","?","M","?","R","M","R","T","E","?","COS","E","?","R","BOSS","M","M","M","COS","M","E"],"items_purchased_type":["Card","Relic"],"build_version":"2020-12-22","purchased_purges":0,"victory":false,"max_hp_per_floor":[82,82,82,82,82,82,82,82,82,82,82,82,82,82,82,82,82,82,82,82,82,82,82,82],"relic_stats":{"counters":[14,66],"Shuriken":[8],"Ginger":[8],"Kunai":[15],"obtain_stats":[{"APieceOfRedMist":17,"Shuriken":13,"Vajra":11,"Ginger":3,"Kunai":9,"Toxic Egg 2":10,"ScarletHat":0},{"APieceOfRedMist":9,"Shuriken":7,"Vajra":6,"Ginger":3,"Kunai":5,"Toxic Egg 2":6,"ScarletHat":0},{"APieceOfRedMist":51,"Shuriken":42,"Vajra":35,"Ginger":20,"Kunai":30,"Toxic Egg 2":35,"ScarletHat":0}]},"card_choices":[{"not_picked":["UnderTheZenith","EmergencyRegeneration"],"picked":"ScarletImprint","floor":1},{"not_picked":["UnderTheZenith","BloodHunter"],"picked":"HunterOfTheNight","floor":2},{"not_picked":["ScarletGensokyo","BombardNight"],"picked":"BatForm","floor":3},{"not_picked":["MastersStateliness","RedRainbow"],"picked":"BombardNight","floor":4},{"not_picked":["ScarletSymphony","ScarletImprint"],"picked":"StarOfDavid","floor":7},{"not_picked":["EndlessAdversity","RedRainbow"],"picked":"StarOfDavid","floor":10},{"not_picked":["NightLord","ScarletDevil"],"picked":"StarOfDavid","floor":13},{"not_picked":["FavorOfDestiny+1","ScarletDream+1"],"picked":"BloodySeventeenLaser","floor":14},{"not_picked":["BatForm","HellCatastrophe"],"picked":"ScarletCoffin","floor":16},{"not_picked":["MastersStateliness","CharismaGuard+1"],"picked":"BlasphemousPunishment+1","floor":18},{"not_picked":["TwelveNightmare","ChainGang"],"picked":"BloodHunter+1","floor":19},{"not_picked":["ScarletNetherworld+1","Stigmanizer"],"picked":"ScarletDevil+1","floor":20},{"not_picked":["BombardNight+1","BlasphemousPunishment+1"],"picked":"BloodHunter+1","floor":22},{"not_picked":["ScarletImprint","QueenOfMidnight"],"picked":"UnstableMagic+1","floor":22}],"player_experience":236664,"relics_obtained":[{"floor":3,"key":"Ginger"},{"floor":9,"key":"Kunai"},{"floor":10,"key":"Toxic Egg 2"},{"floor":13,"key":"Shuriken"}],"event_choices":[],"is_beta":false,"boss_relics":[{"not_picked":["Calling Bell","Runic Dome"],"picked":"APieceOfRedMist"}],"items_purged_floors":[],"is_endless":false,"potions_floor_spawned":[2,3,4,14,16,20,22],"killed_by":"Gensokyo:Tenshi","ascension_level":0}}