{"host":"ldbx2jhnvtia1ouf","time":1608894319,"event":{"mods":["BaseMod","Better Note","Better Sensory Stone","Better Skull","Better Third Choice","Block Reminder","Colored Map","Colored Powertips","Curses Come First","Highlight Path","Minty Spire (QoL Compilation)","Permanent Neow","Spicy Shops","StSLib","Transform Curses","Unceasing Turn Reminder"],"gold_per_floor":[117,133,148,148,223,256,256,276,324,324,324],"floor_reached":10,"playtime":419,"items_purged":[],"score":68,"play_id":"993ef49c-6adb-4098-a7cf-6c1ad0a41fd1","local_time":"20201225210519","is_ascension_mode":false,"campfire_choices":[{"floor":7,"key":"REST"}],"circlet_count":0,"master_deck":["Strike_G","Strike_G","Strike_G","Strike_G","Strike_G","Defend_G","Defend_G","Defend_G","Defend_G","Defend_G","Survivor","Neutralize","Flying Knee","Deflect","Bouncing Flask"],"relics":["Ring of the Snake","Tiny Chest","HornCleat"],"acts_visited":["Exordium"],"potions_floor_usage":[6],"damage_taken":[{"damage":1,"enemies":"2 Louse","floor":1,"turns":3},{"damage":2,"enemies":"Jaw Worm","floor":2,"turns":3},{"damage":0,"enemies":"Small Slimes","floor":3,"turns":4},{"damage":30,"enemies":"3 Sentries","floor":6,"turns":12},{"damage":2,"enemies":"Blue Slaver","floor":8,"turns":4},{"damage":51,"enemies":"Gremlin Nob","floor":10,"turns":4}],"seed_played":"4205341513986509300","potions_obtained":[{"floor":3,"key":"PowerPotion"},{"floor":6,"key":"Ancient Potion"}],"is_trial":false,"path_per_floor":["M","M","M","?","?","E","R","M","T","E"],"character_chosen":"THE_SILENT","items_purchased":[],"campfire_rested":1,"item_purchase_floors":[],"current_hp_per_floor":[69,67,67,72,61,31,53,51,51,0,0],"gold":324,"neow_bonus":"RANDOM_COMMON_RELIC","is_daily":false,"chose_seed":false,"campfire_upgraded":0,"win_rate":0.0,"timestamp":1608894319,"path_taken":["M","M","M","?","?","E","R","M","T","E"],"items_purchased_type":[],"build_version":"2020-12-22","purchased_purges":0,"victory":false,"max_hp_per_floor":[70,70,70,75,75,75,75,75,75,75,75],"card_choices":[{"not_picked":["Endless Agony","Well Laid Plans"],"picked":"Flying Knee","floor":1},{"not_picked":["Outmaneuver","Backflip"],"picked":"Deflect","floor":2},{"not_picked":["Quick Slash","Blade Dance","Acrobatics"],"picked":"SKIP","floor":3},{"not_picked":["Blade Dance","Sucker Punch","Calculated Gamble"],"picked":"SKIP","floor":6},{"not_picked":["Blade Dance","Flying Knee"],"picked":"Bouncing Flask","floor":8}],"player_experience":73302,"relics_obtained":[{"floor":6,"key":"HornCleat"}],"event_choices":[{"damage_healed":0,"gold_gain":0,"player_choice":"Donut","damage_taken":0,"max_hp_gain":5,"max_hp_loss":0,"event_name":"Big Fish","floor":4,"gold_loss":0},{"damage_healed":0,"gold_gain":75,"player_choice":"Gold","damage_taken":11,"max_hp_gain":0,"max_hp_loss":0,"event_name":"betterThird:BetterGoop","floor":5,"gold_loss":0}],"is_beta":false,"boss_relics":[],"items_purged_floors":[],"is_endless":false,"potions_floor_spawned":[3,6],"killed_by":"Gremlin Nob","ascension_level":0}}