{"host":"ujyomg7d1f18u2we","time":1608911501,"event":{"mods":["AchievementEnabler","AlwaysNeverKeys","Aspiration","BaseMod","Colored Map","DeckTracker","Gremlin Skip","Highlight Path","Hubris","Minty Spire (QoL Compilation)","Quick Restart","Random Character Button","StSLib"],"gold_per_floor":[110,110,110,110,128,128,172,247,247,267,267,267,124,142,142,262,262,277,300,390,409,432,432,117,136,163,163,202,202,240,265,265,388,451,471,491,507,45,45,45,63,63,115,134,134,12,27,41,41,41,41],"floor_reached":50,"playtime":1355,"items_purged":["Strike_R"],"score":584,"play_id":"f55029a3-557b-4d5f-87ca-db59292e9816","local_time":"20201225125141","is_ascension_mode":false,"campfire_choices":[{"data":"Armaments","floor":6.0,"key":"SMITH"},{"data":"Spot Weakness","floor":11.0,"key":"SMITH"},{"data":"Shrug It Off","floor":15.0,"key":"SMITH"},{"floor":23.0,"key":"REST"},{"data":"Berserk","floor":27.0,"key":"SMITH"},{"floor":32.0,"key":"REST"},{"data":"hubris:EnhanceAbility","floor":40,"key":"SMITH"},{"data":"Bash","floor":45,"key":"SMITH"},{"floor":49,"key":"REST"}],"circlet_count":0,"master_deck":["Strike_R","Strike_R","Strike_R","Strike_R+1","Defend_R","Defend_R","Defend_R","Defend_R","Bash+1","Armaments+1","Spot Weakness+1","Shrug It Off+1","Berserk+1","Cleave+1","Twin Strike+1","Twin Strike+1","Heavy Blade+1","hubris:EnhanceAbility+1"],"relics":["Black Blood","NeowsBlessing","hubris:Towel","Molten Egg 2","Golden Idol","aspiration:ChemicalBlood","hubris:GlazedTorus","Blood Vial","Bottled Tornado","Boot","Singing Bowl","Ancient Tea Set","Tiny House","Oddly Smooth Stone","Lee\u0027s Waffle","hubris:TenFootPole"],"acts_visited":["Exordium","TheCity","TheBeyond"],"potions_floor_usage":[35,36,37,41,41,41,44,44,48,48,50,50,50,50,50,50],"damage_taken":[{"damage":0.0,"enemies":"2 Louse","floor":1.0,"turns":1.0},{"damage":0.0,"enemies":"Jaw Worm","floor":5.0,"turns":1.0},{"damage":0.0,"enemies":"3 Sentries","floor":7.0,"turns":2.0},{"damage":0.0,"enemies":"Small Slimes","floor":10.0,"turns":3.0},{"damage":10.0,"enemies":"Looter","floor":14.0,"turns":3.0},{"damage":30.0,"enemies":"Hexaghost","floor":16.0,"turns":10.0},{"damage":37.0,"enemies":"Spheric Guardian","floor":18.0,"turns":6.0},{"damage":52.0,"enemies":"3 Byrds","floor":19.0,"turns":5.0},{"damage":12.0,"enemies":"Centurion and Healer","floor":21.0,"turns":5.0},{"damage":31.0,"enemies":"Cultist and Chosen","floor":22.0,"turns":7.0},{"damage":3.0,"enemies":"3 Cultists","floor":25.0,"turns":4.0},{"damage":40.0,"enemies":"Slavers","floor":28.0,"turns":5.0},{"damage":19.0,"enemies":"Gremlin Leader","floor":30.0,"turns":6.0},{"damage":30.0,"enemies":"Shelled Parasite and Fungi","floor":31.0,"turns":3.0},{"damage":41.0,"enemies":"Collector","floor":33.0,"turns":8.0},{"damage":15,"enemies":"3 Darklings","floor":35,"turns":5},{"damage":22,"enemies":"3 Shapes","floor":36,"turns":5},{"damage":0,"enemies":"Jaw Worm Horde","floor":37,"turns":1},{"damage":40,"enemies":"Writhing Mass","floor":41,"turns":5},{"damage":0,"enemies":"Transient","floor":44,"turns":5},{"damage":1,"enemies":"Jaw Worm Horde","floor":47,"turns":5},{"damage":20,"enemies":"Spire Growth","floor":48,"turns":5},{"damage":141,"enemies":"Donu and Deca","floor":50,"turns":9}],"seed_played":"-8266144433522053236","potions_obtained":[{"floor":1.0,"key":"Energy Potion"},{"floor":7.0,"key":"SteroidPotion"},{"floor":10.0,"key":"GamblersBrew"},{"floor":14.0,"key":"Energy Potion"},{"floor":14.0,"key":"DuplicationPotion"},{"floor":18.0,"key":"Regen Potion"},{"floor":19.0,"key":"Explosive Potion"},{"floor":22.0,"key":"BloodPotion"},{"floor":33.0,"key":"SteroidPotion"},{"floor":34,"key":"AttackPotion"},{"floor":36,"key":"Block Potion"},{"floor":41,"key":"Block Potion"},{"floor":47,"key":"SpeedPotion"},{"floor":48,"key":"BloodPotion"},{"floor":48,"key":"EssenceOfSteel"}],"is_trial":false,"path_per_floor":["M","?","?","?","M","R","E","?","T","M","R","?","$","M","R","B",null,"M","M","?","M","M","R","$","M","T","R","E","?","E","M","R","B",null,"M","M","M","$","?","R","M","?","T","M","R","$","M","M","R","B"],"character_chosen":"IRONCLAD","items_purchased":["Blood Vial","Bottled Tornado","Oddly Smooth Stone","Lee\u0027s Waffle","hubris:EnhanceAbility","LiquidMemories","SteroidPotion"],"campfire_rested":3,"item_purchase_floors":[13,24,38,38,38,46,46],"current_hp_per_floor":[80,80,80,60,66,66,72,61,61,67,67,67,67,65,65,43,80,71,45,33,35,18,58,58,69,69,69,45,82,75,59,82,55,91,90,84,97,104,104,104,78,78,78,94,94,94,109,104,112,0,0],"gold":41,"neow_bonus":"THREE_ENEMY_KILL","is_daily":false,"chose_seed":false,"campfire_upgraded":6,"win_rate":0.0,"timestamp":1608911501,"path_taken":["M","?","?","?","?","R","E","?","T","M","R","?","?","M","R","BOSS","M","M","?","?","M","R","$","M","T","R","E","?","E","M","R","BOSS","M","M","?","$","?","R","M","?","T","M","R","$","M","M","R","BOSS"],"items_purchased_type":["Relic","Relic","Relic","Relic","Card","Potion","Potion"],"build_version":"2020-12-22","purchased_purges":1,"victory":false,"max_hp_per_floor":[80,80,80,80,80,80,80,80,80,80,80,80,80,80,80,80,80,80,80,80,80,80,80,80,80,80,80,82,82,82,82,82,84,91,93,95,97,104,104,104,106,106,106,108,108,108,110,112,112,112,112],"card_choices":[{"not_picked":["Infernal Blade","Clothesline","hubris:ReadiedAction"],"picked":"SKIP","floor":1.0},{"not_picked":["Burning Pact","Havoc"],"picked":"Armaments","floor":5.0},{"not_picked":["Heavy Blade+1","Rupture"],"picked":"Spot Weakness","floor":7.0},{"not_picked":["Havoc","hubris:SharpeningStone","Combust"],"picked":"SKIP","floor":10.0},{"not_picked":["Fiend Fire+1","Flame Barrier"],"picked":"Shrug It Off","floor":14.0},{"not_picked":["Demon Form","Juggernaut"],"picked":"Berserk","floor":16.0},{"not_picked":["hubris:ReadiedAction","Wild Strike+1"],"picked":"Cleave+1","floor":18.0},{"not_picked":["Flex","Warcry+1"],"picked":"Twin Strike+1","floor":19.0},{"not_picked":["Seeing Red","Sentinel"],"picked":"Metallicize+1","floor":21.0},{"not_picked":["Combust+1","Warcry+1","Clothesline+1"],"picked":"SKIP","floor":22.0},{"not_picked":["Wild Strike+1","Armaments","Thunderclap+1"],"picked":"SKIP","floor":25.0},{"not_picked":["Reaper+1","Blood for Blood+1","Rampage+1"],"picked":"Singing Bowl","floor":28.0},{"not_picked":["Juggernaut","Warcry"],"picked":"Twin Strike+1","floor":30.0},{"not_picked":["Clash+1","Warcry"],"picked":"Heavy Blade+1","floor":31.0},{"not_picked":["hubris:StunningStrike+1","Impervious","Fiend Fire+1"],"picked":"Singing Bowl","floor":33.0},{"not_picked":["Perfected Strike+1","True Grit","Headbutt+1"],"picked":"Singing Bowl","floor":34},{"not_picked":["Warcry+1","Twin Strike+1","Bloodletting"],"picked":"Singing Bowl","floor":35},{"not_picked":["Shockwave","Clothesline+1","True Grit"],"picked":"Singing Bowl","floor":36},{"not_picked":["Ghostly Armor","Carnage+1","Body Slam+1"],"picked":"Singing Bowl","floor":37},{"not_picked":["Havoc","Pommel Strike+1","hubris:SharpeningStone"],"picked":"Singing Bowl","floor":41},{"not_picked":["Headbutt+1","Clothesline+1","Hemokinesis+1"],"picked":"Singing Bowl","floor":44},{"not_picked":["Thunderclap+1","Clothesline+1","Sentinel"],"picked":"Singing Bowl","floor":47},{"not_picked":["Evolve+1","Havoc+1","True Grit"],"picked":"Singing Bowl","floor":48}],"player_experience":1562694,"relics_obtained":[{"floor":7.0,"key":"aspiration:ChemicalBlood"},{"floor":9.0,"key":"hubris:GlazedTorus"},{"floor":26.0,"key":"Boot"},{"floor":28.0,"key":"Singing Bowl"},{"floor":30.0,"key":"Ancient Tea Set"},{"floor":43,"key":"hubris:TenFootPole"}],"event_choices":[{"damage_healed":0.0,"max_hp_gain":0.0,"max_hp_loss":0.0,"gold_gain":0.0,"event_name":"Golden Idol","player_choice":"Take Damage","floor":4.0,"gold_loss":0.0,"damage_taken":20.0,"relics_obtained":["Golden Idol"]},{"damage_healed":0.0,"max_hp_gain":0.0,"max_hp_loss":0.0,"gold_gain":75.0,"event_name":"World of Goop","player_choice":"Gather Gold","floor":8.0,"gold_loss":0.0,"damage_taken":11.0},{"cards_removed":["Injury"],"damage_healed":0.0,"max_hp_gain":0.0,"max_hp_loss":0.0,"gold_gain":0.0,"event_name":"Living Wall","player_choice":"Forget","floor":12.0,"gold_loss":0.0,"damage_taken":0.0},{"damage_healed":0.0,"max_hp_gain":0.0,"max_hp_loss":0.0,"gold_gain":90.0,"event_name":"Knowing Skull","player_choice":"GOLD ","floor":20.0,"potions_obtained":[],"gold_loss":0.0,"damage_taken":12.0,"cards_obtained":[]},{"cards_removed":["Metallicize"],"damage_healed":37.0,"max_hp_gain":0.0,"max_hp_loss":0.0,"gold_gain":0.0,"event_name":"Bonfire Elementals","player_choice":"Offered Uncommon","floor":29.0,"gold_loss":0.0,"damage_taken":0.0},{"damage_healed":0,"gold_gain":0,"player_choice":"Ignored","damage_taken":0,"max_hp_gain":0,"max_hp_loss":0,"event_name":"Mysterious Sphere","floor":39,"gold_loss":0}],"is_beta":false,"boss_relics":[{"not_picked":["Fusion Hammer","Pandora\u0027s Box"],"picked":"Black Blood"},{"not_picked":["aspiration:WatcherSkillbook","hubris:VirtuousBlindfold"],"picked":"Tiny House"}],"items_purged_floors":[24],"is_endless":false,"potions_floor_spawned":[1,7,10,14,18,19,22,33,36,41,47,48],"killed_by":"Donu and Deca","ascension_level":0}}