{"host":"tjjuwi3liievx0vu","time":1608887893,"event":{"mods":["BaseMod","Colored Map","Downfall","Minty Spire (QoL Compilation)","StSLib"],"gold_per_floor":[99,116,23,23,36,99,99,127,52,202,249,274,115,133,151,251,251,176,176,10,10,30,30,82,82,82,82],"floor_reached":26,"playtime":1448,"items_purged":["Slimebound:Icky"],"score":221,"play_id":"5914dd1c-dc23-49eb-8848-774004d86694","local_time":"20201225101813","is_ascension_mode":true,"campfire_choices":[{"floor":1,"key":"RECALL"},{"floor":9,"key":"REST"},{"data":"champ:FalseCounter","floor":18,"key":"SMITH"},{"data":"champ:StanceDance","floor":23,"key":"SMITH"},{"data":"champ:SkillfulDodge","floor":25,"key":"SMITH"}],"circlet_count":0,"master_deck":["champ:Strike","champ:Strike","champ:Strike","champ:Defend","champ:Defend","champ:Defend","champ:Defend","champ:Execute","champ:Taunt+1","champ:DefensiveStyle","champ:SkillfulDodge+1","champ:RapidStrikes","champ:Circumvent","champ:BringItOn","champ:DefensiveShout","champ:Control+1","champ:FalseCounter+1","champ:StanceDance+1","champ:StrikeOfGenius","champ:AdrenalArmor+1","champ:ShieldWall","champ:SkillfulDodge+1","champ:TornadoPunch"],"relics":["champ:ChampionCrownUpgraded","Pear","Letter Opener","Oddly Smooth Stone","downfall:HeartBlessingRed","Juzu Bracelet","downfall:HeartBlessingGreen","downfall:RedIOU","War Paint"],"acts_visited":["Exordium","TheCity"],"potions_floor_usage":[16,16],"damage_taken":[{"damage":10,"enemies":"Cultist","floor":2,"turns":4},{"damage":10,"enemies":"downfall:FleeingMerchant","floor":3,"turns":4},{"damage":8,"enemies":"Jaw Worm","floor":5,"turns":4},{"damage":36,"enemies":"Gremlin Nob","floor":6,"turns":6},{"damage":38,"enemies":"Gremlin Nob","floor":8,"turns":6},{"damage":17,"enemies":"3 Sentries","floor":12,"turns":14},{"damage":5,"enemies":"downfall:FleeingMerchant","floor":13,"turns":4},{"damage":0,"enemies":"Small Slimes","floor":14,"turns":2},{"damage":11,"enemies":"Gremlin Gang","floor":15,"turns":4},{"damage":19,"enemies":"downfall:Silent","floor":16,"turns":10},{"damage":8,"enemies":"downfall:FleeingMerchant","floor":20,"turns":4},{"damage":13,"enemies":"Spheric Guardian","floor":22,"turns":5},{"damage":59,"enemies":"Gremlin Leader","floor":26,"turns":5}],"seed_played":"-2815470766946675026","potions_obtained":[{"floor":6,"key":"Ancient Potion"},{"floor":12,"key":"Energy Potion"},{"floor":15,"key":"Regen Potion"}],"is_trial":false,"path_per_floor":["R","M","$","?","M","?","T","E","R","?","T","E","$","M","M","B",null,"R","?","$","?","M","R","T","R","E"],"character_chosen":"THE_CHAMP","items_purchased":["champ:SkillfulDodge","champ:Control","champ:ShieldWall","champ:SkillfulDodge"],"campfire_rested":1,"item_purchase_floors":[3,13,20,20],"current_hp_per_floor":[90,90,90,90,87,61,61,28,58,58,58,41,41,41,30,26,100,100,100,92,57,51,51,51,51,0,0,0],"gold":82,"neow_bonus":"UPGRADE_CARD","is_daily":false,"chose_seed":false,"campfire_upgraded":3,"win_rate":0.0,"timestamp":1608887893,"path_taken":["R","M","$","?","M","?","T","E","R","?","?","E","$","M","M","BOSS","R","?","$","?","M","R","T","R","E"],"items_purchased_type":["Card","Card","Card","Card"],"build_version":"2020-12-22","purchased_purges":1,"victory":false,"max_hp_per_floor":[90,90,90,90,90,100,100,100,100,100,100,100,100,100,100,100,100,100,100,100,100,100,100,100,100,100,100,100],"card_choices":[{"not_picked":["champ:CalledShot","champ:Backstep"],"picked":"champ:DefensiveStyle","floor":2},{"not_picked":["champ:FightOn","champ:FaceSlap","champ:PerfectedStrike"],"picked":"SKIP","floor":3},{"not_picked":["champ:Duel","champ:Lariat"],"picked":"champ:RapidStrikes","floor":5},{"not_picked":["champ:PerfectedStrike","champ:GladiatorStyle"],"picked":"champ:Circumvent","floor":6},{"not_picked":["champ:GutPunch","champ:FightOn"],"picked":"champ:BringItOn","floor":8},{"not_picked":["champ:GladiatorStyle","champ:Haymaker"],"picked":"champ:DefensiveShout","floor":12},{"not_picked":["champ:BringItOn","champ:AdrenalArmor","champ:FaceSlap"],"picked":"SKIP","floor":13},{"not_picked":["champ:PerfectedStrike","champ:BladeFlurry"],"picked":"champ:FalseCounter","floor":14},{"not_picked":["champ:BerserkersShout","champ:DefensiveShout"],"picked":"champ:StanceDance","floor":15},{"not_picked":["champ:IgnorePain","champ:PerfectForm"],"picked":"champ:StrikeOfGenius","floor":16},{"not_picked":["champ:DefensiveShout","champ:BerserkersShout"],"picked":"champ:AdrenalArmor+1","floor":20},{"not_picked":["champ:BladeFlurry+1","champ:Backstep"],"picked":"champ:TornadoPunch","floor":22}],"player_experience":804975,"relics_obtained":[{"floor":6,"key":"Pear"},{"floor":7,"key":"Letter Opener"},{"floor":8,"key":"Oddly Smooth Stone"},{"floor":11,"key":"Juzu Bracelet"},{"floor":12,"key":"sneckomod:BlankCard"},{"floor":24,"key":"War Paint"}],"event_choices":[],"is_beta":false,"boss_relics":[{"not_picked":["Runic Dome","Velvet Choker"],"picked":"champ:ChampionCrownUpgraded"}],"items_purged_floors":[13],"is_endless":false,"potions_floor_spawned":[6,12,15],"killed_by":"Gremlin Leader","ascension_level":1}}