{"host":"gx04ak8ofzo346nl","time":1608874550,"event":{"mods":["Bard","BaseMod","Colored Map","Conspire","Googly Eyes","Highlight Path","Minty Spire (QoL Compilation)","Replay The Spire","StSLib","The Servant 0.9.4"],"gold_per_floor":[119,132,152,166,183,208,208,208,208,218,229,264,284,298,298,402,402,415,415,415,415,415,415,463,476,531,49,49,49,77,87,87,185,185,205,278,295,295,195,195,248,248,248,1,1,13,29,64,64,64,64,64,12,39,39,39],"floor_reached":55,"playtime":5409,"items_purged":["Writhe","ReplayTheSpireMod:Splinters"],"score":627,"play_id":"e7cc83c0-2281-424b-a7ef-9be8df739089","local_time":"20201224213550","is_ascension_mode":false,"campfire_choices":[{"data":"bard:ReverseGravity","floor":8,"key":"SMITH"},{"data":"bard:SplendidForm","floor":15,"key":"SMITH"},{"data":"bard:Wish","floor":23,"key":"SMITH"},{"data":"bard:Silence","floor":29,"key":"SMITH"},{"floor":32,"key":"RECALL"},{"data":"bard:MagnumOpus","floor":40,"key":"SMITH"},{"data":"bard:Rest","floor":42,"key":"SMITH"},{"data":"bard:Rest","floor":42,"key":"SMITH"},{"data":"bard:EnGarde","floor":49,"key":"SMITH"},{"data":"bard:HideousLaughter","floor":49,"key":"SMITH"},{"data":"bard:GuardPoint","floor":52,"key":"SMITH"},{"data":"bard:Riposte","floor":52,"key":"SMITH"}],"circlet_count":0,"master_deck":["conspire:GhostlyStrike","conspire:GhostlyStrike","conspire:GhostlyStrike","conspire:GhostlyStrike","conspire:GhostlyDefend","conspire:GhostlyDefend","conspire:GhostlyDefend","conspire:GhostlyDefend","bard:Riposte+1","bard:Inspire","bard:FirstStrike","bard:Silence+1","bard:HideousLaughter+1","bard:LocateObject","bard:ReverseGravity+1","bard:EnGarde+1","bard:Rest+1","bard:SplendidForm+1","bard:Rest+1","bard:Doot+1","bard:GuardPoint+1","bard:Sift","bard:MagnumOpus+1","bard:LocateObject","bard:Rest+1","bard:Accelerando","Bandage Up","Deep Breath","Deep Breath","bard:GuardPoint+1","Parasite","bard:LingeringPerformance+1"],"relics":["bard:SelfPlayingFlute","bard:BagPipes","ReplayTheSpireMod:Lightbulb","Onion Ring","Akabeko","conspire:SlowCooker","Peace Pipe","Bottled Lightning","Lee\u0027s Waffle","Replay:WaspNest","Replay:Arrowhead","conspire:DecoderRing","Membership Card","Pen Nib","Meat on the Bone","bard:OilPainting"],"acts_visited":["Exordium","TheCity","TheBeyond","TheEnding"],"potions_floor_usage":[4,6,18,30,31,35,37,41,41,41,48,50],"damage_taken":[{"damage":0,"enemies":"Cultist","floor":1,"turns":4},{"damage":0,"enemies":"Small Slimes","floor":2,"turns":3},{"damage":0,"enemies":"2 Louse","floor":3,"turns":2},{"damage":5,"enemies":"2 Fungi Beasts","floor":4,"turns":3},{"damage":1,"enemies":"Lots of Slimes","floor":5,"turns":3},{"damage":13,"enemies":"Gremlin Nob","floor":6,"turns":5},{"damage":9,"enemies":"Blue Slaver","floor":10,"turns":2},{"damage":3,"enemies":"3 Louse","floor":11,"turns":2},{"damage":9,"enemies":"3 Sentries","floor":12,"turns":3},{"damage":14,"enemies":"Large Slime","floor":13,"turns":4},{"damage":7,"enemies":"Exordium Thugs","floor":14,"turns":2},{"damage":10,"enemies":"Hexaghost","floor":16,"turns":6},{"damage":15,"enemies":"2 Thieves","floor":18,"turns":4},{"damage":12,"enemies":"3 Byrds","floor":25,"turns":3},{"damage":6,"enemies":"Book of Stabbing","floor":30,"turns":4},{"damage":15,"enemies":"Snake Plant","floor":31,"turns":3},{"damage":13,"enemies":"conspire:MysteriousRune","floor":33,"turns":7},{"damage":7,"enemies":"3 Darklings","floor":35,"turns":4},{"damage":8,"enemies":"Orb Walker","floor":37,"turns":5},{"damage":38,"enemies":"2 Orb Walkers","floor":41,"turns":5},{"damage":13,"enemies":"Writhing Mass","floor":46,"turns":6},{"damage":19,"enemies":"Sphere and 2 Shapes","floor":47,"turns":5},{"damage":37,"enemies":"Reptomancer","floor":48,"turns":7},{"damage":42,"enemies":"Replay:Hell Engine","floor":50,"turns":11},{"damage":44,"enemies":"Shield and Spear","floor":54,"turns":5},{"damage":104,"enemies":"The Heart","floor":55,"turns":8}],"seed_played":"-9152820410571690981","potions_obtained":[{"floor":3,"key":"SkillPotion"},{"floor":5,"key":"Reflective Coating"},{"floor":10,"key":"Elixir"},{"floor":12,"key":"Weak Potion"},{"floor":13,"key":"Explosive Potion"},{"floor":14,"key":"LifebloodPotion"},{"floor":18,"key":"SkillPotion"},{"floor":33,"key":"SkillPotion"},{"floor":36,"key":"SmokeBomb"},{"floor":36,"key":"ColorlessPotion"},{"floor":36,"key":"Toxic Potion"},{"floor":37,"key":"Death Potion"},{"floor":46,"key":"Reflective Coating"}],"is_trial":false,"path_per_floor":["M","M","M","M","M","E","?","R","T","M","M","E","M","M","R","B",null,"M","?","?","?","?","R","T","M","T","$","$","R","E","M","R","B",null,"M","?","M","?","$","R","?","R","T","$","?","M","M","E","R","B",null,"R","$","E","B"],"character_chosen":"BARD","items_purchased":["Bottled Lightning","Lee\u0027s Waffle","Membership Card","Pen Nib","Elixir","SmokeBomb"],"campfire_rested":0,"item_purchase_floors":[27,27,44,44,44,53],"current_hp_per_floor":[77,77,77,72,71,58,58,58,58,49,46,43,33,30,30,30,77,74,74,74,74,60,60,60,52,52,89,89,89,89,74,74,69,89,82,82,89,79,79,79,66,66,66,66,66,78,86,71,71,51,89,89,89,54,0,0],"gold":39,"neow_bonus":"TEN_PERCENT_HP_BONUS","is_daily":false,"chose_seed":false,"campfire_upgraded":11,"win_rate":0.0,"timestamp":1608874550,"path_taken":["M","M","M","M","M","E","?","R","T","M","M","E","M","M","R","BOSS","M","?","?","?","?","R","?","?","T","?","$","R","E","M","R","BOSS","M","?","M","?","?","R","?","R","T","$","?","M","M","E","R","BOSS","R","$","E","BOSS"],"items_purchased_type":["Relic","Relic","Relic","Relic","Potion","Potion"],"build_version":"2020-12-22","purchased_purges":2,"victory":false,"max_hp_per_floor":[77,77,77,77,77,77,77,77,77,77,77,77,77,77,77,77,77,77,77,77,77,82,82,82,82,82,89,89,89,89,89,89,89,89,89,89,89,89,89,89,89,89,89,89,89,89,89,89,89,89,89,89,89,89,89,89],"card_choices":[{"not_picked":["bard:FeastOnFear","bard:BucklerBash"],"picked":"bard:FirstStrike","floor":1},{"not_picked":["bard:QuickSong","bard:CuttingWords"],"picked":"bard:DeathMetal","floor":2},{"not_picked":["bard:Greatness","bard:Parry"],"picked":"bard:Silence","floor":3},{"not_picked":["bard:CuttingWords","bard:PhantasmalForce"],"picked":"bard:HideousLaughter","floor":4},{"not_picked":["bard:TinyHut","bard:GuardPoint"],"picked":"bard:LocateObject","floor":5},{"not_picked":["bard:Thunderwave","bard:GuardPoint"],"picked":"bard:ReverseGravity","floor":6},{"not_picked":["bard:StudiedStrike","bard:InspiringSong"],"picked":"bard:EnGarde","floor":10},{"not_picked":["bard:InspiringSong","bard:FeastOnFear"],"picked":"bard:Rest","floor":11},{"not_picked":["bard:PrismaticSpray","bard:SongBolt"],"picked":"bard:SplendidForm","floor":12},{"not_picked":["bard:LingeringEcho","bard:Flourish"],"picked":"bard:Rest","floor":13},{"not_picked":["bard:Aphasia","bard:CuttingWords","bard:ViciousMockery"],"picked":"SKIP","floor":14},{"not_picked":["bard:SplendidForm","bard:Haste"],"picked":"bard:Wish","floor":16},{"not_picked":["bard:LingeringPerformance","bard:Silence"],"picked":"bard:GuardPoint","floor":18},{"not_picked":["bard:PhantasmalForce+1","bard:ViciousMockery","bard:Gamble+1"],"picked":"SKIP","floor":25},{"not_picked":["bard:ViciousMockery+1","bard:FaerieFire"],"picked":"bard:Sift","floor":30},{"not_picked":["bard:ViciousMockery","bard:Parry","bard:PhantasmalForce"],"picked":"SKIP","floor":31},{"not_picked":["bard:BottledSong","bard:FingerOfDeath"],"picked":"bard:MagnumOpus","floor":33},{"not_picked":["bard:CuttingWords","bard:OffKey+1"],"picked":"bard:LocateObject","floor":35},{"not_picked":["bard:OffKey+1","bard:Thunderwave"],"picked":"bard:Rest+1","floor":36},{"not_picked":["bard:ViciousMockery","bard:FirstStrike"],"picked":"bard:Accelerando","floor":37},{"not_picked":["ReplayTheSpireMod:Uncanny Aura","Madness"],"picked":"Bandage Up","floor":38},{"not_picked":["Dramatic Entrance","Specialist"],"picked":"Deep Breath","floor":38},{"not_picked":["Magnetism","Replay:Sssssssssstrike"],"picked":"Deep Breath","floor":38},{"not_picked":["bard:SongBolt+1","bard:Accelerando"],"picked":"bard:GuardPoint+1","floor":41},{"not_picked":["bard:LingeringEcho+1","bard:EchoEcho","bard:PhantasmalForce+1"],"picked":"SKIP","floor":46},{"not_picked":["bard:Balestra","bard:GlyphOfWarding","bard:Parry+1"],"picked":"SKIP","floor":47},{"not_picked":["bard:Sift","bard:Demoralize"],"picked":"bard:LingeringPerformance+1","floor":48},{"not_picked":["bard:BestowCurse","bard:SongBolt+1","bard:CuttingWords+1"],"picked":"SKIP","floor":54}],"player_experience":183080,"relics_obtained":[{"floor":6,"key":"ReplayTheSpireMod:Lightbulb"},{"floor":9,"key":"Onion Ring"},{"floor":12,"key":"Akabeko"},{"floor":30,"key":"Replay:WaspNest"},{"floor":41,"key":"Replay:Arrowhead"},{"floor":43,"key":"conspire:DecoderRing"},{"floor":48,"key":"Meat on the Bone"},{"floor":54,"key":"bard:OilPainting"}],"event_choices":[{"damage_healed":0,"gold_gain":0,"player_choice":"Agree","damage_taken":0,"max_hp_gain":0,"max_hp_loss":0,"event_name":"conspire:LoneGhost","floor":7,"gold_loss":0},{"damage_healed":0,"gold_gain":0,"player_choice":"Leave","damage_taken":0,"max_hp_gain":0,"max_hp_loss":0,"event_name":"conspire:Investor","floor":21,"gold_loss":0},{"damage_healed":0,"gold_gain":0,"player_choice":"Shed Blood","damage_taken":19,"max_hp_gain":5,"max_hp_loss":0,"event_name":"Forgotten Altar","floor":22,"gold_loss":0},{"damage_healed":0,"gold_gain":0,"player_choice":"Memory 3","damage_taken":10,"max_hp_gain":0,"max_hp_loss":0,"event_name":"SensoryStone","floor":38,"gold_loss":0},{"damage_healed":0,"gold_gain":0,"player_choice":"Fight","damage_taken":0,"max_hp_gain":0,"max_hp_loss":0,"event_name":"Mysterious Sphere","floor":41,"gold_loss":0},{"cards_removed":["bard:DeathMetal"],"damage_healed":0,"gold_gain":0,"player_choice":"Removed Power","damage_taken":0,"max_hp_gain":0,"max_hp_loss":0,"event_name":"Falling","floor":45,"gold_loss":0}],"is_beta":false,"boss_relics":[{"not_picked":["Runic Dome","Philosopher\u0027s Stone"],"picked":"conspire:SlowCooker"},{"not_picked":["Abe\u0027s Treasure","ReplayTheSpireMod:DimensionalGlitch"],"picked":"bard:SelfPlayingFlute"}],"items_purged_floors":[27,39],"is_endless":false,"potions_floor_spawned":[3,5,10,12,13,14,18,33,37,46],"killed_by":"The Heart","ascension_level":0}}