{"host":"0azimyi6n3ugndj4","time":1608858010,"event":{"mods":["2.2 Compatiblity","BaseMod","Bestiary","Conspire","Curses Come First","Defuse TimeMaze Blight","Hyrulean Relics","Infinite Spire","Minty Spire (QoL Compilation)","Relic Stats","Replay The Spire","StSLib","SuperFastMode","Uncapped","¡¼?Úª?ø«¡½REMEMod"],"gold_per_floor":[147,147,171,121,169,169,94,197,197,197,197,29,126,162,437,684,684,751,701,739,883,883,979,979,550,550,550,550,550,269,337,337,583,583,658,722,722],"floor_reached":36,"playtime":802,"items_purged":[],"score":1168,"play_id":"665b69df-1539-46e9-850f-b66919609c75","local_time":"20201225100010","daily_mods":["SealedDeck","Hoarder","Insanity","Chimera","Specialized","Vintage","ControlledChaos","Allstar","Diverse","Colorless Cards","Heirloom","Time Dilation","Flight","Binary","Elite Swarm","Lethality","Midas","Night Terrors","Binary"],"is_ascension_mode":true,"campfire_choices":[{"floor":6,"key":"REST"},{"floor":32,"key":"DIG"}],"circlet_count":0,"master_deck":["Demon Form","Wraith Form v2","Echo Form","DevaForm","AscendersBane","Bash","Survivor","Zap","Strike_R","Strike_G","Strike_B","Defend_R","Defend_G","Defend_P","FTL","Replay:Battleflow","Cloak And Dagger","Turbo","EmptyFist","Body Slam","CutThroughFate","ReplayGash","Conserve Battery","Rebound","Outmaneuver","Prostrate","Streamline","Cleave","Havoc","SashWhip","SashWhip","Anger","Evaluate","Replay:Vibes","Halt","True Grit","Headbutt","Go for the Eyes","Consecrate","Weave","Cloak And Dagger","ThirdEye","LikeWater","Prostrate","Good Instincts","FlyingSleeves","REME_Compress","Perfected Strike","Deadly Poison","Redo","Anger","WindmillStrike","Conserve Battery","FlyingSleeves","Stack","Dagger Spray","Rebound","Replay:Hum","Anger","REME_SingleHolding","FlurryOfBlows","REME_Repentance","REME_Repentance","REME_Repentance","REME_Repentance","REME_Repentance","REME_Repentance","REME_Repentance","REME_Repentance","REME_Repentance","REME_Repentance","REME_Repentance","REME_Repentance","REME_Repentance","REME_Repentance","REME_Repentance","Steam","Steam","Steam","Cold Snap","Cold Snap","Cold Snap","Dagger Throw","Dagger Throw","Dagger Throw","Outmaneuver","Outmaneuver","Outmaneuver","Run Through","Run Through","Run Through","Outmaneuver","Outmaneuver","Outmaneuver","REME_Whirling","REME_Whirling","REME_Whirling","Cloak And Dagger","Cloak And Dagger","Cloak And Dagger","WheelKick","WheelKick","WheelKick","FollowUp","FollowUp","FollowUp","Heatsinks","Heatsinks","Heatsinks","conspire:SpireCoStock","conspire:SpireCoStock","conspire:SpireCoStock","Chill","Chill","Chill","Regret","Regret","Regret","Distraction+1","Distraction+1","Distraction+1","REME_Whirling+1","REME_Whirling+1","REME_Whirling+1","Defragment+1","Defragment+1","Defragment+1","Pain","Pain","Pain","Delirium","Delirium","Delirium"],"relics":["Cracked Core","Frozen Eye","Busted Crown","REME_ComplimentaryCards","infinitespire:CursedDice","Blue Doll","Mercury Hourglass","zeldaRelics:CourageTriforce","Art of War","zeldaRelics:WisdomTriforce","OrangePellets","Lizard Tail","Astrolabe","White Beast Statue","Chameleon Ring","Singing Bowl","zeldaRelics:Boomerang","REME_HourglassOfDeath","zeldaRelics:PowerPiece","Replay:Wax Seal","Snack Pack","InkBottle","Prayer Wheel","conspire:RunicOctahedron","infinitespire:Magic Flask"],"acts_visited":["Exordium","TheCity","TheBeyond"],"potions_floor_usage":[16,23,33,36],"damage_taken":[{"damage":14,"enemies":"Small Slimes","floor":1,"turns":2},{"damage":18,"enemies":"Jaw Worm","floor":5,"turns":3},{"damage":11,"enemies":"Lagavulin","floor":8,"turns":3},{"damage":0,"enemies":"Gremlin Nob","floor":13,"turns":2},{"damage":0,"enemies":"2 Louse","floor":14,"turns":1},{"damage":17,"enemies":"Fading Forest","floor":16,"turns":13},{"damage":4,"enemies":"Spheric Guardian","floor":18,"turns":3},{"damage":39,"enemies":"2 Thieves","floor":20,"turns":3},{"damage":33,"enemies":"Nightmare","floor":23,"turns":5},{"damage":0,"enemies":"Snecko","floor":31,"turns":2},{"damage":89,"enemies":"conspire:MysteriousRune","floor":33,"turns":5},{"damage":16,"enemies":"3 Shapes","floor":35,"turns":2},{"damage":36,"enemies":"infinitespire:Three Voidlings","floor":36,"turns":3},{"damage":24,"enemies":"Nightmare_Alpha","floor":36,"turns":2}],"seed_played":"-3582219049738253288","potions_obtained":[{"floor":1,"key":"Swift Potion"},{"floor":16,"key":"SteroidPotion"},{"floor":20,"key":"Reflective Coating"},{"floor":24,"key":"infinitespire:BlackPotion"},{"floor":24,"key":"LiquidBronze"},{"floor":27,"key":"FairyPotion"},{"floor":33,"key":"PotionOfCapacity"},{"floor":35,"key":"PowerPotion"}],"is_trial":true,"path_per_floor":["M","?","T","?","M","R","?","E","T","T","?","$","E","M","R","B",null,"M","?","M","?","?","NM","R","$","T","R","?","?","$","M","R","B",null,"M","?"],"character_chosen":"DEFECT","items_purchased":["OrangePellets","zeldaRelics:Boomerang","REME_HourglassOfDeath","Snack Pack"],"campfire_rested":1,"item_purchase_floors":[12,25,25,30],"current_hp_per_floor":[50,32,32,32,14,66,66,55,55,55,55,55,55,55,55,38,59,55,55,16,18,18,32,32,32,32,32,32,17,17,19,19,28,61,49,0,0],"gold":722,"neow_bonus":"","is_daily":false,"chose_seed":false,"campfire_upgraded":0,"win_rate":0.0,"timestamp":1608858010,"path_taken":["M","?","?","?","?","R","?","E","T","?","?","$","E","M","R","BOSS","M","?","?","?","?","NM","R","$","T","R","?","?","?","?","R","BOSS","M","?"],"items_purchased_type":["Relic","Relic","Relic","Relic"],"build_version":"2020-12-22","purchased_purges":0,"victory":false,"max_hp_per_floor":[71,71,71,71,71,66,66,66,66,66,66,66,66,66,66,66,66,66,66,66,68,68,70,70,70,70,70,70,72,72,72,72,72,72,72,72,72],"relic_stats":{"OrangePellets":[0],"Lizard Tail":34,"Busted Crown":26,"Singing Bowl":6,"counters":[14,47],"Astrolabe":["Distraction","REME_Whirling","Defragment"],"Prayer Wheel":0,"Art of War":[2],"obtain_stats":[{"zeldaRelics:Boomerang":25,"Singing Bowl":21,"Blue Doll":1,"zeldaRelics:WisdomTriforce":23,"Frozen Eye":0,"Lizard Tail":14,"Chameleon Ring":20,"Prayer Wheel":32,"zeldaRelics:CouragePiece":3,"Replay:Wax Seal":28,"Cracked Core":0,"zeldaRelics:PowerPiece":26,"InkBottle":31,"zeldaRelics:WisdomPiece":10,"infinitespire:CursedDice":0,"Astrolabe":17,"conspire:RunicOctahedron":34,"infinitespire:Magic Flask":35,"zeldaRelics:CourageTriforce":9,"White Beast Statue":18,"Mercury Hourglass":2,"OrangePellets":12,"Busted Crown":0,"REME_HourglassOfDeath":25,"Art of War":5,"Snack Pack":30,"REME_ComplimentaryCards":0},{"zeldaRelics:Boomerang":9,"Singing Bowl":8,"Blue Doll":1,"zeldaRelics:WisdomTriforce":9,"Frozen Eye":0,"Lizard Tail":5,"Chameleon Ring":8,"Prayer Wheel":10,"zeldaRelics:CouragePiece":1,"Replay:Wax Seal":9,"Cracked Core":0,"zeldaRelics:PowerPiece":9,"InkBottle":10,"zeldaRelics:WisdomPiece":3,"infinitespire:CursedDice":0,"Astrolabe":6,"conspire:RunicOctahedron":11,"infinitespire:Magic Flask":12,"zeldaRelics:CourageTriforce":3,"White Beast Statue":7,"Mercury Hourglass":1,"OrangePellets":3,"Busted Crown":0,"REME_HourglassOfDeath":9,"Art of War":2,"Snack Pack":9,"REME_ComplimentaryCards":0},{"zeldaRelics:Boomerang":35,"Singing Bowl":30,"Blue Doll":2,"zeldaRelics:WisdomTriforce":35,"Frozen Eye":0,"Lizard Tail":11,"Chameleon Ring":30,"Prayer Wheel":37,"zeldaRelics:CouragePiece":2,"Replay:Wax Seal":35,"Cracked Core":0,"zeldaRelics:PowerPiece":35,"InkBottle":37,"zeldaRelics:WisdomPiece":8,"infinitespire:CursedDice":0,"Astrolabe":24,"conspire:RunicOctahedron":41,"infinitespire:Magic Flask":43,"zeldaRelics:CourageTriforce":8,"White Beast Statue":27,"Mercury Hourglass":2,"OrangePellets":8,"Busted Crown":0,"REME_HourglassOfDeath":35,"Art of War":5,"Snack Pack":35,"REME_ComplimentaryCards":0}],"InkBottle":[6],"Mercury Hourglass":[186]},"card_choices":[{"not_picked":[],"picked":"Singing Bowl","floor":21},{"not_picked":["ReplayTheSpireMod:Black Plague","ReplayTheSpireMod:??????????????????????","infinitespire:Oblivion"],"picked":"Singing Bowl","floor":23},{"not_picked":["ReplayTheSpireMod:Haul","infinitespire:Execution","infinitespire:Menacing"],"picked":"Singing Bowl","floor":29}],"player_experience":1421621,"relics_obtained":[{"floor":1,"key":"Blue Doll"},{"floor":3,"key":"zeldaRelics:CouragePiece"},{"floor":5,"key":"Art of War"},{"floor":8,"key":"zeldaRelics:CouragePiece"},{"floor":9,"key":"zeldaRelics:CouragePiece"},{"floor":10,"key":"zeldaRelics:WisdomPiece"},{"floor":13,"key":"zeldaRelics:WisdomPiece"},{"floor":14,"key":"Lizard Tail"},{"floor":18,"key":"White Beast Statue"},{"floor":20,"key":"Chameleon Ring"},{"floor":21,"key":"Singing Bowl"},{"floor":23,"key":"zeldaRelics:WisdomPiece"},{"floor":26,"key":"zeldaRelics:PowerPiece"},{"floor":31,"key":"InkBottle"},{"floor":32,"key":"Prayer Wheel"},{"floor":35,"key":"infinitespire:Magic Flask"}],"event_choices":[{"damage_healed":0,"gold_gain":0,"player_choice":"Success","damage_taken":18,"relics_obtained":["Mercury Hourglass"],"max_hp_gain":0,"max_hp_loss":0,"event_name":"Scrap Ooze","floor":2,"gold_loss":0},{"damage_healed":0,"gold_gain":0,"player_choice":"Invest 1","damage_taken":0,"max_hp_gain":0,"max_hp_loss":0,"event_name":"conspire:Investor","floor":4,"gold_loss":0},{"cards_removed":["Eruption"],"damage_healed":0,"gold_gain":0,"player_choice":"Card Removal","damage_taken":0,"max_hp_gain":0,"max_hp_loss":0,"event_name":"The Cleric","floor":7,"gold_loss":75},{"damage_healed":0,"gold_gain":0,"player_choice":"1 cards matched","damage_taken":0,"max_hp_gain":0,"max_hp_loss":0,"event_name":"Match and Keep!","floor":11,"gold_loss":0,"cards_obtained":["Chill"]},{"damage_healed":0,"gold_gain":275,"player_choice":"Desecrate","damage_taken":0,"max_hp_gain":0,"max_hp_loss":0,"event_name":"Golden Shrine","floor":15,"gold_loss":0,"cards_obtained":["Regret"]},{"damage_healed":0,"gold_gain":0,"player_choice":"Bet on Murderer","damage_taken":0,"max_hp_gain":0,"max_hp_loss":0,"event_name":"The Joust","floor":19,"gold_loss":50},{"damage_healed":0,"gold_gain":0,"player_choice":"Ignored","damage_taken":0,"max_hp_gain":0,"max_hp_loss":0,"event_name":"Ghosts","floor":22,"gold_loss":0}],"is_beta":false,"boss_relics":[{"not_picked":["Abe\u0027s Treasure","conspire:RoyalGoblet"],"picked":"Astrolabe"},{"not_picked":["Replay:Drink Me","ChewingGum"],"picked":"conspire:RunicOctahedron"}],"items_purged_floors":[],"is_endless":true,"potions_floor_spawned":[1,16,20,31,33,35,36],"killed_by":"Nightmare_Alpha","ascension_level":20}}