{"host":"vfjw5z5u57sxa51v","time":1608906234,"event":{"mods":["AchievementEnabler","Act Like it!","Aspiration","BaseMod","Better Altar","Better Match","Better Note","Better Sensory Stone","Better Skull","Better Synergies","Better Third Choice","BetterRewards","CCEM","Colored Map","Conspire","Downfall","Duelist Mod","Ekko","GifTheSpireLib","GungeonMod","Halation","Hallownest","Highlight Path","Hubris","Hunter ??","Infinite Spire","Jedi Mod","Minty Spire (QoL Compilation)","Permanent Neow","Replay The Spire","Shade Mod","Shop Mod","Spicy Shops","StSLib","Stuff the Spire","The Bug Knight","The Death Knight","The Mystic","The Necromancer","The Runesmith","The Servant 0.9.4","Unceasing Turn Reminder","everything is the same but u backflip on backflip"],"gold_per_floor":[99,110,110,110,125,125,152,185,200,200,228,328,347,47,63,63,63,63],"floor_reached":16,"playtime":1561,"items_purged":[],"score":110,"play_id":"02e63d04-a176-40d9-949c-319ba6cdb208","local_time":"20201225152354","is_ascension_mode":false,"campfire_choices":[{"data":"Guardian:TwinSlam","floor":1,"key":"SMITH"},{"data":"Escape Plan","floor":6,"key":"SMITH"}],"circlet_count":0,"master_deck":["Guardian:Strike_Guardian","Guardian:Strike_Guardian","Guardian:Strike_Guardian","Guardian:Strike_Guardian","Guardian:Defend_Guardian","Guardian:Defend_Guardian","Guardian:Defend_Guardian","Guardian:CurlUp","Guardian:TwinSlam+1","Guardian:Recover","Escape Plan+1","Guardian:Repulse","Guardian:Gem_Lightblue","Guardian:Gem_Synthetic","Guardian:Gem_Lightblue","ReplayTheSpireMod:Scrap Shanks","Guardian:Planning","Guardian:Harden","Guardian:PiercingHide"],"relics":["m_BookOfShivs","halation:BlackBeret","infinitespire:Cubic Diamond","Juzu Bracelet","Guardian:PickAxe","halation:KoshaPiece","Pondfish Scales"],"acts_visited":["Exordium"],"potions_floor_usage":[15,16],"damage_taken":[{"damage":1,"enemies":"Cultist","floor":2,"turns":4},{"damage":0,"enemies":"2 Louse","floor":5,"turns":2},{"damage":4,"enemies":"Replay:BlueRogue","floor":8,"turns":7},{"damage":0,"enemies":"Jaw Worm","floor":9,"turns":3},{"damage":18,"enemies":"3 Sentries","floor":11,"turns":11},{"damage":0,"enemies":"Blue Slaver","floor":13,"turns":4},{"damage":0,"enemies":"downfall:FleeingMerchant","floor":14,"turns":4},{"damage":0,"enemies":"Exordium Thugs","floor":15,"turns":6},{"damage":38,"enemies":"downfall:Defect","floor":16,"turns":11}],"seed_played":"6866254079845143519","potions_obtained":[{"floor":5,"key":"Strength Potion"},{"floor":9,"key":"Fire Potion"},{"floor":13,"key":"jedi:StrikingPotion"},{"floor":15,"key":"Toxic Potion"}],"is_trial":false,"path_per_floor":["R","M","?","?","M","R","T","E","M","?","E","?","M","$","M","B"],"character_chosen":"GUARDIAN","items_purchased":["Pondfish Scales"],"campfire_rested":0,"item_purchase_floors":[14],"current_hp_per_floor":[72,71,71,71,71,71,71,67,67,55,37,37,37,37,37,0,0,0],"gold":63,"neow_bonus":"ONE_RARE_RELIC","is_daily":false,"chose_seed":false,"campfire_upgraded":2,"win_rate":0.0,"timestamp":1608906234,"path_taken":["R","M","?","?","?","R","T","E","M","?","E","?","M","$","M","BOSS"],"items_purchased_type":["Relic"],"build_version":"2020-12-22","purchased_purges":0,"victory":false,"max_hp_per_floor":[72,72,72,72,72,72,72,72,72,72,72,72,72,72,72,72,72,72],"card_choices":[{"not_picked":["Guardian:Planning","Guardian:Gem_Green"],"picked":"Guardian:Recover","floor":2},{"not_picked":["Guardian:RollAttack","Guardian:WalkerClaw"],"picked":"Escape Plan","floor":5},{"not_picked":["Guardian:PolyBeam","Guardian:PrismaticBarrier"],"picked":"Guardian:Repulse","floor":8},{"not_picked":["Guardian:CrystalBeam","Calculated Gamble"],"picked":"Guardian:Gem_Lightblue","floor":9},{"not_picked":["Guardian:GuardianWhirl","Guardian:TimeSifter"],"picked":"ReplayTheSpireMod:Scrap Shanks","floor":11},{"not_picked":["Guardian:PrimingBeam","Prepared"],"picked":"Guardian:Planning","floor":13},{"not_picked":["Hidden Blade","Calculated Gamble"],"picked":"Guardian:Harden","floor":14},{"not_picked":["Night Terror","Guardian:PrismaticBarrier"],"picked":"Guardian:PiercingHide","floor":15}],"player_experience":36962,"relics_obtained":[{"floor":8,"key":"Juzu Bracelet"},{"floor":11,"key":"halation:KoshaPiece"}],"event_choices":[],"is_beta":false,"boss_relics":[],"items_purged_floors":[],"is_endless":false,"potions_floor_spawned":[5,9,13,15],"killed_by":"downfall:Defect","ascension_level":0}}