{"host":"4w8ocelhatf0iefc","time":1608877919,"event":{"mods":["AchievementEnabler","Act Like it!","Aspiration","BaseMod","Colored Map","Colored Powertips","Hubris","Minty Spire (QoL Compilation)","Replay The Spire","StSLib"],"gold_per_floor":[119,119,69,69,84,84,113,113,138,173,173,184,184,195,195,297,297,313,313,234,250,266,297,297,317,317,319,319],"floor_reached":27,"playtime":1250,"items_purged":[],"score":403,"play_id":"0abb76e1-2094-4dc1-aaaf-706e92f7e166","local_time":"20201225143159","is_ascension_mode":true,"campfire_choices":[{"data":"Eruption","floor":6,"key":"SMITH"},{"data":"Replay:Vibes","floor":8,"key":"SMITH"},{"data":"PathToVictory","floor":11,"key":"SMITH"},{"data":"ReachHeaven","floor":13,"key":"SMITH"},{"data":"ReachHeaven","floor":24,"key":"SMITH"}],"circlet_count":0,"master_deck":["Defend_P+1","Eruption+1","Vigilance+1","ReachHeaven+1","Replay:Vibes+1","SandsOfTime","EmptyMind","ReachHeaven+1","Replay:AllIn","Protect+1","hubris:DuctTapeCard","Sanctity+1","Replay:Battleflow"],"relics":["PureWater","Damaru","Potion Belt","War Paint","aspiration:SecretTechniqueScroll","hubris:DuctTape","Replay:Bandana"],"acts_visited":["Exordium","TheCity"],"potions_floor_usage":[7,10,18,23,23],"damage_taken":[{"damage":3,"enemies":"2 Louse","floor":1,"turns":3},{"damage":0,"enemies":"Jaw Worm","floor":5,"turns":2},{"damage":0,"enemies":"Replay:BlueRogue","floor":7,"turns":3},{"damage":0,"enemies":"Gremlin Nob","floor":10,"turns":2},{"damage":0,"enemies":"Cultist","floor":12,"turns":2},{"damage":6,"enemies":"Lots of Slimes","floor":14,"turns":4},{"damage":0,"enemies":"Slime Boss","floor":16,"turns":3},{"damage":8,"enemies":"Shell Parasite","floor":18,"turns":3},{"damage":12,"enemies":"Chosen","floor":21,"turns":3},{"damage":0,"enemies":"3 Cultists","floor":22,"turns":5},{"damage":12,"enemies":"Gremlin Leader","floor":23,"turns":4},{"damage":4,"enemies":"Snecko","floor":25,"turns":5},{"damage":55,"enemies":"Slavers","floor":27,"turns":4}],"seed_played":"-2605643007353790998","potions_obtained":[{"floor":5,"key":"Strength Potion"},{"floor":7,"key":"Fire Potion"},{"floor":16,"key":"PowerPotion"},{"floor":21,"key":"Dexterity Potion"},{"floor":22,"key":"Death Potion"}],"is_trial":false,"path_per_floor":["M","?","?","?","M","R","E","R","T","E","R","M","R","M","R_BF","B",null,"M","?","?","M","M","E","R","M","T","E"],"character_chosen":"WATCHER","items_purchased":[],"campfire_rested":0,"item_purchase_floors":[],"current_hp_per_floor":[48,41,41,41,41,41,41,41,41,41,41,41,41,35,35,35,72,64,64,64,52,52,40,40,36,36,0,0],"gold":319,"neow_bonus":"REMOVE_TWO","is_daily":false,"chose_seed":false,"campfire_upgraded":5,"win_rate":0.0,"timestamp":1608877919,"path_taken":["M","?","?","?","?","R","E","R","T","E","R","?","R","M","R_BF","BOSS","M","?","?","?","M","E","R","M","T","E"],"items_purchased_type":[],"build_version":"2020-12-22","purchased_purges":0,"victory":false,"max_hp_per_floor":[72,72,72,72,72,72,72,72,72,72,72,72,72,72,72,72,72,72,72,72,72,72,72,72,72,72,72,72],"card_choices":[{"not_picked":["EmptyBody","CarveReality"],"picked":"ReachHeaven","floor":1},{"not_picked":["Replay:AtTheReady","Protect"],"picked":"Replay:Vibes","floor":5},{"not_picked":["Judgement","Replay:Anticipation"],"picked":"SandsOfTime","floor":7},{"not_picked":["FollowUp","TalkToTheHand"],"picked":"PathToVictory","floor":10},{"not_picked":["EmptyBody","BowlingBash"],"picked":"FlurryOfBlows","floor":12},{"not_picked":["WaveOfTheHand","Replay:Vibes"],"picked":"EmptyMind","floor":14},{"not_picked":["ConjureBlade","LessonLearned"],"picked":"Replay:AllIn","floor":16},{"not_picked":["JustLucky","CrushJoints"],"picked":"Protect+1","floor":18},{"not_picked":["Halt","BowlingBash"],"picked":"Sanctity+1","floor":21},{"not_picked":["Consecrate","Prostrate+1"],"picked":"Replay:Battleflow","floor":22},{"not_picked":["Replay:Cycle","Sanctity","Collect+1"],"picked":"SKIP","floor":23},{"not_picked":["BowlingBash","SandsOfTime+1","Nirvana"],"picked":"SKIP","floor":25}],"player_experience":271846,"relics_obtained":[{"floor":7,"key":"Damaru"},{"floor":9,"key":"Potion Belt"},{"floor":10,"key":"War Paint"},{"floor":23,"key":"Replay:Bandana"}],"event_choices":[{"cards_removed":["Defend_P"],"damage_healed":0,"gold_gain":0,"player_choice":"Card Removal","damage_taken":7,"max_hp_gain":0,"max_hp_loss":0,"event_name":"Golden Wing","floor":2,"gold_loss":0},{"cards_removed":["Strike_P"],"damage_healed":0,"gold_gain":0,"player_choice":"Card Removal","damage_taken":0,"max_hp_gain":0,"max_hp_loss":0,"event_name":"The Cleric","floor":3,"gold_loss":50},{"cards_removed":["Defend_P"],"damage_healed":0,"gold_gain":0,"player_choice":"Offered Basic","damage_taken":0,"max_hp_gain":0,"max_hp_loss":0,"event_name":"Bonfire Elementals","floor":4,"gold_loss":0},{"cards_removed":["Strike_P"],"damage_healed":0,"gold_gain":0,"player_choice":"Elegance","damage_taken":0,"max_hp_gain":0,"max_hp_loss":0,"event_name":"Back to Basics","floor":19,"gold_loss":0},{"damage_healed":0,"gold_gain":0,"player_choice":"Paid Gold","damage_taken":0,"relics_obtained":["hubris:DuctTape"],"max_hp_gain":0,"max_hp_loss":0,"event_name":"WeMeetAgain","floor":20,"gold_loss":79}],"is_beta":false,"boss_relics":[{"not_picked":["Tiny House","hubris:BlackHole"],"picked":"aspiration:SecretTechniqueScroll"}],"items_purged_floors":[],"is_endless":false,"potions_floor_spawned":[5,7,16,21,22],"killed_by":"Slavers","ascension_level":2}}