{"host":"0azimyi6n3ugndj4","time":1608854671,"event":{"mods":["2.2 Compatiblity","BaseMod","Bestiary","Conspire","Curses Come First","Defuse TimeMaze Blight","Hyrulean Relics","Infinite Spire","Minty Spire (QoL Compilation)","Relic Stats","Replay The Spire","StSLib","SuperFastMode","Uncapped","¡¼?Úª?ø«¡½REMEMod"],"gold_per_floor":[147,180,180,180,7,109,109,207,207,261,371,446,446,46,46,303,303,339,339,339,259,259,361,361,460,510,660,696,746,29,29,29,266,266,266,266],"floor_reached":35,"playtime":539,"items_purged":["Eruption","ReplayTheSpireMod:Restless Dread"],"score":1069,"play_id":"043a3752-2fb7-43fd-bc0a-3e801467982a","local_time":"20201225090431","daily_mods":["SealedDeck","Insanity","Chimera","Specialized","Vintage","ControlledChaos","Allstar","Diverse","Colorless Cards","Heirloom","Time Dilation","Flight","Binary","Elite Swarm","Lethality","Midas","Night Terrors","Binary"],"is_ascension_mode":true,"campfire_choices":[{"floor":7,"key":"REST"},{"floor":15,"key":"REST"},{"floor":32,"key":"REST"}],"circlet_count":0,"master_deck":["Demon Form","Wraith Form v2","Echo Form","DevaForm","AscendersBane","Bash","Survivor","Zap","Strike_R","Strike_G","Strike_B","Defend_R","Defend_G","Defend_P","ReplaySort","Barrage","Run Through","Slice","Redo","CrushJoints","Flex","Dodge and Roll","Panic Button","Steam","Panic Button","Steam","Expertise","Deadly Poison","JustLucky","CarveReality","Havoc","Ghostly Armor","Acrobatics","ReplayTheSpireMod:GoodbyeWorld","Hologram","Reckless Charge","REME_SingleHolding","Deadly Poison","Predator","Stack","Anger","Hologram","Flying Knee","JustLucky","Infernal Blade","Prepared","Compile Driver","FlurryOfBlows","CutThroughFate","Replay:AtTheReady","Protect","Havoc","CutThroughFate","Go for the Eyes","Sword Boomerang","Twin Strike","Consecrate","Backstab","Replay:Anticipation","Battle Trance","Replay:BluntJabs","Tactician","Masterful Stab","Dodge and Roll","HandOfGreed","HandOfGreed","HandOfGreed","HandOfGreed","HandOfGreed","CutThroughFate","REME_MagicPocketWatch","Tempest","Stack","Iron Wave","Dark Shackles","REME_Repentance","Anger","Consecrate","ReplayTheSpireMod:Scrap Shanks","Panache","infinitespire:Oblivion","Necronomicurse","EmptyFist"],"relics":["Burning Blood","Frozen Eye","Busted Crown","REME_ComplimentaryCards","Replay:Arrowhead","infinitespire:Eraser","REME_HandOfSuture","ReplayTheSpireMod:Ring of Collecting","zeldaRelics:BlueTunic","Medical Kit","zeldaRelics:CourageTriforce","zeldaRelics:WisdomTriforce","Golden Egg","Odd Mushroom","Potion Belt","ClockworkSouvenir","conspire:RunicOctahedron","Frozen Egg 2","Necronomicon","zeldaRelics:PowerPiece","ReplayTheSpireMod:CursedCoin","Self Forming Clay","Brimstone","ReplayTheSpireMod:Lightbulb","StoneCalendar","conspire:SpecialSausage"],"acts_visited":["Exordium","TheCity","TheBeyond"],"potions_floor_usage":[22,22],"damage_taken":[{"damage":0,"enemies":"Cultist","floor":1,"turns":1},{"damage":0,"enemies":"Small Slimes","floor":2,"turns":1},{"damage":26,"enemies":"Small Slimes","floor":4,"turns":4},{"damage":0,"enemies":"Gremlin Nob","floor":6,"turns":3},{"damage":22,"enemies":"3 Sentries","floor":8,"turns":5},{"damage":0,"enemies":"Jaw Worm","floor":10,"turns":1},{"damage":9,"enemies":"The Mushroom Lair","floor":11,"turns":4},{"damage":24,"enemies":"The Guardian","floor":16,"turns":9},{"damage":12,"enemies":"Shell Parasite","floor":18,"turns":3},{"damage":0,"enemies":"3 Byrds","floor":22,"turns":2},{"damage":0,"enemies":"Book of Stabbing","floor":23,"turns":2},{"damage":20,"enemies":"Slavers","floor":25,"turns":3},{"damage":0,"enemies":"Centurion and Healer","floor":28,"turns":1},{"damage":38,"enemies":"Champ","floor":33,"turns":4},{"damage":53,"enemies":"Orb Walker","floor":35,"turns":4}],"seed_played":"1760623870950834086","potions_obtained":[{"floor":1,"key":"Regen Potion"},{"floor":8,"key":"Block Potion"},{"floor":11,"key":"SmokeBomb"},{"floor":25,"key":"Block Potion"},{"floor":28,"key":"PowerPotion"},{"floor":33,"key":"BloodPotion"}],"is_trial":true,"path_per_floor":["M","M","?","?","$","E","R","E","T","M","?","?","?","$","R","B",null,"M","?","?","?","M","E","?","E","T","AVR","M","?","$","?","R","B",null,"M"],"character_chosen":"IRONCLAD","items_purchased":["Medical Kit","Potion Belt","ClockworkSouvenir","Brimstone","ReplayTheSpireMod:Lightbulb","StoneCalendar"],"campfire_rested":3,"item_purchase_floors":[5,14,14,30,30,30],"current_hp_per_floor":[74,75,75,55,55,61,70,54,54,60,57,46,29,29,65,47,61,55,34,34,34,40,46,46,32,32,32,38,38,38,38,60,28,52,0,0],"gold":266,"neow_bonus":"","is_daily":false,"chose_seed":false,"campfire_upgraded":0,"win_rate":0.0,"timestamp":1608854671,"path_taken":["M","M","?","?","?","E","R","E","T","?","?","?","?","$","R","BOSS","M","?","?","?","?","E","?","E","T","AVR","?","?","?","?","R","BOSS","M"],"items_purchased_type":["Relic","Relic","Relic","Relic","Relic","Relic"],"build_version":"2020-12-22","purchased_purges":2,"victory":false,"max_hp_per_floor":[75,75,75,75,75,75,70,70,70,70,70,70,70,70,65,65,65,65,65,65,65,65,65,65,65,65,65,65,65,65,65,60,60,60,60,60],"relic_stats":{"Busted Crown":28,"counters":[15,47],"Self Forming Clay":[12],"StoneCalendar":[0],"Necronomicon":[3],"Medical Kit":[1],"obtain_stats":[{"zeldaRelics:BlueTunic":4,"Golden Egg":10,"StoneCalendar":30,"conspire:SpecialSausage":34,"Burning Blood":0,"zeldaRelics:WisdomTriforce":25,"ClockworkSouvenir":14,"Frozen Eye":0,"zeldaRelics:CouragePiece":6,"Necronomicon":19,"infinitespire:Eraser":1,"zeldaRelics:PowerPiece":26,"Potion Belt":14,"zeldaRelics:WisdomPiece":9,"ReplayTheSpireMod:CursedCoin":27,"Self Forming Clay":28,"conspire:RunicOctahedron":17,"Odd Mushroom":11,"Frozen Egg 2":18,"Medical Kit":5,"Replay:Arrowhead":0,"zeldaRelics:CourageTriforce":9,"Busted Crown":0,"Brimstone":30,"ReplayTheSpireMod:Ring of Collecting":3,"REME_HandOfSuture":2,"ReplayTheSpireMod:Lightbulb":30,"REME_ComplimentaryCards":0},{"zeldaRelics:BlueTunic":3,"Golden Egg":6,"StoneCalendar":13,"conspire:SpecialSausage":14,"Burning Blood":0,"zeldaRelics:WisdomTriforce":12,"ClockworkSouvenir":7,"Frozen Eye":0,"zeldaRelics:CouragePiece":4,"Necronomicon":9,"infinitespire:Eraser":1,"zeldaRelics:PowerPiece":12,"Potion Belt":7,"zeldaRelics:WisdomPiece":5,"ReplayTheSpireMod:CursedCoin":12,"Self Forming Clay":13,"conspire:RunicOctahedron":8,"Odd Mushroom":7,"Frozen Egg 2":9,"Medical Kit":3,"Replay:Arrowhead":0,"zeldaRelics:CourageTriforce":5,"Busted Crown":0,"Brimstone":13,"ReplayTheSpireMod:Ring of Collecting":2,"REME_HandOfSuture":2,"ReplayTheSpireMod:Lightbulb":13,"REME_ComplimentaryCards":0},{"zeldaRelics:BlueTunic":6,"Golden Egg":15,"StoneCalendar":39,"conspire:SpecialSausage":43,"Burning Blood":0,"zeldaRelics:WisdomTriforce":38,"ClockworkSouvenir":19,"Frozen Eye":0,"zeldaRelics:CouragePiece":9,"Necronomicon":31,"infinitespire:Eraser":1,"zeldaRelics:PowerPiece":38,"Potion Belt":19,"zeldaRelics:WisdomPiece":14,"ReplayTheSpireMod:CursedCoin":38,"Self Forming Clay":39,"conspire:RunicOctahedron":28,"Odd Mushroom":19,"Frozen Egg 2":31,"Medical Kit":6,"Replay:Arrowhead":0,"zeldaRelics:CourageTriforce":14,"Busted Crown":0,"Brimstone":39,"ReplayTheSpireMod:Ring of Collecting":2,"REME_HandOfSuture":2,"ReplayTheSpireMod:Lightbulb":39,"REME_ComplimentaryCards":0}],"Burning Blood":79},"card_choices":[{"not_picked":["ReplayTheSpireMod:Haul","Replay:Fractal Strike"],"picked":"infinitespire:Oblivion","floor":13}],"player_experience":1419120,"relics_obtained":[{"floor":1,"key":"infinitespire:Eraser"},{"floor":2,"key":"REME_HandOfSuture"},{"floor":3,"key":"ReplayTheSpireMod:Ring of Collecting"},{"floor":4,"key":"zeldaRelics:BlueTunic"},{"floor":6,"key":"zeldaRelics:CouragePiece"},{"floor":8,"key":"zeldaRelics:CouragePiece"},{"floor":9,"key":"zeldaRelics:CouragePiece"},{"floor":9,"key":"zeldaRelics:CouragePiece"},{"floor":10,"key":"Golden Egg"},{"floor":11,"key":"Odd Mushroom"},{"floor":18,"key":"Frozen Egg 2"},{"floor":19,"key":"Necronomicon"},{"floor":23,"key":"zeldaRelics:WisdomPiece"},{"floor":25,"key":"zeldaRelics:WisdomPiece"},{"floor":26,"key":"zeldaRelics:PowerPiece"},{"floor":26,"key":"zeldaRelics:PowerPiece"},{"floor":28,"key":"Self Forming Clay"}],"event_choices":[{"damage_healed":0,"gold_gain":0,"player_choice":"Fought Mushrooms","damage_taken":0,"max_hp_gain":0,"max_hp_loss":0,"event_name":"Mushrooms","floor":11,"gold_loss":0},{"damage_healed":0,"gold_gain":75,"player_choice":"Gather Gold","damage_taken":11,"max_hp_gain":0,"max_hp_loss":0,"event_name":"World of Goop","floor":12,"gold_loss":0},{"damage_healed":0,"gold_gain":0,"player_choice":"Obtained Book","damage_taken":21,"max_hp_gain":0,"max_hp_loss":0,"event_name":"Cursed Tome","floor":19,"gold_loss":0},{"damage_healed":0,"gold_gain":0,"player_choice":"Read","damage_taken":0,"max_hp_gain":0,"max_hp_loss":0,"event_name":"The Library","floor":20,"gold_loss":0,"cards_obtained":["EmptyFist"]},{"damage_healed":0,"gold_gain":0,"player_choice":"Ignored","damage_taken":0,"max_hp_gain":0,"max_hp_loss":0,"event_name":"N\u0027loth","floor":24,"gold_loss":0},{"damage_healed":0,"gold_gain":50,"player_choice":"Stole From Cult","damage_taken":0,"max_hp_gain":0,"max_hp_loss":0,"event_name":"Nest","floor":29,"gold_loss":0},{"damage_healed":0,"gold_gain":0,"player_choice":"Ignored","damage_taken":0,"max_hp_gain":0,"max_hp_loss":0,"event_name":"Ghosts","floor":31,"gold_loss":0}],"is_beta":false,"boss_relics":[{"not_picked":["Replay:Ancient Bell","Ectoplasm"],"picked":"conspire:RunicOctahedron"},{"not_picked":["Ooze Armor","infinitespire:Cupcake"],"picked":"conspire:SpecialSausage"}],"items_purged_floors":[14,27],"is_endless":false,"potions_floor_spawned":[1,8,11,22,25,28,33],"killed_by":"Orb Walker","ascension_level":20}}