{"host":"vfg9szunmpjwj08o","time":1608924624,"event":{"mods":["Act Like it!","BaseMod","Challenge The Spire","Colored Map","Colored Powertips","Minty Spire (QoL Compilation)","StSLib","Waifu the Spire"],"gold_per_floor":[109,122,132,132,151,182,182,212,236,236,53,53,103,121,121,195,195,208,30,30,40,40,40,53,53,53],"floor_reached":25,"playtime":703,"items_purged":["Strike_B"],"score":411,"play_id":"149807f1-ac51-4f34-ac66-adac7fa1d5b9","local_time":"20201225203024","is_ascension_mode":true,"campfire_choices":[{"data":"Zap","floor":7,"key":"SMITH"},{"data":"Dualcast","floor":10,"key":"SMITH"},{"data":"Enlightenment","floor":12,"key":"SMITH"},{"data":"Lockon","floor":15,"key":"SMITH"},{"floor":23,"key":"RECALL"}],"circlet_count":0,"master_deck":["AscendersBane","Strike_B","Strike_B","Strike_B","Defend_B","Defend_B","Defend_B","Defend_B","Zap+1","Dualcast+1","Chill","Chill","Ball Lightning","Doom and Gloom","Compile Driver","Lockon+1","Enlightenment+1","Hologram","Thunder Strike","Sunder","Apotheosis","Ghostly","Ghostly","Ghostly","BootSequence","Fusion"],"relics":["Cracked Core","NeowsBlessing","MealTicket","Lantern","Nunchaku","Cursed Key"],"acts_visited":["Exordium","TheCity"],"potions_floor_usage":[6,16,25],"damage_taken":[{"damage":0,"enemies":"2 Louse","floor":1,"turns":1},{"damage":0,"enemies":"Small Slimes","floor":2,"turns":1},{"damage":0,"enemies":"Cultist","floor":3,"turns":1},{"damage":6,"enemies":"Large Slime","floor":5,"turns":4},{"damage":8,"enemies":"Gremlin Nob","floor":6,"turns":3},{"damage":24,"enemies":"Lagavulin","floor":8,"turns":5},{"damage":7,"enemies":"2 Fungi Beasts","floor":14,"turns":3},{"damage":30,"enemies":"The Guardian","floor":16,"turns":8},{"damage":16,"enemies":"Spheric Guardian","floor":18,"turns":4},{"damage":17,"enemies":"Shell Parasite","floor":21,"turns":3},{"damage":6,"enemies":"Snake Plant","floor":24,"turns":4},{"damage":15,"enemies":"Book of Stabbing","floor":25,"turns":2}],"seed_played":"6326593081185430794","potions_obtained":[{"floor":1,"key":"DuplicationPotion"},{"floor":2,"key":"Block Potion"},{"floor":24,"key":"EssenceOfSteel"}],"is_trial":false,"path_per_floor":["M","M","M","?","M","E","R","E","T","R","$","R","?","M","R","B",null,"M","$","?","M","?","R","M","E"],"character_chosen":"DEFECT","items_purchased":["Enlightenment","Apotheosis"],"campfire_rested":0,"item_purchase_floors":[11,19],"current_hp_per_floor":[64,64,64,69,63,55,55,31,31,31,46,46,46,39,39,9,59,43,58,38,21,21,21,15,0,0],"gold":53,"neow_bonus":"THREE_ENEMY_KILL","is_daily":false,"chose_seed":false,"campfire_upgraded":4,"win_rate":0.0,"timestamp":1608924624,"path_taken":["M","M","M","?","M","E","R","E","T","R","$","R","?","?","R","BOSS","M","$","?","M","?","R","M","E"],"items_purchased_type":["Card","Card"],"build_version":"2020-12-22","purchased_purges":1,"victory":false,"max_hp_per_floor":[71,71,71,76,76,76,76,76,76,76,76,76,76,76,76,76,76,76,76,38,38,38,38,38,38,38],"card_choices":[{"not_picked":["Lockon","Rebound"],"picked":"Chill","floor":1},{"not_picked":["Tempest","Undo"],"picked":"Chill","floor":2},{"not_picked":["Steam","Chill"],"picked":"Ball Lightning","floor":3},{"not_picked":["Leap","Compile Driver"],"picked":"Doom and Gloom","floor":5},{"not_picked":["Streamline","Turbo"],"picked":"Compile Driver","floor":6},{"not_picked":["Gash","Core Surge"],"picked":"Lockon","floor":8},{"not_picked":["Sweeping Beam","Cold Snap"],"picked":"Hologram","floor":14},{"not_picked":["Machine Learning","Seek"],"picked":"Thunder Strike","floor":16},{"not_picked":["Ball Lightning","Compile Driver"],"picked":"Sunder","floor":18},{"not_picked":["Leap","Genetic Algorithm"],"picked":"BootSequence","floor":21},{"not_picked":["Coolheaded","Capacitor"],"picked":"Fusion","floor":24}],"player_experience":1012120,"relics_obtained":[{"floor":6,"key":"MealTicket"},{"floor":8,"key":"Lantern"},{"floor":9,"key":"Nunchaku"}],"event_choices":[{"damage_healed":0,"gold_gain":0,"player_choice":"Donut","damage_taken":0,"max_hp_gain":5,"max_hp_loss":0,"event_name":"Big Fish","floor":4,"gold_loss":0},{"damage_healed":0,"gold_gain":50,"player_choice":"Pray","damage_taken":0,"max_hp_gain":0,"max_hp_loss":0,"event_name":"Golden Shrine","floor":13,"gold_loss":0},{"damage_healed":0,"gold_gain":0,"player_choice":"Became a Ghost","damage_taken":0,"max_hp_gain":0,"max_hp_loss":38,"event_name":"Ghosts","floor":20,"gold_loss":0,"cards_obtained":["Ghostly","Ghostly","Ghostly"]},{"damage_healed":0,"gold_gain":0,"player_choice":"Ignored","damage_taken":0,"max_hp_gain":0,"max_hp_loss":0,"event_name":"Vampires","floor":22,"gold_loss":0}],"is_beta":false,"boss_relics":[{"not_picked":["Pandora\u0027s Box","Nuclear Battery"],"picked":"Cursed Key"}],"items_purged_floors":[11],"is_endless":false,"potions_floor_spawned":[1,2,3,5,24],"killed_by":"Book of Stabbing","ascension_level":19}}