{"host":"uflv0e3ja7hvnij7","time":1608862913,"event":{"mods":["Aspiration","BaseMod","Better Altar","Better Match","Better Note","Better Sensory Stone","Better Skull","Better Third Choice","Infinite Spire","Minty Spire (QoL Compilation)","Permanent Neow","StSLib"],"gold_per_floor":[119,137,44,55,65,65,65,79,79,79,4,21,38,71,71,169,169,181,181,194,194,205,205,232,232,258,65,65,89,188,206,206,307,357,373,373,373,393,493,525,525,527,527,527,555,567,589,617,629,784,796,815,843,495,511,511,511,501,501],"floor_reached":58,"playtime":3260,"items_purged":["Defend_P","Defend_P","Defend_P","Defend_P","PathToVictory+1"],"score":915,"play_id":"81c5b6dc-4909-4467-befc-fe841ddeeb90","local_time":"20201224212153","is_ascension_mode":true,"campfire_choices":[{"data":"Eruption","floor":6.0,"key":"SMITH"},{"data":"Vigilance","floor":10.0,"key":"SMITH"},{"data":"FlurryOfBlows","floor":15.0,"key":"SMITH"},{"data":"Blasphemy","floor":23.0,"key":"SMITH"},{"floor":28.0,"key":"REST"},{"floor":32.0,"key":"DIG"},{"floor":41,"key":"REST"},{"floor":41,"key":"DIG"},{"floor":44,"key":"REST"},{"floor":44,"key":"DIG"},{"floor":49,"key":"DIG"},{"floor":57,"key":"DIG"}],"circlet_count":0,"master_deck":["Strike_P","Strike_P","Strike_P","Strike_P","Eruption+1","Vigilance+1","Consecrate","FlurryOfBlows+1","Bandage Up+1","CarveReality+1","EmptyBody","Protect","TalkToTheHand+1","Blasphemy+1","FollowUp+1","infinitespire:Starlight+1","FollowUp+1","Conclude+1","WindmillStrike+1","Ragnarok+1","Crescendo","DeusExMachina","Adaptation+1","FollowUp+1","infinitespire:DeathsTouch+1","Halt","DevaForm","LessonLearned+1","ClearTheMind"],"relics":["PureWater","aspiration:Nostalgia","Ring of the Snake","Omamori","Molten Egg 2","infinitespire:FocusingShard","Calling Bell","Ancient Tea Set","Matryoshka","Mango","aspiration:FaultyCoupler","Shovel","Toy Ornithopter","Smiling Mask","Nunchaku","Bag of Preparation","Akabeko","aspiration:Lifesprig","Tiny House","InkBottle","Ginger","infinitespire:Magic Flask","infinitespire:Midas Blood","Shuriken","aspiration:DSix","MawBank","StrikeDummy","aspiration:SilentSkillbook","Vajra","Damaru","infinitespire:EmpoweringShard"],"acts_visited":["Exordium","TheCity","TheBeyond","Exordium"],"potions_floor_usage":[50,50,58,58],"damage_taken":[{"damage":0.0,"enemies":"Small Slimes","floor":1.0,"turns":2.0},{"damage":0.0,"enemies":"Cultist","floor":2.0,"turns":2.0},{"damage":0.0,"enemies":"Jaw Worm","floor":4.0,"turns":1.0},{"damage":0.0,"enemies":"Gremlin Gang","floor":5.0,"turns":1.0},{"damage":13.0,"enemies":"Blue Slaver","floor":8.0,"turns":2.0},{"damage":0.0,"enemies":"2 Fungi Beasts","floor":12.0,"turns":2.0},{"damage":0.0,"enemies":"Looter","floor":13.0,"turns":1.0},{"damage":3.0,"enemies":"Gremlin Nob","floor":14.0,"turns":3.0},{"damage":15.0,"enemies":"Hexaghost","floor":16.0,"turns":9.0},{"damage":7.0,"enemies":"Chosen","floor":18.0,"turns":2.0},{"damage":3.0,"enemies":"2 Thieves","floor":20.0,"turns":3.0},{"damage":0.0,"enemies":"Snake Plant","floor":22.0,"turns":2.0},{"damage":61.0,"enemies":"Slavers","floor":24.0,"turns":6.0},{"damage":0.0,"enemies":"Sentry and Sphere","floor":31.0,"turns":1.0},{"damage":57.0,"enemies":"Champ","floor":33.0,"turns":5.0},{"damage":12.0,"enemies":"3 Shapes","floor":35.0,"turns":2.0},{"damage":0.0,"enemies":"3 Darklings","floor":38.0,"turns":2.0},{"damage":0.0,"enemies":"infinitespire:Three Voidlings","floor":39.0,"turns":1.0},{"damage":101.0,"enemies":"Nightmare_Alpha","floor":39.0,"turns":13.0},{"damage":53,"enemies":"Nightmare","floor":40,"turns":6},{"damage":0,"enemies":"Reptomancer","floor":45,"turns":2},{"damage":0,"enemies":"Transient","floor":47,"turns":5},{"damage":11,"enemies":"Jaw Worm Horde","floor":48,"turns":2},{"damage":78,"enemies":"infinitespire:MassOfShapes","floor":50,"turns":8},{"damage":0,"enemies":"Jaw Worm","floor":52,"turns":1},{"damage":0,"enemies":"2 Louse","floor":53,"turns":1},{"damage":0,"enemies":"Small Slimes","floor":55,"turns":1},{"damage":116,"enemies":"Nightmare_Alpha","floor":58,"turns":5}],"seed_played":"-8695214300680474597","potions_obtained":[{"floor":2.0,"key":"LiquidBronze"},{"floor":13.0,"key":"Dexterity Potion"},{"floor":14.0,"key":"StancePotion"},{"floor":16.0,"key":"Block Potion"},{"floor":18.0,"key":"DistilledChaos"},{"floor":24.0,"key":"Block Potion"},{"floor":34.0,"key":"Swift Potion"},{"floor":35.0,"key":"DuplicationPotion"},{"floor":47,"key":"Block Potion"},{"floor":48,"key":"LiquidBronze"},{"floor":52,"key":"Weak Potion"},{"floor":53,"key":"ColorlessPotion"}],"is_trial":false,"path_per_floor":["M","M","$","M","M","R","?","M","T","R","$","M","M","E","R","B",null,"M","?","M","AVR","M","R","E","?","T","$","R","T","?","M","R","B",null,"M","?","AVR","M","?","NM","R","?","T","R","E","?","M","M","R","B",null,"M","M","$","M","?","R","NM"],"character_chosen":"WATCHER","items_purchased":["Bandage Up","Nunchaku","Vajra","Damaru"],"campfire_rested":3,"item_purchase_floors":[3,27,54,54],"current_hp_per_floor":[72,72,72,72,72,72,72,59,59,59,59,63,67,68,68,57,86,79,57,68,68,82,82,40,40,40,40,65,65,65,69,69,29,91,91,91,91,91,91,53,80,62,62,89,89,89,91,90,90,32,91,91,91,91,91,91,91,0,0],"gold":501,"neow_bonus":"NOSTALGIA","is_daily":false,"chose_seed":false,"campfire_upgraded":4,"win_rate":0.0,"timestamp":1608862913,"path_taken":["M","M","$","M","M","R","?","M","T","R","$","?","M","E","R","BOSS","M","?","M","AVR","M","R","E","?","T","$","R","?","?","M","R","BOSS","M","?","AVR","?","?","NM","R","?","T","R","E","?","M","M","R","BOSS","M","M","$","M","?","R","NM"],"items_purchased_type":["Card","Relic","Relic","Relic"],"build_version":"2020-12-22","purchased_purges":5,"victory":false,"max_hp_per_floor":[72,72,72,72,72,72,72,72,72,72,72,72,72,72,72,72,86,86,86,86,86,86,86,86,86,86,86,86,86,86,86,86,86,91,91,91,91,91,91,91,91,91,91,91,91,91,91,91,91,91,91,91,91,91,91,91,91,91,91],"card_choices":[{"not_picked":["Collect","Nirvana"],"picked":"Consecrate","floor":1.0},{"not_picked":["Consecrate","SashWhip"],"picked":"FlurryOfBlows","floor":2.0},{"not_picked":["ForeignInfluence","Conclude"],"picked":"CarveReality","floor":4.0},{"not_picked":["InnerPeace","DeceiveReality","Nirvana"],"picked":"SKIP","floor":5.0},{"not_picked":["InnerPeace","DeceiveReality","Nirvana"],"picked":"SKIP","floor":5.0},{"not_picked":["SignatureMove","Prostrate"],"picked":"EmptyBody","floor":8.0},{"not_picked":["Evaluate","Prostrate"],"picked":"Protect","floor":12.0},{"not_picked":["JustLucky+1","EmptyBody","Evaluate"],"picked":"SKIP","floor":13.0},{"not_picked":["Tantrum+1","Collect"],"picked":"TalkToTheHand+1","floor":14.0},{"not_picked":["Devotion","Omniscience"],"picked":"Blasphemy","floor":16.0},{"not_picked":["Pray+1","Protect+1"],"picked":"FollowUp+1","floor":18.0},{"not_picked":["infinitespire:SealOfDarkness+","infinitespire:Oblivion"],"picked":"infinitespire:Starlight","floor":19.0},{"not_picked":["Collect","CrushJoints+1"],"picked":"FollowUp+1","floor":20.0},{"not_picked":["Sanctity","SignatureMove+1","JustLucky+1"],"picked":"SKIP","floor":22.0},{"not_picked":["CrushJoints+1","EmptyFist+1"],"picked":"Conclude+1","floor":24.0},{"not_picked":["ForeignInfluence+1","Conclude+1"],"picked":"WindmillStrike+1","floor":25.0},{"not_picked":["Establishment+1","MasterReality+1"],"picked":"Ragnarok+1","floor":25.0},{"not_picked":["LikeWater","Tantrum+1"],"picked":"Crescendo","floor":31.0},{"not_picked":["Blasphemy","Brilliance+1"],"picked":"DeusExMachina","floor":33.0},{"not_picked":["SashWhip+1","PathToVictory+1"],"picked":"Adaptation+1","floor":35.0},{"not_picked":["Prostrate","Tantrum+1"],"picked":"FollowUp+1","floor":38.0},{"not_picked":["infinitespire:Gouge","infinitespire:NeuralNetwork"],"picked":"infinitespire:DeathsTouch","floor":39},{"not_picked":["FearNoEvil+1","DeceiveReality"],"picked":"Halt","floor":40},{"not_picked":["FlyingSleeves+1","EmptyBody+1","Collect"],"picked":"SKIP","floor":45},{"not_picked":["Adaptation","SashWhip+1","BowlingBash+1"],"picked":"SKIP","floor":47},{"not_picked":["Vengeance+1","ThirdEye+1"],"picked":"PathToVictory+1","floor":48},{"not_picked":["Brilliance+1","Judgement"],"picked":"LessonLearned+1","floor":50},{"not_picked":["Leg Sweep","Protect","PathToVictory"],"picked":"ClearTheMind","floor":52},{"not_picked":["Cloak And Dagger","Sanctity","Leg Sweep","Meditate"],"picked":"SKIP","floor":53},{"not_picked":["Conclude+1","Expertise","Prostrate","SashWhip+1"],"picked":"SKIP","floor":55}],"player_experience":344777,"relics_obtained":[{"floor":7.0,"key":"Omamori"},{"floor":9.0,"key":"Molten Egg 2"},{"floor":14.0,"key":"infinitespire:FocusingShard"},{"floor":17.0,"key":"Ancient Tea Set"},{"floor":17.0,"key":"Matryoshka"},{"floor":17.0,"key":"Mango"},{"floor":24.0,"key":"Shovel"},{"floor":26.0,"key":"Toy Ornithopter"},{"floor":26.0,"key":"Smiling Mask"},{"floor":29.0,"key":"Bag of Preparation"},{"floor":29.0,"key":"Akabeko"},{"floor":32.0,"key":"aspiration:Lifesprig"},{"floor":39,"key":"Ginger"},{"floor":40,"key":"infinitespire:Magic Flask"},{"floor":41,"key":"infinitespire:Midas Blood"},{"floor":43,"key":"Shuriken"},{"floor":44,"key":"aspiration:DSix"},{"floor":45,"key":"MawBank"},{"floor":49,"key":"StrikeDummy"},{"floor":57,"key":"infinitespire:EmpoweringShard"}],"event_choices":[{"damage_healed":0.0,"max_hp_gain":0.0,"max_hp_loss":0.0,"gold_gain":0.0,"event_name":"Wheel of Change","player_choice":"Relic","floor":7.0,"gold_loss":0.0,"damage_taken":0.0},{"damage_healed":0.0,"max_hp_gain":0.0,"max_hp_loss":0.0,"gold_gain":0.0,"event_name":"betterMatch:BetterMatch","player_choice":"2","floor":25.0,"gold_loss":0.0,"damage_taken":0.0,"cards_obtained":["betterMatch:UncommonCard","betterMatch:RareCard"]},{"damage_healed":0.0,"max_hp_gain":0.0,"max_hp_loss":0.0,"gold_gain":99.0,"event_name":"betterThird:BetterNest","player_choice":"Steal","floor":30.0,"gold_loss":0.0,"damage_taken":0.0},{"damage_healed":0.0,"max_hp_gain":0.0,"max_hp_loss":0.0,"gold_gain":0.0,"event_name":"Wheel of Change","player_choice":"Full Heal","floor":36.0,"gold_loss":0.0,"damage_taken":0.0},{"damage_healed":72,"gold_gain":0,"player_choice":"Full Heal","damage_taken":0,"max_hp_gain":0,"max_hp_loss":0,"event_name":"Wheel of Change","floor":39,"gold_loss":0},{"damage_healed":0,"gold_gain":3,"player_choice":"2","damage_taken":0,"max_hp_gain":0,"max_hp_loss":18,"event_name":"betterStone:BetterStone","floor":42,"gold_loss":0},{"damage_healed":0,"gold_gain":0,"player_choice":"Forge","damage_taken":0,"max_hp_gain":0,"max_hp_loss":0,"event_name":"Accursed Blacksmith","floor":56,"gold_loss":0,"cards_upgraded":["infinitespire:Starlight"]}],"is_beta":false,"boss_relics":[{"not_picked":["aspiration:RunicSpoon","Astrolabe"],"picked":"Calling Bell"},{"not_picked":["Empty Cage","aspiration:DefectSkillbook"],"picked":"Tiny House"},{"not_picked":["SacredBark","Coffee Dripper"],"picked":"aspiration:SilentSkillbook"}],"items_purged_floors":[11,21,27,37,54],"is_endless":true,"potions_floor_spawned":[2,13,14,16,18,24,35,38,47,48,52,53],"killed_by":"Nightmare_Alpha","ascension_level":2}}