{"host":"pjgcdp3h1plnbocs","time":1608928708,"event":{"mods":["AchievementEnabler","BaseMod","Colored Map","Highlight Path","Minty Spire (QoL Compilation)"],"gold_per_floor":[112,130,145,164,164,191,191,219,219,219,13,28,45,58,58,154,154,166,166,185,200,218,247,247,276,276,305,323,323,323,355,355,355,355],"floor_reached":33,"playtime":966,"items_purged":["Strike_B"],"score":547,"play_id":"7962b5dc-844e-493d-9191-ab69c9a86154","local_time":"20201225213828","is_ascension_mode":true,"campfire_choices":[{"data":"Dualcast","floor":7.0,"key":"SMITH"},{"floor":15.0,"key":"REST"},{"floor":24.0,"key":"REST"},{"floor":29,"key":"REST"},{"data":"Cold Snap","floor":32,"key":"SMITH"}],"circlet_count":0,"master_deck":["Strike_B","Strike_B","Strike_B","Defend_B","Defend_B","Defend_B","Defend_B","Zap+1","Dualcast+1","Cold Snap+1","Gash","Gash","FTL+1","Scrape+1","Beam Cell+1","All For One+1","Go for the Eyes+1","All For One+1"],"relics":["Cracked Core","NeowsBlessing","PreservedInsect","Molten Egg 2","Cables","Nloth\u0027s Gift","White Beast Statue","Happy Flower","Matryoshka","Incense Burner","Frozen Egg 2","Potion Belt"],"acts_visited":["Exordium","TheCity"],"potions_floor_usage":[27,28,31,33],"damage_taken":[{"damage":0.0,"enemies":"Cultist","floor":1.0,"turns":1.0},{"damage":0.0,"enemies":"2 Louse","floor":2.0,"turns":1.0},{"damage":0.0,"enemies":"Small Slimes","floor":3.0,"turns":1.0},{"damage":18.0,"enemies":"Exordium Thugs","floor":4.0,"turns":5.0},{"damage":16.0,"enemies":"Lagavulin","floor":6.0,"turns":6.0},{"damage":25.0,"enemies":"3 Sentries","floor":8.0,"turns":6.0},{"damage":0.0,"enemies":"Lots of Slimes","floor":10.0,"turns":1.0},{"damage":0.0,"enemies":"2 Fungi Beasts","floor":12.0,"turns":3.0},{"damage":0.0,"enemies":"Large Slime","floor":13.0,"turns":4.0},{"damage":4.0,"enemies":"Looter","floor":14.0,"turns":3.0},{"damage":6.0,"enemies":"The Guardian","floor":16.0,"turns":10.0},{"damage":2.0,"enemies":"Chosen","floor":18.0,"turns":2.0},{"damage":2.0,"enemies":"Spheric Guardian","floor":20.0,"turns":3.0},{"damage":9.0,"enemies":"Centurion and Healer","floor":21.0,"turns":4.0},{"damage":6.0,"enemies":"Snake Plant","floor":22.0,"turns":2.0},{"damage":21.0,"enemies":"Book of Stabbing","floor":23.0,"turns":4.0},{"damage":0.0,"enemies":"Gremlin Leader","floor":25.0,"turns":3.0},{"damage":9,"enemies":"Slavers","floor":27,"turns":3},{"damage":11,"enemies":"3 Cultists","floor":28,"turns":4},{"damage":0,"enemies":"Gremlin Leader","floor":31,"turns":4},{"damage":86,"enemies":"Champ","floor":33,"turns":7}],"seed_played":"7932067211355860417","potions_obtained":[{"floor":1.0,"key":"Block Potion"},{"floor":4.0,"key":"SmokeBomb"},{"floor":6.0,"key":"Dexterity Potion"},{"floor":8.0,"key":"FocusPotion"},{"floor":22.0,"key":"LiquidMemories"},{"floor":27,"key":"Fire Potion"},{"floor":28,"key":"FocusPotion"},{"floor":31,"key":"AttackPotion"}],"is_trial":false,"path_per_floor":["M","M","M","M","?","E","R","E","T","M","$","M","M","M","R","B",null,"M","?","M","M","M","E","R","E","T","E","M","R","?","E","R","B"],"character_chosen":"DEFECT","items_purchased":["Scrape+1","FairyPotion"],"campfire_rested":3,"item_purchase_floors":[11,11],"current_hp_per_floor":[68,68,68,50,50,34,34,9,9,9,9,9,9,5,27,21,62,60,60,58,49,43,22,44,44,44,35,24,46,46,46,46,0,0],"gold":355,"neow_bonus":"THREE_ENEMY_KILL","is_daily":false,"chose_seed":false,"campfire_upgraded":2,"win_rate":0.0,"timestamp":1608928708,"path_taken":["M","?","M","M","?","E","R","E","T","M","$","M","M","M","R","BOSS","M","?","M","M","?","E","R","E","T","E","M","R","?","E","R","BOSS"],"items_purchased_type":["Card","Potion"],"build_version":"2020-12-22","purchased_purges":1,"victory":false,"max_hp_per_floor":[75,75,75,75,75,75,75,75,75,75,75,75,75,75,75,75,75,75,75,75,75,75,75,75,75,75,75,75,75,75,75,75,75,75],"card_choices":[{"not_picked":["Heatsinks","Conserve Battery"],"picked":"Cold Snap","floor":1.0},{"not_picked":["Rebound","Recycle"],"picked":"Gash","floor":2.0},{"not_picked":["Hologram","Conserve Battery","Stack"],"picked":"SKIP","floor":3.0},{"not_picked":["Glacier","Melter"],"picked":"Gash","floor":4.0},{"not_picked":["Rebound","Steam","Hyperbeam"],"picked":"SKIP","floor":6.0},{"not_picked":["Sweeping Beam+1","Hologram"],"picked":"FTL+1","floor":8.0},{"not_picked":["Double Energy","Coolheaded","Force Field"],"picked":"SKIP","floor":12.0},{"not_picked":["Ball Lightning+1","Barrage+1","Defragment"],"picked":"SKIP","floor":13.0},{"not_picked":["Rebound+1","Fusion"],"picked":"Beam Cell+1","floor":14.0},{"not_picked":["Amplify","Electrodynamics"],"picked":"All For One+1","floor":16.0},{"not_picked":["Sunder+1","Turbo"],"picked":"Go for the Eyes+1","floor":18.0},{"not_picked":["Double Energy","Stack","Turbo"],"picked":"SKIP","floor":20.0},{"not_picked":["Hologram","Undo","Reinforced Body"],"picked":"SKIP","floor":21.0},{"not_picked":["Genetic Algorithm","Hologram","Creative AI"],"picked":"SKIP","floor":22.0},{"not_picked":["Steam","Darkness","Lockon+1"],"picked":"SKIP","floor":23.0},{"not_picked":["Defragment","Rip and Tear+1"],"picked":"All For One+1","floor":25.0},{"not_picked":["Static Discharge+1","Doom and Gloom+1","Biased Cognition"],"picked":"SKIP","floor":27},{"not_picked":["Rainbow","Cold Snap+1","Glacier"],"picked":"SKIP","floor":28},{"not_picked":["Steam Power","Auto Shields+1","Lockon+1"],"picked":"SKIP","floor":31}],"player_experience":162280,"relics_obtained":[{"floor":6.0,"key":"PreservedInsect"},{"floor":8.0,"key":"Molten Egg 2"},{"floor":9.0,"key":"Cables"},{"floor":23.0,"key":"White Beast Statue"},{"floor":25.0,"key":"Happy Flower"},{"floor":26.0,"key":"Matryoshka"},{"floor":27,"key":"Incense Burner"},{"floor":30,"key":"Frozen Egg 2"},{"floor":31,"key":"Potion Belt"}],"event_choices":[{"damage_healed":0.0,"max_hp_gain":0.0,"max_hp_loss":0.0,"gold_gain":0.0,"event_name":"Upgrade Shrine","player_choice":"Upgraded","floor":5.0,"gold_loss":0.0,"damage_taken":0.0,"cards_upgraded":["Zap"]},{"damage_healed":0.0,"max_hp_gain":0.0,"max_hp_loss":0.0,"gold_gain":0.0,"event_name":"N\u0027loth","player_choice":"Traded Relic","floor":19.0,"relics_lost":["Sozu"],"gold_loss":0.0,"damage_taken":0.0,"relics_obtained":["Nloth\u0027s Gift"]},{"damage_healed":0,"gold_gain":0,"player_choice":"Relic","damage_taken":0,"max_hp_gain":0,"max_hp_loss":0,"event_name":"Wheel of Change","floor":30,"gold_loss":0}],"is_beta":false,"boss_relics":[{"not_picked":["Fusion Hammer","Runic Pyramid"],"picked":"Sozu"}],"items_purged_floors":[11],"is_endless":false,"potions_floor_spawned":[1,4,6,8,14,16,18,20,22,25,27,28,31],"killed_by":"Champ","ascension_level":8}}