{"host":"6kpik4p6m02tzjjt","time":1608933792,"event":{"mods":["BaseMod","Colored Map","Minty Spire (QoL Compilation)","Quick Restart","Relic Stats"],"gold_per_floor":[111,131,306,256,256,256,7,7,7],"floor_reached":8,"playtime":181,"items_purged":[],"score":46,"play_id":"99a4b09c-cfda-4d26-b0de-45c8a90ffecf","local_time":"20201225170312","is_ascension_mode":true,"campfire_choices":[{"data":"Zap","floor":6,"key":"SMITH"}],"circlet_count":0,"master_deck":["Strike_B","Strike_B","Strike_B+1","Strike_B+1","Defend_B","Defend_B","Defend_B","Defend_B","Zap+1","Dualcast","Self Repair","Double Energy"],"relics":["Cracked Core","Matryoshka"],"acts_visited":["Exordium"],"potions_floor_usage":[],"damage_taken":[{"damage":1,"enemies":"Cultist","floor":1,"turns":3},{"damage":5,"enemies":"2 Louse","floor":2,"turns":3},{"damage":61,"enemies":"Gremlin Nob","floor":8,"turns":4}],"seed_played":"5370298215301081472","potions_obtained":[{"floor":2,"key":"SmokeBomb"}],"is_trial":false,"path_per_floor":["M","M","?","?","?","R","$","E"],"character_chosen":"DEFECT","items_purchased":["Matryoshka"],"campfire_rested":0,"item_purchase_floors":[7],"current_hp_per_floor":[81,76,76,76,60,60,60,0,0],"gold":7,"neow_bonus":"TEN_PERCENT_HP_BONUS","is_daily":false,"chose_seed":false,"campfire_upgraded":1,"win_rate":0.0,"timestamp":1608933792,"path_taken":["M","M","?","?","?","R","$","E"],"items_purchased_type":["Relic"],"build_version":"2020-12-22","purchased_purges":0,"victory":false,"max_hp_per_floor":[82,82,82,82,82,82,82,82,82],"relic_stats":{"counters":[3,10],"obtain_stats":[{"Matryoshka":7,"Cracked Core":0},{"Matryoshka":2,"Cracked Core":0},{"Matryoshka":6,"Cracked Core":0}]},"card_choices":[{"not_picked":["Stack","Rebound"],"picked":"Self Repair","floor":1},{"not_picked":["Reprogram","Hologram"],"picked":"Double Energy","floor":2}],"player_experience":23940,"relics_obtained":[],"event_choices":[{"damage_healed":0,"gold_gain":175,"player_choice":"AGREE","damage_taken":0,"max_hp_gain":0,"max_hp_loss":0,"event_name":"Liars Game","floor":3,"gold_loss":0,"cards_obtained":["Doubt"]},{"cards_removed":["Doubt"],"damage_healed":0,"gold_gain":0,"player_choice":"Card Removal","damage_taken":0,"max_hp_gain":0,"max_hp_loss":0,"event_name":"The Cleric","floor":4,"gold_loss":50},{"damage_healed":0,"gold_gain":0,"player_choice":"Entered Light","damage_taken":16,"max_hp_gain":0,"max_hp_loss":0,"event_name":"Shining Light","floor":5,"gold_loss":0,"cards_upgraded":["Strike_B","Strike_B"]}],"is_beta":false,"boss_relics":[],"items_purged_floors":[],"is_endless":false,"potions_floor_spawned":[2],"killed_by":"Gremlin Nob","ascension_level":1}}