{"host":"yuoancq4cku3x8wq","time":1608890934,"event":{"mods":["AchievementEnabler","BaseMod","Dota2Spire","Minty Spire (QoL Compilation)","Quick Restart","StSLib","SuperFastMode"],"gold_per_floor":[116,41,41,41,51,82,82,82,108,123,158,181,13,47,47,47,47],"floor_reached":16,"playtime":312,"items_purged":["Strike_R"],"score":286,"play_id":"bcdc0b66-df44-4907-ad46-45c9564b63f4","local_time":"20201225180854","is_ascension_mode":true,"campfire_choices":[{"data":"Body Slam","floor":8.0,"key":"SMITH"},{"data":"Heavy Blade","floor":15,"key":"SMITH"}],"circlet_count":0,"master_deck":["AscendersBane","Strike_R","Strike_R","Strike_R","Defend_R","Defend_R","Defend_R","Defend_R","Bash","Body Slam+1","Heavy Blade+1","Shrug It Off","True Grit","Sentinel"],"relics":["Burning Blood","NeowsBlessing","PreservedInsect","Golden Idol","Dota2Spire:ArmletOfMordiggian","Orichalcum","Membership Card","Torii"],"acts_visited":["Exordium"],"potions_floor_usage":[11,16],"damage_taken":[{"damage":0.0,"enemies":"2 Louse","floor":1.0,"turns":1.0},{"damage":0.0,"enemies":"Small Slimes","floor":5.0,"turns":1.0},{"damage":0.0,"enemies":"3 Sentries","floor":6.0,"turns":1.0},{"damage":0.0,"enemies":"Cultist","floor":10.0,"turns":3.0},{"damage":14,"enemies":"Gremlin Nob","floor":11,"turns":3},{"damage":1,"enemies":"Looter","floor":12,"turns":3},{"damage":34,"enemies":"3 Sentries","floor":14,"turns":8},{"damage":37,"enemies":"Hexaghost","floor":16,"turns":8}],"seed_played":"6326617510990506369","potions_obtained":[{"floor":5.0,"key":"AttackPotion"},{"floor":6.0,"key":"CultistPotion"},{"floor":14,"key":"DistilledChaos"}],"is_trial":false,"path_per_floor":["M","$","?","?","M","E","?","R","T","M","E","M","$","E","R","B"],"character_chosen":"IRONCLAD","items_purchased":["Membership Card"],"campfire_rested":0,"item_purchase_floors":[13],"current_hp_per_floor":[74,74,74,74,75,75,68,68,68,68,60,65,65,37,37,0,0],"gold":47,"neow_bonus":"THREE_ENEMY_KILL","is_daily":false,"chose_seed":false,"campfire_upgraded":2,"win_rate":0.0,"timestamp":1608890934,"path_taken":["M","$","?","?","?","E","?","R","T","M","E","M","$","E","R","BOSS"],"items_purchased_type":["Relic"],"build_version":"2020-12-22","purchased_purges":1,"victory":false,"max_hp_per_floor":[75,75,75,75,75,75,68,68,68,68,68,68,68,68,68,68,68],"card_choices":[{"not_picked":["Clash","Clothesline","Intimidate"],"picked":"SKIP","floor":1.0},{"not_picked":["Flex","Clothesline"],"picked":"Body Slam","floor":5.0},{"not_picked":["Heavy Blade","Clothesline","Cleave"],"picked":"SKIP","floor":6.0},{"not_picked":["Dual Wield","Anger","Heavy Blade"],"picked":"SKIP","floor":10.0},{"not_picked":["Dual Wield","Anger"],"picked":"Heavy Blade","floor":10.0},{"not_picked":["Sentinel","Dropkick"],"picked":"Shrug It Off","floor":11},{"not_picked":["Clothesline","Headbutt"],"picked":"True Grit","floor":12},{"not_picked":["Power Through","Exhume"],"picked":"Sentinel","floor":14}],"player_experience":228036,"relics_obtained":[{"floor":6.0,"key":"PreservedInsect"},{"floor":9.0,"key":"Dota2Spire:ArmletOfMordiggian"},{"floor":11,"key":"Orichalcum"},{"floor":14,"key":"Torii"}],"event_choices":[{"damage_healed":0.0,"max_hp_gain":0.0,"max_hp_loss":0.0,"gold_gain":0.0,"event_name":"Shining Light","player_choice":"Ignored","floor":3.0,"gold_loss":0.0,"damage_taken":0.0},{"cards_removed":["Strike_R"],"damage_healed":0.0,"max_hp_gain":0.0,"max_hp_loss":0.0,"gold_gain":0.0,"event_name":"Purifier","player_choice":"Purged","floor":4.0,"gold_loss":0.0,"damage_taken":0.0},{"damage_healed":0.0,"max_hp_gain":0.0,"max_hp_loss":7.0,"gold_gain":0.0,"event_name":"Golden Idol","player_choice":"Lose Max HP","floor":7.0,"gold_loss":0.0,"damage_taken":0.0,"relics_obtained":["Golden Idol"]}],"is_beta":false,"boss_relics":[],"items_purged_floors":[2],"is_endless":false,"potions_floor_spawned":[5,6,14],"killed_by":"Hexaghost","ascension_level":20}}