{"host":"3jjxuhjpio8e4zkv","time":1608856642,"event":{"mods":["BaseMod","Colored Map","Highlight Path","Minty Spire (QoL Compilation)","Permanent Neow","Relic Stats","StSLib"],"gold_per_floor":[116,41,56,69,69,69,103,103,130,141,155,27,62,72,72,150,150,188,88,126,12,56,81,81,81,105,154,154,209,209,252,252,356,406,454,469,86,127,177,177,207,207],"floor_reached":41,"playtime":2612,"items_purged":["Defend_P","Strike_P+1","Decay"],"score":829,"play_id":"c825c64a-1865-4ee5-97e5-3538fba05b4f","local_time":"20201224193721","is_ascension_mode":true,"campfire_choices":[{"data":"Eruption","floor":6,"key":"SMITH"},{"data":"LessonLearned","floor":8,"key":"SMITH"},{"data":"Strike_P","floor":15,"key":"SMITH"},{"floor":24,"key":"REST"},{"floor":30,"key":"REST"},{"floor":32,"key":"REST"},{"floor":40,"key":"REST"}],"circlet_count":0,"master_deck":["AscendersBane","Strike_P+1","Strike_P+1","Strike_P+1","Defend_P+1","Defend_P+1","Eruption+1","Vigilance+1","Purity+1","LessonLearned+1","LikeWater+1","Wish+1","TalkToTheHand+1","MentalFortress+1","Adaptation+1","Halt+1","WaveOfTheHand+1"],"relics":["PureWater","MealTicket","Nunchaku","Regal Pillow","Runic Pyramid","Smiling Mask","Centennial Puzzle","Red Mask","Tiny House","Calipers"],"acts_visited":["Exordium","TheCity","TheBeyond"],"potions_floor_usage":[7,7,11,13,16,18,22,29,29,33,35,39],"damage_taken":[{"damage":0,"enemies":"Cultist","floor":1,"turns":3},{"damage":5,"enemies":"Small Slimes","floor":3,"turns":3},{"damage":0,"enemies":"Jaw Worm","floor":4,"turns":2},{"damage":4,"enemies":"Gremlin Nob","floor":7,"turns":3},{"damage":5,"enemies":"Red Slaver","floor":10,"turns":3},{"damage":8,"enemies":"Large Slime","floor":11,"turns":5},{"damage":4,"enemies":"Lagavulin","floor":13,"turns":4},{"damage":0,"enemies":"3 Louse","floor":14,"turns":4},{"damage":24,"enemies":"The Guardian","floor":16,"turns":16},{"damage":5,"enemies":"Chosen","floor":18,"turns":4},{"damage":17,"enemies":"Shell Parasite","floor":20,"turns":9},{"damage":18,"enemies":"Shelled Parasite and Fungi","floor":22,"turns":8},{"damage":20,"enemies":"Book of Stabbing","floor":23,"turns":6},{"damage":21,"enemies":"Snake Plant","floor":27,"turns":5},{"damage":23,"enemies":"Masked Bandits","floor":29,"turns":6},{"damage":9,"enemies":"Sentry and Sphere","floor":31,"turns":7},{"damage":16,"enemies":"Champ","floor":33,"turns":19},{"damage":10,"enemies":"3 Shapes","floor":35,"turns":6},{"damage":10,"enemies":"Orb Walker","floor":36,"turns":6},{"damage":0,"enemies":"Maw","floor":38,"turns":11},{"damage":13,"enemies":"Jaw Worm Horde","floor":39,"turns":10},{"damage":86,"enemies":"Nemesis","floor":41,"turns":14}],"seed_played":"-2589812633095024856","potions_obtained":[{"floor":4,"key":"Weak Potion"},{"floor":5,"key":"GamblersBrew"},{"floor":5,"key":"Block Potion"},{"floor":7,"key":"PowerPotion"},{"floor":11,"key":"SteroidPotion"},{"floor":16,"key":"AttackPotion"},{"floor":20,"key":"GamblersBrew"},{"floor":23,"key":"BlessingOfTheForge"},{"floor":29,"key":"Weak Potion"},{"floor":34,"key":"SneckoOil"},{"floor":36,"key":"SpeedPotion"}],"is_trial":false,"path_per_floor":["M","?","M","M","?","R","E","R","T","M","M","$","E","M","R","B",null,"M","$","M","$","M","E","R","?","T","M","?","?","R","M","R","B",null,"M","M","$","M","M","R","E"],"character_chosen":"WATCHER","items_purchased":["Block Potion","Ambrosia","Calipers"],"campfire_rested":4,"item_purchase_floors":[12,21,37],"current_hp_per_floor":[61,61,56,56,56,56,52,52,52,47,39,54,50,50,50,26,58,53,68,51,66,48,28,63,63,63,42,42,19,54,45,68,52,69,59,49,64,64,51,73,0,0],"gold":207,"neow_bonus":"RANDOM_COLORLESS","is_daily":false,"chose_seed":false,"campfire_upgraded":3,"win_rate":0.0,"timestamp":1608856641,"path_taken":["M","?","M","M","?","R","E","R","T","M","M","$","E","M","R","BOSS","M","?","M","$","M","E","R","?","T","?","?","?","R","M","R","BOSS","M","M","$","M","M","R","E"],"items_purchased_type":["Potion","Potion","Relic"],"build_version":"2020-12-22","purchased_purges":3,"victory":false,"max_hp_per_floor":[68,68,68,68,68,68,68,68,68,68,68,68,68,68,68,68,68,68,68,68,68,68,68,68,68,68,68,68,68,68,68,68,68,73,73,73,73,73,73,73,73,73],"relic_stats":{"Nunchaku":[25],"Regal Pillow":34,"Centennial Puzzle":[24],"counters":[22,154],"MealTicket":60,"Smiling Mask":75,"obtain_stats":[{"Nunchaku":9,"Regal Pillow":13,"Centennial Puzzle":26,"Tiny House":34,"Calipers":37,"MealTicket":7,"Red Mask":29,"PureWater":0,"Smiling Mask":23,"Runic Pyramid":17},{"Nunchaku":4,"Regal Pillow":7,"Centennial Puzzle":13,"Tiny House":17,"Calipers":19,"MealTicket":4,"Red Mask":15,"PureWater":0,"Smiling Mask":13,"Runic Pyramid":9},{"Nunchaku":11,"Regal Pillow":23,"Centennial Puzzle":70,"Tiny House":107,"Calipers":119,"MealTicket":11,"Red Mask":81,"PureWater":0,"Smiling Mask":70,"Runic Pyramid":43}]},"card_choices":[{"not_picked":["Blind","Jack Of All Trades"],"picked":"Purity","floor":0},{"not_picked":["ForeignInfluence","Swivel","Evaluate"],"picked":"SKIP","floor":1},{"not_picked":["ForeignInfluence","ReachHeaven","PathToVictory"],"picked":"SKIP","floor":3},{"not_picked":["ClearTheMind","Indignation","CrushJoints"],"picked":"SKIP","floor":4},{"not_picked":["Wallop","Swivel"],"picked":"LessonLearned","floor":7},{"not_picked":["ThirdEye","WindmillStrike","FollowUp"],"picked":"SKIP","floor":10},{"not_picked":["Perseverance","Crescendo","FollowUp"],"picked":"SKIP","floor":11},{"not_picked":["Collect","Indignation","Conclude"],"picked":"SKIP","floor":13},{"not_picked":["CrushJoints","DeceiveReality"],"picked":"LikeWater","floor":14},{"not_picked":["Omniscience","Devotion"],"picked":"Wish","floor":16},{"not_picked":["SignatureMove","Collect"],"picked":"TalkToTheHand","floor":18},{"not_picked":["Halt","ReachHeaven+1"],"picked":"MentalFortress","floor":20},{"not_picked":["Protect","PathToVictory","EmptyBody"],"picked":"SKIP","floor":22},{"not_picked":["CarveReality","FollowUp"],"picked":"Adaptation","floor":23},{"not_picked":["Swivel","Weave","WaveOfTheHand"],"picked":"SKIP","floor":27},{"not_picked":["PathToVictory","Indignation","WreathOfFlame+1"],"picked":"SKIP","floor":31},{"not_picked":["FlyingSleeves","ClearTheMind+1"],"picked":"Halt","floor":34},{"not_picked":["EmptyFist","WaveOfTheHand","Halt"],"picked":"SKIP","floor":35},{"not_picked":["EmptyFist","Halt"],"picked":"WaveOfTheHand","floor":35},{"not_picked":["Evaluate","ForeignInfluence","EmptyFist"],"picked":"SKIP","floor":36},{"not_picked":["Crescendo","WindmillStrike","WheelKick+1"],"picked":"SKIP","floor":38},{"not_picked":["EmptyFist+1","Consecrate+1","JustLucky+1"],"picked":"SKIP","floor":39}],"player_experience":1109676,"relics_obtained":[{"floor":7,"key":"MealTicket"},{"floor":9,"key":"Nunchaku"},{"floor":13,"key":"Regal Pillow"},{"floor":23,"key":"Smiling Mask"},{"floor":26,"key":"Centennial Puzzle"},{"floor":29,"key":"Red Mask"}],"event_choices":[{"cards_removed":["Defend_P"],"damage_healed":0,"gold_gain":0,"player_choice":"Card Removal","damage_taken":0,"max_hp_gain":0,"max_hp_loss":0,"event_name":"The Cleric","floor":2,"gold_loss":75},{"damage_healed":0,"gold_gain":0,"player_choice":"Got Potions","damage_taken":0,"max_hp_gain":0,"max_hp_loss":0,"event_name":"Lab","floor":5,"gold_loss":0},{"damage_healed":0,"gold_gain":0,"player_choice":"Cursed","damage_taken":0,"max_hp_gain":0,"max_hp_loss":0,"event_name":"Wheel of Change","floor":25,"gold_loss":0,"cards_obtained":["Decay"]},{"damage_healed":0,"gold_gain":0,"player_choice":"Ignored","damage_taken":0,"max_hp_gain":0,"max_hp_loss":0,"event_name":"The Mausoleum","floor":28,"gold_loss":0},{"damage_healed":0,"gold_gain":0,"player_choice":"Fought Bandits","damage_taken":0,"max_hp_gain":0,"max_hp_loss":0,"event_name":"Masked Bandits","floor":29,"gold_loss":0}],"is_beta":false,"boss_relics":[{"not_picked":["Pandora\u0027s Box","Velvet Choker"],"picked":"Runic Pyramid"},{"not_picked":["Runic Dome","HolyWater"],"picked":"Tiny House"}],"items_purged_floors":[12,19,37],"is_endless":false,"potions_floor_spawned":[4,7,11,16,20,23,29,36],"killed_by":"Nemesis","ascension_level":19}}