{"host":"bnypxyuqqfhejs48","time":1608931032,"event":{"mods":["AchievementEnabler","BaseMod","Colored Map","Colored Powertips","Downfall","Hermit","MarisaÅiñ∂âJÅ@ñÇóùçπÅj","Minty Spire (QoL Compilation)","Permanent Neow","Quick Restart","StSLib"],"gold_per_floor":[99,116,291,741,760,776,776,820,846,771,80,80,105,105,105,105],"floor_reached":14,"playtime":676,"items_purged":["Doubt"],"score":90,"play_id":"943e5f10-82bd-46b9-8dc4-70e292dbb54d","local_time":"20201225151712","is_ascension_mode":false,"campfire_choices":[{"floor":1.0,"key":"RECALL"},{"data":"champ:FanOfKnives","floor":10,"key":"SMITH"}],"circlet_count":0,"master_deck":["champ:Strike","champ:Strike","champ:Strike","champ:Strike","champ:Defend","champ:Defend","champ:Defend","champ:Defend","champ:Execute","champ:Taunt+1","champ:CrookedStrike","Slimebound:Icky","Slimebound:Icky","champ:FanOfKnives+1","champ:DeathBlow","champ:PreciseThrust","champ:GladiatorsShout","expansioncontent:GuardianWhirl","champ:ViciousMockery+1","champ:FaceSlap","champ:BerserkersShout+1","champ:FalseCounter+1"],"relics":["champ:ChampionCrown","CeramicFish","Anchor","downfall:HeartBlessingRed","Toxic Egg 2","Omamori"],"acts_visited":["Exordium"],"potions_floor_usage":[14],"damage_taken":[{"damage":3.0,"enemies":"2 Louse","floor":2.0,"turns":2.0},{"damage":5.0,"enemies":"Small Slimes","floor":5.0,"turns":4.0},{"damage":8.0,"enemies":"Cultist","floor":6.0,"turns":5.0},{"damage":47.0,"enemies":"3 Sentries","floor":8.0,"turns":7.0},{"damage":17,"enemies":"Lots of Slimes","floor":9,"turns":3},{"damage":5,"enemies":"downfall:FleeingMerchant","floor":11,"turns":4},{"damage":9,"enemies":"Gremlin Gang","floor":13,"turns":3},{"damage":47,"enemies":"Lagavulin","floor":14,"turns":7}],"seed_played":"4164248462591148917","potions_obtained":[{"floor":2.0,"key":"Ancient Potion"},{"floor":6.0,"key":"SteroidPotion"},{"floor":8.0,"key":"GamblersBrew"}],"is_trial":false,"path_per_floor":["R","M","?","?","M","M","T","E","M","R","$","?","M","E"],"character_chosen":"THE_CHAMP","items_purchased":["Toxic Egg 2","Omamori","expansioncontent:GuardianWhirl","champ:ViciousMockery+1","champ:FaceSlap","champ:BerserkersShout+1"],"campfire_rested":0,"item_purchase_floors":[11,11,11,11,11,11],"current_hp_per_floor":[90,87,87,87,87,79,79,40,33,33,33,33,33,0,0,0],"gold":105,"neow_bonus":"UPGRADE_CARD","is_daily":false,"chose_seed":false,"campfire_upgraded":1,"win_rate":0.0,"timestamp":1608931032,"path_taken":["R","M","?","?","M","M","T","E","M","R","$","?","M","E"],"items_purchased_type":["Relic","Relic","Card","Card","Card","Card"],"build_version":"2020-12-22","purchased_purges":1,"victory":false,"max_hp_per_floor":[90,90,90,90,90,90,90,90,90,90,90,90,90,90,90,90],"card_choices":[{"not_picked":["champ:DefensiveStyle","champ:HeartStrike"],"picked":"champ:CrookedStrike","floor":2.0},{"not_picked":["champ:Lariat","champ:FocusedBerserking"],"picked":"champ:FanOfKnives","floor":5.0},{"not_picked":["champ:Circumvent","champ:CrookedStrike","champ:GladiatorStyle"],"picked":"SKIP","floor":6.0},{"not_picked":["champ:BerserkersShout","champ:StanceDance"],"picked":"champ:DeathBlow","floor":8.0},{"not_picked":["champ:GutPunch","champ:PerfectedStrike"],"picked":"champ:PreciseThrust","floor":9},{"not_picked":["champ:Backstep","champ:VampiricStrike"],"picked":"champ:GladiatorsShout","floor":11},{"not_picked":["champ:PreciseThrust","champ:RapidStrikes"],"picked":"champ:FalseCounter+1","floor":13}],"player_experience":297669,"relics_obtained":[{"floor":7.0,"key":"CeramicFish"},{"floor":8.0,"key":"Anchor"}],"event_choices":[{"cards_removed":["Slimebound:Icky"],"damage_healed":0,"gold_gain":0,"player_choice":"Card Removal","damage_taken":0,"max_hp_gain":0,"max_hp_loss":0,"event_name":"The Cleric","floor":12,"gold_loss":0}],"is_beta":false,"boss_relics":[],"items_purged_floors":[11],"is_endless":false,"potions_floor_spawned":[2,6,8],"killed_by":"Lagavulin","ascension_level":0}}