{"host":"baymyijz6sxaqj5s","time":1608884370,"event":{"mods":["AchievementEnabler","BaseMod","Colored Map","Colored Powertips","DeckTracker","KOR Keyword Fix","Keyboard Shortcuts","Minty Spire (QoL Compilation)","Quick Restart","StSLib","SuperFastMode"],"gold_per_floor":[111,111,121,133,133,133,146,162,162,162,127,127,138,151,151,256,256,238,197,212,311,401,432,452,452,452,105,121,121,148,148,148,247,247,263,313,30,30,47,47,59,93,168,56,70,81,107,123,123,123],"floor_reached":51,"playtime":2403,"items_purged":[],"score":928,"play_id":"c0caa275-8d3b-4dbe-96c0-ab4c0e357f0f","local_time":"20201225171930","is_ascension_mode":true,"campfire_choices":[{"data":"Deflect","floor":6,"key":"SMITH"},{"data":"Blur","floor":12,"key":"SMITH"},{"data":"Backflip","floor":15,"key":"SMITH"},{"floor":25,"key":"REST"},{"floor":32,"key":"REST"},{"floor":40,"key":"REST"},{"floor":49,"key":"REST"}],"circlet_count":0,"master_deck":["Survivor","Neutralize","Deadly Poison+1","Deflect+1","Tactician","Noxious Fumes","Blur+1","Poisoned Stab","Backflip+1","Masterful Stab","Adrenaline","Wraith Form v2","Sucker Punch","Caltrops","After Image","Escape Plan","Footwork","Crippling Poison","Crippling Poison","Poisoned Stab","Leg Sweep","Burst","Bouncing Flask","Leg Sweep","All Out Attack","Dash"],"relics":["Ring of the Snake","Singing Bowl","Pandora\u0027s Box","Anchor","StoneCalendar","FossilizedHelix","Unceasing Top","HoveringKite","Pocketwatch","Paper Crane","Bottled Flame","Toxic Egg 2","HornCleat"],"acts_visited":["Exordium","TheCity","TheBeyond"],"potions_floor_usage":[13,16,16,28,30,30,30,41,45,46,47,48],"damage_taken":[{"damage":2,"enemies":"Small Slimes","floor":1,"turns":4},{"damage":2,"enemies":"Jaw Worm","floor":3,"turns":4},{"damage":0,"enemies":"2 Louse","floor":4,"turns":2},{"damage":5,"enemies":"2 Fungi Beasts","floor":7,"turns":4},{"damage":0,"enemies":"Red Slaver","floor":8,"turns":5},{"damage":0,"enemies":"3 Louse","floor":13,"turns":3},{"damage":7,"enemies":"Large Slime","floor":14,"turns":7},{"damage":46,"enemies":"Slime Boss","floor":16,"turns":13},{"damage":13,"enemies":"2 Thieves","floor":18,"turns":4},{"damage":5,"enemies":"Chosen","floor":20,"turns":6},{"damage":26,"enemies":"Gremlin Leader","floor":23,"turns":7},{"damage":6,"enemies":"Snecko","floor":24,"turns":7},{"damage":1,"enemies":"Sentry and Sphere","floor":28,"turns":4},{"damage":0,"enemies":"Book of Stabbing","floor":30,"turns":4},{"damage":0,"enemies":"Champ","floor":33,"turns":11},{"damage":35,"enemies":"3 Darklings","floor":35,"turns":6},{"damage":3,"enemies":"Mind Bloom Boss Battle","floor":36,"turns":8},{"damage":30,"enemies":"3 Shapes","floor":39,"turns":5},{"damage":0,"enemies":"Writhing Mass","floor":41,"turns":6},{"damage":0,"enemies":"Giant Head","floor":42,"turns":11},{"damage":13,"enemies":"Transient","floor":45,"turns":5},{"damage":0,"enemies":"Jaw Worm Horde","floor":46,"turns":5},{"damage":44,"enemies":"Reptomancer","floor":47,"turns":8},{"damage":0,"enemies":"Maw","floor":48,"turns":7},{"damage":46,"enemies":"Donu and Deca","floor":50,"turns":15}],"seed_played":"-2112282416060134232","potions_obtained":[{"floor":7,"key":"DistilledChaos"},{"floor":8,"key":"SpeedPotion"},{"floor":13,"key":"SkillPotion"},{"floor":14,"key":"FearPotion"},{"floor":23,"key":"Poison Potion"},{"floor":24,"key":"FearPotion"},{"floor":28,"key":"SteroidPotion"},{"floor":39,"key":"PowerPotion"},{"floor":41,"key":"DuplicationPotion"},{"floor":46,"key":"EssenceOfSteel"},{"floor":47,"key":"PowerPotion"}],"is_trial":false,"path_per_floor":["M","?","M","M","?","R","M","M","T","?","?","R","M","M","R","B",null,"M","$","M","?","?","E","M","R","T","$","M","?","E","?","R","B",null,"M","?","$","?","M","R","M","E","T","$","M","M","E","M","R","B",null],"character_chosen":"THE_SILENT","items_purchased":["Crippling Poison","Leg Sweep","FossilizedHelix","Bouncing Flask","Paper Crane","All Out Attack","LiquidMemories"],"campfire_rested":4,"item_purchase_floors":[19,27,27,37,37,44,44],"current_hp_per_floor":[75,80,78,78,78,78,73,73,73,66,82,82,82,75,75,31,84,71,71,68,68,56,32,26,52,52,52,53,35,37,37,66,66,97,64,63,63,63,35,65,65,67,67,67,56,56,14,16,49,3],"gold":123,"neow_bonus":"TEN_PERCENT_HP_BONUS","is_daily":false,"chose_seed":false,"campfire_upgraded":3,"win_rate":0.0,"timestamp":1608884370,"path_taken":["M","?","M","M","?","R","M","M","T","?","?","R","M","?","R","BOSS","M","$","M","?","?","E","?","R","T","$","M","?","E","?","R","BOSS","M","?","$","?","M","R","M","E","T","?","M","?","E","M","R","BOSS"],"items_purchased_type":["Card","Card","Relic","Card","Relic","Card","Potion"],"build_version":"2020-12-22","purchased_purges":0,"victory":true,"max_hp_per_floor":[77,82,82,82,82,82,82,82,82,82,82,82,82,82,82,84,84,84,84,86,86,86,88,88,88,88,88,90,95,97,97,97,97,97,99,101,101,101,103,103,103,105,105,105,107,107,109,111,111,111],"card_choices":[{"not_picked":["Blade Dance","Deflect"],"picked":"Deadly Poison","floor":1},{"not_picked":["Cloak And Dagger","Dagger Spray"],"picked":"Deflect","floor":3},{"not_picked":["Acrobatics","Expertise"],"picked":"Tactician","floor":4},{"not_picked":["Backflip","Underhanded Strike"],"picked":"Noxious Fumes","floor":7},{"not_picked":["Cloak And Dagger","Phantasmal Killer"],"picked":"Blur","floor":8},{"not_picked":["Sucker Punch","Slice"],"picked":"Poisoned Stab","floor":13},{"not_picked":["Cloak And Dagger","Quick Slash"],"picked":"Backflip","floor":14},{"not_picked":["Envenom","Tools of the Trade","Unload"],"picked":"Singing Bowl","floor":16},{"not_picked":["Dash","Quick Slash"],"picked":"Crippling Poison","floor":18},{"not_picked":["All Out Attack","Escape Plan","Underhanded Strike+1"],"picked":"Singing Bowl","floor":20},{"not_picked":["Flying Knee","Quick Slash","Slice"],"picked":"Singing Bowl","floor":23},{"not_picked":["Prepared","Terror"],"picked":"Poisoned Stab","floor":24},{"not_picked":["Terror","Outmaneuver","Calculated Gamble+1"],"picked":"Singing Bowl","floor":28},{"not_picked":["Dagger Throw+1","Acrobatics","Dagger Spray"],"picked":"Singing Bowl","floor":30},{"not_picked":["Glass Knife","Night Terror"],"picked":"Burst","floor":33},{"not_picked":["Bane","Sucker Punch+1","Quick Slash"],"picked":"Singing Bowl","floor":35},{"not_picked":["Heel Hook","Prepared+1","Flying Knee+1"],"picked":"Singing Bowl","floor":36},{"not_picked":["Cloak And Dagger+1","Quick Slash+1","Heel Hook+1"],"picked":"Singing Bowl","floor":39},{"not_picked":["Endless Agony","Bane"],"picked":"Leg Sweep","floor":41},{"not_picked":["Underhanded Strike+1","Reflex","Cloak And Dagger"],"picked":"SKIP","floor":42},{"not_picked":["Underhanded Strike+1","Reflex","Cloak And Dagger"],"picked":"Singing Bowl","floor":42},{"not_picked":["Footwork","Dagger Throw+1","Dagger Spray"],"picked":"Singing Bowl","floor":45},{"not_picked":["Deflect+1","Dagger Spray+1"],"picked":"Dash","floor":46},{"not_picked":["Glass Knife","Terror+1","Prepared+1"],"picked":"Singing Bowl","floor":47},{"not_picked":["Acrobatics+1","Accuracy","Choke"],"picked":"Singing Bowl","floor":48}],"player_experience":233807,"relics_obtained":[{"floor":9,"key":"Singing Bowl"},{"floor":23,"key":"Anchor"},{"floor":26,"key":"StoneCalendar"},{"floor":30,"key":"Unceasing Top"},{"floor":36,"key":"Pocketwatch"},{"floor":42,"key":"Bottled Flame"},{"floor":43,"key":"Toxic Egg 2"},{"floor":47,"key":"HornCleat"}],"event_choices":[{"damage_healed":0,"gold_gain":0,"player_choice":"Donut","damage_taken":0,"max_hp_gain":5,"max_hp_loss":0,"event_name":"Big Fish","floor":2,"gold_loss":0},{"damage_healed":0,"gold_gain":0,"player_choice":"Grow","damage_taken":0,"max_hp_gain":0,"max_hp_loss":0,"event_name":"Living Wall","floor":5,"gold_loss":0,"cards_upgraded":["Deadly Poison"]},{"cards_removed":["Strike_G"],"damage_healed":0,"gold_gain":0,"player_choice":"Card Removal","damage_taken":7,"max_hp_gain":0,"max_hp_loss":0,"event_name":"Golden Wing","floor":10,"gold_loss":0},{"damage_healed":20,"gold_gain":0,"player_choice":"Healed","damage_taken":0,"max_hp_gain":0,"max_hp_loss":0,"event_name":"The Cleric","floor":11,"gold_loss":35},{"damage_healed":0,"gold_gain":99,"player_choice":"Stole From Cult","damage_taken":0,"max_hp_gain":0,"max_hp_loss":0,"event_name":"Nest","floor":21,"gold_loss":0},{"damage_healed":0,"gold_gain":90,"player_choice":"GOLD ","damage_taken":12,"max_hp_gain":0,"max_hp_loss":0,"event_name":"Knowing Skull","floor":22,"potions_obtained":[],"gold_loss":0,"cards_obtained":[]},{"damage_healed":0,"gold_gain":0,"player_choice":"Shed Blood","damage_taken":23,"max_hp_gain":5,"max_hp_loss":0,"event_name":"Forgotten Altar","floor":29,"gold_loss":0},{"damage_healed":0,"gold_gain":0,"player_choice":"Ignored","damage_taken":0,"max_hp_gain":0,"max_hp_loss":0,"event_name":"Ghosts","floor":31,"gold_loss":0},{"damage_healed":0,"gold_gain":0,"player_choice":"Fight","damage_taken":0,"max_hp_gain":0,"max_hp_loss":0,"event_name":"MindBloom","floor":36,"gold_loss":0},{"cards_removed":["Bullet Time"],"damage_healed":0,"gold_gain":0,"player_choice":"Removed Skill","damage_taken":0,"max_hp_gain":0,"max_hp_loss":0,"event_name":"Falling","floor":38,"gold_loss":0}],"is_beta":false,"boss_relics":[{"not_picked":["Velvet Choker","Fusion Hammer"],"picked":"Pandora\u0027s Box"},{"not_picked":["Busted Crown","Philosopher\u0027s Stone"],"picked":"HoveringKite"}],"items_purged_floors":[],"is_endless":false,"potions_floor_spawned":[7,8,13,14,23,24,28,39,41,46,47],"ascension_level":1}}