{"host":"baymyijz6sxaqj5s","time":1608891376,"event":{"mods":["AchievementEnabler","BaseMod","Colored Map","Colored Powertips","DeckTracker","KOR Keyword Fix","Keyboard Shortcuts","Minty Spire (QoL Compilation)","Quick Restart","StSLib","SuperFastMode"],"gold_per_floor":[110,21,41,54,73,104,104,136,148,160,191,168,22,42,42,42,42],"floor_reached":16,"playtime":531,"items_purged":[],"score":123,"play_id":"360994f0-1d75-4d55-ae37-8d8d4620d3ad","local_time":"20201225191616","is_ascension_mode":true,"campfire_choices":[{"floor":7,"key":"REST"},{"floor":15,"key":"REST"}],"circlet_count":0,"master_deck":["Strike_R","Strike_R","Strike_R","Strike_R","Strike_R","Defend_R","Defend_R","Defend_R","Defend_R","Bash","Inflame","Armaments","Flame Barrier","Spot Weakness","Reaper","Entrench","Heavy Blade"],"relics":["Burning Blood","Lantern","MawBank","Shuriken"],"acts_visited":["Exordium"],"potions_floor_usage":[6,6,11],"damage_taken":[{"damage":7,"enemies":"Cultist","floor":1,"turns":6},{"damage":5,"enemies":"Small Slimes","floor":3,"turns":3},{"damage":3,"enemies":"Jaw Worm","floor":4,"turns":4},{"damage":12,"enemies":"Exordium Wildlife","floor":5,"turns":4},{"damage":45,"enemies":"3 Sentries","floor":6,"turns":11},{"damage":44,"enemies":"Lagavulin","floor":8,"turns":10},{"damage":3,"enemies":"Looter","floor":11,"turns":4},{"damage":16,"enemies":"Large Slime","floor":14,"turns":8},{"damage":109,"enemies":"Slime Boss","floor":16,"turns":10}],"seed_played":"5913478280070243478","potions_obtained":[{"floor":1,"key":"Ancient Potion"},{"floor":5,"key":"Fruit Juice"},{"floor":6,"key":"Swift Potion"},{"floor":14,"key":"LiquidBronze"}],"is_trial":false,"path_per_floor":["M","$","M","M","M","E","R","E","T","?","M","?","$","M","R","B"],"character_chosen":"IRONCLAD","items_purchased":["Inflame","Armaments","Reaper","Entrench"],"campfire_rested":2,"item_purchase_floors":[2,2,13,13],"current_hp_per_floor":[87,87,88,88,82,48,75,37,37,37,40,63,63,59,86,0,0],"gold":42,"neow_bonus":"TEN_PERCENT_HP_BONUS","is_daily":false,"chose_seed":false,"campfire_upgraded":0,"win_rate":0.0,"timestamp":1608891376,"path_taken":["M","?","M","?","M","E","R","E","T","?","M","?","?","M","R","BOSS"],"items_purchased_type":["Card","Card","Card","Card"],"build_version":"2020-12-22","purchased_purges":0,"victory":false,"max_hp_per_floor":[88,88,88,88,88,93,93,93,93,93,93,93,93,93,93,93,93],"card_choices":[{"not_picked":["Fire Breathing","Disarm","Combust"],"picked":"SKIP","floor":1},{"not_picked":["Warcry","Metallicize","Anger"],"picked":"SKIP","floor":3},{"not_picked":["Havoc","Bloodletting","Clash"],"picked":"SKIP","floor":4},{"not_picked":["Clash","Armaments","Sentinel"],"picked":"SKIP","floor":5},{"not_picked":["Fiend Fire","Headbutt","Warcry"],"picked":"SKIP","floor":6},{"not_picked":["Sword Boomerang","Dual Wield"],"picked":"Flame Barrier","floor":8},{"not_picked":["Perfected Strike","Wild Strike"],"picked":"Spot Weakness","floor":11},{"not_picked":["Armaments","Intimidate"],"picked":"Heavy Blade","floor":14}],"player_experience":242347,"relics_obtained":[{"floor":6,"key":"Lantern"},{"floor":8,"key":"MawBank"},{"floor":9,"key":"Shuriken"}],"event_choices":[{"damage_healed":0,"gold_gain":0,"player_choice":"Ignored","damage_taken":0,"max_hp_gain":0,"max_hp_loss":0,"event_name":"Liars Game","floor":10,"gold_loss":0},{"damage_healed":23,"gold_gain":0,"player_choice":"Healed","damage_taken":0,"max_hp_gain":0,"max_hp_loss":0,"event_name":"The Cleric","floor":12,"gold_loss":35}],"is_beta":false,"boss_relics":[],"items_purged_floors":[],"is_endless":false,"potions_floor_spawned":[1,5,6,14],"killed_by":"Slime Boss","ascension_level":2}}