{"host":"08sn1703g14rasc1","time":1608935203,"event":{"mods":["AchievementEnabler","BaseMod","Colored Map","Colored Powertips","Hermit","Minty Spire (QoL Compilation)","StSLib"],"gold_per_floor":[11,11,186,210,10,10,45,45,97,109,86,131,143,178,190,322,334,362,392,404,436,18,49,49,83,83,104,104,104,104,120,120,251,251,275,295,19,19,19,19,55,55,55,155,171,195,210,230,230,230,230],"floor_reached":50,"playtime":3035,"items_purged":["Doubt"],"score":842,"play_id":"c58e44ad-8967-4d8d-92d2-8bcd91e926e1","local_time":"20201225142643","is_ascension_mode":true,"campfire_choices":[{"data":"Devotion","floor":6,"key":"SMITH"},{"floor":15,"key":"REST"},{"floor":24,"key":"REST"},{"floor":28,"key":"REST"},{"floor":30,"key":"REST"},{"floor":32,"key":"REST"},{"floor":40,"key":"REST"},{"floor":42,"key":"REST"},{"floor":49,"key":"REST"}],"circlet_count":0,"master_deck":["Eruption","Vigilance","Devotion+1","CarveReality","Injury","SandsOfTime","LessonLearned","Consecrate+1","EmptyFist+1","Fasting2+1","Vault","Prostrate","Evaluate","Consecrate","TalkToTheHand+1","Madness","ClearTheMind","Normality","DeusExMachina","WheelKick","Brilliance","FlurryOfBlows","SashWhip","ReachHeaven","Alpha","Swivel","Consecrate","WheelKick","Establishment","ReachHeaven","Swivel+1","SpiritShield+1","Prostrate+1","Normality","Consecrate","BowlingBash+1","Evaluate+1","ClearTheMind+1"],"relics":["PureWater","Golden Idol","Vajra","MawBank","Oddly Smooth Stone","Cursed Key","Whetstone","PreservedInsect","Bottled Tornado","Lizard Tail","CaptainsWheel","Pandora\u0027s Box","ClockworkSouvenir","Bronze Scales","Yang"],"acts_visited":["Exordium","TheCity","TheBeyond"],"potions_floor_usage":[7,7,16,23,25,27,33,36,45,46,50,50],"damage_taken":[{"damage":0.0,"enemies":"2 Louse","floor":1.0,"turns":2.0},{"damage":7,"enemies":"Small Slimes","floor":4,"turns":3},{"damage":30,"enemies":"3 Sentries","floor":7,"turns":6},{"damage":32,"enemies":"Gremlin Nob","floor":12,"turns":4},{"damage":0,"enemies":"Cultist","floor":14,"turns":2},{"damage":0,"enemies":"Slime Boss","floor":16,"turns":5},{"damage":38,"enemies":"2 Thieves","floor":18,"turns":3},{"damage":1,"enemies":"Chosen","floor":19,"turns":4},{"damage":0,"enemies":"Snake Plant","floor":21,"turns":3},{"damage":4,"enemies":"Slavers","floor":23,"turns":3},{"damage":26,"enemies":"Book of Stabbing","floor":25,"turns":4},{"damage":3,"enemies":"Cultist and Chosen","floor":27,"turns":4},{"damage":24,"enemies":"Colosseum Slavers","floor":29,"turns":7},{"damage":26,"enemies":"Centurion and Healer","floor":31,"turns":6},{"damage":13,"enemies":"Automaton","floor":33,"turns":7},{"damage":17,"enemies":"3 Darklings","floor":35,"turns":4},{"damage":24,"enemies":"3 Shapes","floor":36,"turns":5},{"damage":13,"enemies":"Nemesis","floor":41,"turns":4},{"damage":24,"enemies":"Transient","floor":45,"turns":6},{"damage":32,"enemies":"Jaw Worm Horde","floor":46,"turns":4},{"damage":9,"enemies":"Sphere and 2 Shapes","floor":47,"turns":4},{"damage":7,"enemies":"Maw","floor":48,"turns":6},{"damage":47,"enemies":"Awakened One","floor":50,"turns":6}],"seed_played":"-3851410675058037344","potions_obtained":[{"floor":4,"key":"BottledMiracle"},{"floor":12,"key":"Fire Potion"},{"floor":18,"key":"AttackPotion"},{"floor":19,"key":"Strength Potion"},{"floor":27,"key":"Ancient Potion"},{"floor":31,"key":"Strength Potion"},{"floor":35,"key":"Block Potion"},{"floor":45,"key":"Fire Potion"},{"floor":48,"key":"Explosive Potion"}],"is_trial":false,"path_per_floor":["M","?","?","M","$","R","E","?","T","?","?","E","$","M","R","B",null,"M","M","T","M","$","E","R","E","T","M","R","?","R","M","R","B",null,"M","M","$","?","$","R","E","R","T","?","M","M","M","M","R","B"],"character_chosen":"WATCHER","items_purchased":["LessonLearned","Block Potion","PreservedInsect","TalkToTheHand","Fire Potion","Madness","SpiritShield","ClockworkSouvenir","Strength Potion"],"campfire_rested":8,"item_purchase_floors":[5,5,22,22,22,22,37,37,37],"current_hp_per_floor":[65,65,65,58,58,58,28,52,52,45,45,13,13,13,34,34,63,25,24,24,24,24,20,41,15,15,12,33,9,30,4,25,12,57,40,16,16,16,16,37,24,45,45,45,21,36,27,20,41,0,0],"gold":230,"neow_bonus":"THREE_RARE_CARDS","is_daily":false,"chose_seed":false,"campfire_upgraded":1,"win_rate":0.0,"timestamp":1608935203,"path_taken":["M","?","?","M","$","R","E","?","T","?","?","E","?","?","R","BOSS","M","M","?","M","$","E","R","E","T","?","R","?","R","M","R","BOSS","M","M","$","?","?","R","E","R","T","?","M","M","M","?","R","BOSS"],"items_purchased_type":["Card","Potion","Relic","Card","Potion","Card","Card","Relic","Potion"],"build_version":"2020-12-22","purchased_purges":1,"victory":false,"max_hp_per_floor":[72,72,72,72,72,72,72,72,72,72,72,72,72,72,72,72,72,72,72,72,72,72,72,72,72,72,72,72,72,72,72,72,72,72,72,72,72,72,72,72,72,72,72,72,72,72,72,72,72,72,72],"card_choices":[{"not_picked":["Wish","Omniscience"],"picked":"Devotion","floor":0.0},{"not_picked":["Protect","Wireheading"],"picked":"CarveReality","floor":1.0},{"not_picked":["Perseverance","ThirdEye"],"picked":"SandsOfTime","floor":4},{"not_picked":["SandsOfTime","CutThroughFate"],"picked":"Consecrate","floor":7},{"not_picked":["ForeignInfluence","CarveReality"],"picked":"EmptyFist","floor":12},{"not_picked":["Protect","DeceiveReality"],"picked":"Fasting2","floor":14},{"not_picked":["Alpha","Wish"],"picked":"Vault","floor":16},{"not_picked":["ThirdEye+1","JustLucky"],"picked":"Prostrate","floor":18},{"not_picked":["Halt","FollowUp"],"picked":"Evaluate","floor":19},{"not_picked":["CutThroughFate","JustLucky+1"],"picked":"Consecrate","floor":21},{"not_picked":["ThirdEye","Weave+1","InnerPeace"],"picked":"SKIP","floor":23},{"not_picked":["Tantrum","Sanctity"],"picked":"ClearTheMind","floor":25},{"not_picked":["Evaluate+1","Wireheading"],"picked":"DeusExMachina","floor":27},{"not_picked":["CutThroughFate","BowlingBash"],"picked":"WheelKick","floor":31},{"not_picked":["SpiritShield","DevaForm"],"picked":"Brilliance","floor":33},{"not_picked":["LikeWater","SignatureMove+1"],"picked":"ReachHeaven","floor":35},{"not_picked":["SashWhip+1","Consecrate"],"picked":"Swivel+1","floor":36},{"not_picked":["WaveOfTheHand+1","SashWhip"],"picked":"Prostrate+1","floor":41},{"not_picked":["Adaptation","Crescendo"],"picked":"Consecrate","floor":45},{"not_picked":["CrushJoints","LikeWater"],"picked":"BowlingBash+1","floor":46},{"not_picked":["BowlingBash+1","ClearTheMind"],"picked":"Evaluate+1","floor":47},{"not_picked":["PathToVictory","FollowUp"],"picked":"ClearTheMind+1","floor":48}],"player_experience":433191,"relics_obtained":[{"floor":7,"key":"Vajra"},{"floor":9,"key":"MawBank"},{"floor":12,"key":"Oddly Smooth Stone"},{"floor":20,"key":"Whetstone"},{"floor":23,"key":"Bottled Tornado"},{"floor":25,"key":"Lizard Tail"},{"floor":26,"key":"CaptainsWheel"},{"floor":41,"key":"Bronze Scales"},{"floor":43,"key":"Yang"}],"event_choices":[{"damage_healed":0.0,"max_hp_gain":0.0,"max_hp_loss":0.0,"gold_gain":0.0,"event_name":"Golden Idol","player_choice":"Take Wound","floor":2.0,"gold_loss":0.0,"damage_taken":0.0,"relics_obtained":["Golden Idol"],"cards_obtained":["Injury"]},{"damage_healed":0.0,"max_hp_gain":0.0,"max_hp_loss":0.0,"gold_gain":175.0,"event_name":"Liars Game","player_choice":"AGREE","floor":3.0,"gold_loss":0.0,"damage_taken":0.0,"cards_obtained":["Doubt"]},{"damage_healed":24,"gold_gain":0,"player_choice":"Banana","damage_taken":0,"max_hp_gain":0,"max_hp_loss":0,"event_name":"Big Fish","floor":8,"gold_loss":0},{"cards_removed":["Doubt"],"damage_healed":0,"gold_gain":0,"player_choice":"Card Removal","damage_taken":7,"max_hp_gain":0,"max_hp_loss":0,"event_name":"Golden Wing","floor":10,"gold_loss":0},{"damage_healed":0,"gold_gain":0,"player_choice":"Left Gold","damage_taken":0,"max_hp_gain":0,"max_hp_loss":0,"event_name":"World of Goop","floor":11,"gold_loss":35},{"damage_healed":0,"gold_gain":0,"player_choice":"Fight","damage_taken":0,"max_hp_gain":0,"max_hp_loss":0,"event_name":"Colosseum","floor":29,"gold_loss":0},{"damage_healed":0,"gold_gain":0,"player_choice":"Fled From Nobs","damage_taken":0,"max_hp_gain":0,"max_hp_loss":0,"event_name":"Colosseum","floor":29,"gold_loss":0},{"damage_healed":0,"gold_gain":0,"player_choice":"Upgraded","damage_taken":0,"max_hp_gain":0,"max_hp_loss":0,"event_name":"Upgrade Shrine","floor":38,"gold_loss":0,"cards_upgraded":["SpiritShield"]},{"damage_healed":0,"gold_gain":100,"player_choice":"Pray","damage_taken":0,"max_hp_gain":0,"max_hp_loss":0,"event_name":"Golden Shrine","floor":44,"gold_loss":0}],"is_beta":false,"boss_relics":[{"not_picked":["Busted Crown","Sozu"],"picked":"Cursed Key"},{"not_picked":["Velvet Choker","Runic Pyramid"],"picked":"Pandora\u0027s Box"}],"items_purged_floors":[22],"is_endless":false,"potions_floor_spawned":[4,12,18,19,27,29,31,35,45,48],"killed_by":"Awakened One","ascension_level":7}}