{"host":"z9grmtg2w0nmz8n1","time":1608907990,"event":{"mods":["Aspiration","Bard","BaseMod","Beaked The Cultist","Better Altar","Better Match","Better Note","Better Sensory Stone","Better Skull","Better Third Choice","BetterRewards","CCEM","Colored Map","Conspire","Downfall","GifTheSpireLib","Googly Eyes","Halation","Hermit","Highlight Path","Hubris","Hunter ??","Jedi Mod","Jorbs\u0027s Wanderer Trilogy","Mad Scientist","Marisa????????","Minty Spire (QoL Compilation)","Permanent Neow","Replay The Spire","Shade Mod","Shop Mod","Spicy Shops","StSLib","Stuff the Spire","The Bug Knight","The Construct","The Necromancer","The Runesmith","The Witch"],"gold_per_floor":[109,123,48,48,67,97,117,150,150,160,160,192,212,0,0,101,101,121,135,235,110,125,155,167,167,167],"floor_reached":25,"playtime":1588,"items_purged":["Strike_MRS","Strike_MRS","Strike_MRS"],"score":245,"play_id":"fe0c7776-af67-4c07-9d76-1b1f4744901e","local_time":"20201225125310","is_ascension_mode":false,"campfire_choices":[{"floor":11,"key":"RECALL"},{"floor":15,"key":"REST"}],"circlet_count":0,"master_deck":["Strike_MRS+1","Defend_MRS","Defend_MRS","Defend_MRS","Defend_MRS","MasterSpark","UpSweep","Singularity","LuminesStrike","NonDirectionalLaser","StarBarrage","PulseMagic","PowerUp","WitchLeyline","StarlightTyphoon","Singularity","BinaryStars","NonDirectionalLaser+1","AsteroidBelt+1","MagicAbsorber","SprinkleStarSeal+1"],"relics":["MiniHakkero","Bottled Tornado","CCEMRelics:WarHorn","jedi:purplefairy","Strange Spoon","jedi:paperlyon","StuffTheSpire:EmeraldSignet"],"acts_visited":["Exordium","TheCity"],"potions_floor_usage":[12,23,25,25],"damage_taken":[{"damage":0,"enemies":"2 Louse","floor":1,"turns":2},{"damage":0,"enemies":"Jaw Worm","floor":2,"turns":3},{"damage":0,"enemies":"conspire:RoseBush","floor":5,"turns":3},{"damage":16,"enemies":"Replay:BlueRogue","floor":6,"turns":7},{"damage":6,"enemies":"Red Slaver","floor":7,"turns":3},{"damage":8,"enemies":"HollowMod:MossKnight","floor":8,"turns":8},{"damage":15,"enemies":"Looter","floor":10,"turns":3},{"damage":18,"enemies":"Lagavulin","floor":12,"turns":6},{"damage":9,"enemies":"Exordium Thugs","floor":13,"turns":4},{"damage":7,"enemies":"Slime Boss","floor":16,"turns":7},{"damage":0,"enemies":"Spheric Guardian","floor":18,"turns":3},{"damage":19,"enemies":"2 Thieves","floor":19,"turns":4},{"damage":28,"enemies":"Sentry and Sphere","floor":22,"turns":4},{"damage":24,"enemies":"Book of Stabbing","floor":23,"turns":5},{"damage":0,"enemies":"Snecko","floor":24,"turns":4},{"damage":8,"enemies":"conspire:SneckoGhost","floor":25,"turns":1}],"seed_played":"7727940638992504901","potions_obtained":[{"floor":2,"key":"Languid Potion"},{"floor":7,"key":"Block Potion"},{"floor":13,"key":"Venom Potion"},{"floor":16,"key":"Dexterity Potion"},{"floor":23,"key":"SpeedPotion"}],"is_trial":false,"path_per_floor":["M","M","$","?","M","E","M","E","T","M","R","E","M","$","R","B",null,"M","M","?","$","M","E","M","E"],"character_chosen":"MARISA","items_purchased":["Strange Spoon","Singularity"],"campfire_rested":1,"item_purchase_floors":[14,14],"current_hp_per_floor":[75,75,75,75,75,59,53,45,45,30,30,12,3,3,25,18,75,75,56,56,56,28,4,4,0,0],"gold":167,"neow_bonus":"RANDOM_EVENT","is_daily":false,"chose_seed":false,"campfire_upgraded":0,"win_rate":0.0,"timestamp":1608907990,"path_taken":["M","M","$","?","M","E","M","E","T","M","R","E","M","$","R","BOSS","M","M","?","$","M","E","?","E"],"items_purchased_type":["Relic","Card"],"build_version":"2020-12-22","purchased_purges":3,"victory":false,"max_hp_per_floor":[75,75,75,75,75,75,75,75,75,75,75,75,75,75,75,75,75,75,75,75,75,75,75,75,75,75],"card_choices":[{"not_picked":["GrandCross","SporeBomb","IllusionStar"],"picked":"SKIP","floor":1},{"not_picked":["DeepEcoloBomb","EnergyFlow"],"picked":"Singularity","floor":2},{"not_picked":["NonDirectionalLaser","SporeBomb"],"picked":"LuminesStrike","floor":5},{"not_picked":["WitchOfGreed","AsteroidBelt"],"picked":"NonDirectionalLaser","floor":6},{"not_picked":["GravityBeat","ManaConvection"],"picked":"StarBarrage","floor":7},{"not_picked":["ManaRampage","MagicChant"],"picked":"PulseMagic","floor":8},{"not_picked":["GrandCross","WitchOfGreed"],"picked":"PowerUp","floor":10},{"not_picked":["Robbery","6A"],"picked":"WitchLeyline","floor":12},{"not_picked":["ShootTheMoon","PulseMagic"],"picked":"StarlightTyphoon","floor":13},{"not_picked":["SuperNova","JA"],"picked":"BinaryStars","floor":16},{"not_picked":["DarkMatter","Acceleration","GravityBeat"],"picked":"SKIP","floor":18},{"not_picked":["GravityBeat","Singularity"],"picked":"NonDirectionalLaser+1","floor":19},{"not_picked":["MagicChant","LuminesStrike+1"],"picked":"AsteroidBelt+1","floor":22},{"not_picked":["SuperNova","IllusionStar"],"picked":"MagicAbsorber","floor":23},{"not_picked":["Acceleration+1","AsteroidBelt"],"picked":"SprinkleStarSeal+1","floor":24}],"player_experience":710869,"relics_obtained":[{"floor":6,"key":"Bottled Tornado"},{"floor":8,"key":"CCEMRelics:WarHorn"},{"floor":12,"key":"jedi:purplefairy"},{"floor":23,"key":"StuffTheSpire:EmeraldSignet"}],"event_choices":[{"damage_healed":0,"gold_gain":0,"player_choice":"Ignored","damage_taken":48,"max_hp_gain":0,"max_hp_loss":0,"event_name":"betterThird:BetterSerpent","floor":4,"gold_loss":0},{"damage_healed":0,"gold_gain":100,"player_choice":"Pray","damage_taken":0,"max_hp_gain":0,"max_hp_loss":0,"event_name":"Golden Shrine","floor":20,"gold_loss":0}],"is_beta":false,"boss_relics":[{"not_picked":["Runic Pyramid","construct:WeddingRing"],"picked":"jedi:paperlyon"}],"items_purged_floors":[3,14,21],"is_endless":false,"potions_floor_spawned":[2,7,13,16,23],"killed_by":"conspire:SneckoGhost","ascension_level":0}}