{"host":"92108ef2q9tm8rod","time":1608926167,"event":{"mods":["BaseMod","Defuse TimeMaze Blight","Minty Spire (QoL Compilation)","StSLib","The Jungle"],"gold_per_floor":[110,35,49,62,62,62,95,95,122,122,152,152,152,185,185,284,284,301,320,320,220,231,231,245,272,272,272,272,300,300,31,31,127,127,141,141,159,9,9,9,38,38,38,71,71,121,152,162,162,162],"floor_reached":51,"playtime":2578,"items_purged":["PiercingWail","Forethought","Prepared","Escape Plan+1"],"score":1210,"play_id":"50d751af-9654-4253-b345-e56c120e85fe","local_time":"20201225195607","daily_mods":["SealedDeck","Colorless Cards","Heirloom","Flight"],"is_ascension_mode":false,"campfire_choices":[{"data":"Slice","floor":6.0,"key":"SMITH"},{"data":"Deflect","floor":8.0,"key":"SMITH"},{"data":"Slice","floor":10.0,"key":"SMITH"},{"data":"Slice","floor":12.0,"key":"SMITH"},{"data":"PiercingWail","floor":13.0,"key":"SMITH"},{"data":"Noxious Fumes","floor":15.0,"key":"SMITH"},{"data":"Adrenaline","floor":23.0,"key":"SMITH"},{"data":"Escape Plan","floor":27.0,"key":"SMITH"},{"data":"Concentrate","floor":30.0,"key":"SMITH"},{"floor":32.0,"key":"REST"},{"data":"Skewer","floor":40.0,"key":"SMITH"},{"floor":45.0,"key":"REST"},{"floor":49,"key":"REST"}],"circlet_count":0,"master_deck":["Slice+1","Deflect+1","Slice+1","Good Instincts+1","Slice+1","Concentrate+1","Adrenaline+1","Backstab+1","Skewer+1"],"relics":["Ring of the Snake","Unceasing Top","Blood Vial","Anchor","Eternal Feather","FossilizedHelix","Empty Cage","Snake Skull","Question Card","Bag of Preparation","HandDrill","WristBlade","Bottled Flame","Orichalcum","Tough Bandages","Vajra"],"acts_visited":["Exordium","Exordium","TheBeyond"],"potions_floor_usage":[50,50,50],"damage_taken":[{"damage":0.0,"enemies":"2 Louse","floor":1.0,"turns":1.0},{"damage":0.0,"enemies":"Small Slimes","floor":3.0,"turns":1.0},{"damage":0.0,"enemies":"Jaw Worm","floor":4.0,"turns":1.0},{"damage":0.0,"enemies":"3 Sentries","floor":7.0,"turns":1.0},{"damage":0.0,"enemies":"Gremlin Nob","floor":11.0,"turns":1.0},{"damage":0.0,"enemies":"Lagavulin","floor":14.0,"turns":1.0},{"damage":0.0,"enemies":"Hexaghost","floor":16.0,"turns":1.0},{"damage":0.0,"enemies":"theJungle:MUSHROOMGANG","floor":18.0,"turns":1.0},{"damage":0.0,"enemies":"theJungle:5_Spyders","floor":19.0,"turns":1.0},{"damage":0.0,"enemies":"theJungle:2_Flameangoes","floor":22.0,"turns":1.0},{"damage":0.0,"enemies":"theJungle:SlimyTreeVines","floor":24.0,"turns":1.0},{"damage":0.0,"enemies":"theJungle:2_Phrogs","floor":25.0,"turns":1.0},{"damage":0.0,"enemies":"theJungle:Cassacara","floor":29.0,"turns":1.0},{"damage":0.0,"enemies":"theJungle:QueenSpyder","floor":33.0,"turns":1.0},{"damage":0.0,"enemies":"3 Darklings","floor":35.0,"turns":1.0},{"damage":0.0,"enemies":"Orb Walker","floor":37.0,"turns":1.0},{"damage":0.0,"enemies":"Reptomancer","floor":41.0,"turns":1.0},{"damage":0.0,"enemies":"Nemesis","floor":44.0,"turns":1.0},{"damage":0.0,"enemies":"Mind Bloom Boss Battle","floor":46.0,"turns":1.0},{"damage":0,"enemies":"Giant Head","floor":47,"turns":1},{"damage":0,"enemies":"3 Darklings","floor":48,"turns":1},{"damage":0,"enemies":"Time Eater","floor":50,"turns":4}],"seed_played":"-86498148149541586","potions_obtained":[{"floor":14.0,"key":"SkillPotion"},{"floor":16.0,"key":"Weak Potion"},{"floor":18.0,"key":"DistilledChaos"},{"floor":25.0,"key":"Regen Potion"},{"floor":33.0,"key":"Explosive Potion"},{"floor":41.0,"key":"Strength Potion"}],"is_trial":true,"path_per_floor":["M","$","M","M","?","R","E","R","T","R","E","R","R","E","R","B",null,"M","M","?","$","M","R","M","E","T","R","?","E","R","$","R","B",null,"M","$","M","$","?","R","E","$","T","E","R","?","E","M","R","B",null],"character_chosen":"THE_SILENT","items_purchased":["HandDrill"],"campfire_rested":3,"item_purchase_floors":[31],"current_hp_per_floor":[70,70,70,70,70,70,70,70,70,70,70,70,70,70,70,70,70,70,70,70,70,70,70,70,70,70,70,70,70,70,70,70,70,70,70,70,70,70,70,70,70,70,70,70,70,70,70,70,70,70],"gold":162,"neow_bonus":"","is_daily":false,"chose_seed":false,"campfire_upgraded":10,"win_rate":0.0,"timestamp":1608926167,"path_taken":["M","$","M","M","?","R","E","R","T","R","E","R","R","E","R","BOSS","M","M","?","$","M","R","M","E","T","R","?","E","R","$","R","BOSS","M","$","M","$","?","R","E","$","T","E","R","?","E","M","R","BOSS"],"items_purchased_type":["Relic"],"build_version":"2020-12-22","purchased_purges":4,"victory":true,"max_hp_per_floor":[70,70,70,70,70,70,70,70,70,70,70,70,70,70,70,70,70,70,70,70,70,70,70,70,70,70,70,70,70,70,70,70,70,70,70,70,70,70,70,70,70,70,70,70,70,70,70,70,70,70],"card_choices":[{"not_picked":["Dodge and Roll","Bane","Cloak And Dagger"],"picked":"SKIP","floor":1.0},{"not_picked":["Bane","Prepared"],"picked":"Escape Plan","floor":3.0},{"not_picked":["Jack Of All Trades","Blade Dance","Quick Slash"],"picked":"SKIP","floor":4.0},{"not_picked":["Purity","Underhanded Strike","Eviscerate"],"picked":"SKIP","floor":7.0},{"not_picked":["Doppelganger","Dagger Spray"],"picked":"Concentrate","floor":11.0},{"not_picked":["Bane","PanicButton","Dodge and Roll"],"picked":"SKIP","floor":14.0},{"not_picked":["Apotheosis","Die Die Die"],"picked":"Adrenaline","floor":16.0},{"not_picked":["Acrobatics","Madness+1","Flechettes+1"],"picked":"SKIP","floor":18.0},{"not_picked":["Acrobatics","Poisoned Stab","Deadly Poison"],"picked":"SKIP","floor":19.0},{"not_picked":["Footwork","Choke","Concentrate"],"picked":"SKIP","floor":22.0},{"not_picked":["Dark Shackles+1","Dodge and Roll"],"picked":"Backstab+1","floor":24.0},{"not_picked":["Malaise","Underhanded Strike","PiercingWail"],"picked":"SKIP","floor":25.0},{"not_picked":["Riddle With Holes","Slice","Burst","Dagger Throw"],"picked":"SKIP","floor":29.0},{"not_picked":["Poisoned Stab","Deadly Poison","Bane+1","PiercingWail"],"picked":"SKIP","floor":35.0},{"not_picked":["Dagger Throw+1","Deadly Poison","Poisoned Stab"],"picked":"Skewer","floor":37.0},{"not_picked":["Acrobatics","Blade Dance+1","Underhanded Strike","Discovery"],"picked":"SKIP","floor":41.0},{"not_picked":["Quick Slash","Dodge and Roll","Flying Knee","Apotheosis"],"picked":"SKIP","floor":44.0},{"not_picked":["Enlightenment+1","Bouncing Flask+1","Madness","PiercingWail+1"],"picked":"SKIP","floor":47},{"not_picked":["Catalyst","Flying Knee","Prepared","Deadly Poison"],"picked":"SKIP","floor":48}],"player_experience":3189139,"relics_obtained":[{"floor":7.0,"key":"Blood Vial"},{"floor":9.0,"key":"Anchor"},{"floor":11.0,"key":"Eternal Feather"},{"floor":14.0,"key":"FossilizedHelix"},{"floor":25.0,"key":"Snake Skull"},{"floor":26.0,"key":"Question Card"},{"floor":29.0,"key":"Bag of Preparation"},{"floor":41.0,"key":"Bottled Flame"},{"floor":44.0,"key":"Orichalcum"},{"floor":46.0,"key":"Tough Bandages"},{"floor":47,"key":"Vajra"}],"event_choices":[{"damage_healed":0.0,"max_hp_gain":0.0,"max_hp_loss":0.0,"gold_gain":0.0,"event_name":"Living Wall","player_choice":"Grow","floor":5.0,"gold_loss":0.0,"damage_taken":0.0,"cards_upgraded":["Good Instincts"]},{"damage_healed":0.0,"max_hp_gain":0.0,"max_hp_loss":0.0,"gold_gain":0.0,"event_name":"Mysterious Sphere","player_choice":"Ignored","floor":39.0,"gold_loss":0.0,"damage_taken":0.0},{"damage_healed":0.0,"max_hp_gain":0.0,"max_hp_loss":0.0,"gold_gain":0.0,"event_name":"MindBloom","player_choice":"Fight","floor":46.0,"gold_loss":0.0,"damage_taken":0.0}],"is_beta":false,"boss_relics":[{"not_picked":["SacredBark","Philosopher\u0027s Stone"],"picked":"Empty Cage"},{"not_picked":["Velvet Choker","Astrolabe"],"picked":"WristBlade"}],"items_purged_floors":[2,21,31,38],"is_endless":false,"potions_floor_spawned":[14,16,18,25,33,41,44,46,48],"ascension_level":0}}