{"host":"baymyijz6sxaqj5s","time":1608880559,"event":{"mods":["AchievementEnabler","BaseMod","Colored Map","Colored Powertips","DeckTracker","KOR Keyword Fix","Keyboard Shortcuts","Minty Spire (QoL Compilation)","Quick Restart","StSLib","SuperFastMode"],"gold_per_floor":[112,126,139,139,209,237,237,201,225,235,253,266,266,282,282,282,282],"floor_reached":16,"playtime":633,"items_purged":[],"score":111,"play_id":"78311787-a297-4aaa-a9bf-925786636701","local_time":"20201225161559","is_ascension_mode":true,"campfire_choices":[{"floor":7,"key":"REST"},{"data":"Deadly Poison","floor":13,"key":"SMITH"},{"floor":15,"key":"REST"}],"circlet_count":0,"master_deck":["Strike_G","Strike_G","Strike_G","Strike_G","Strike_G","Defend_G","Defend_G","Defend_G","Defend_G","Defend_G+1","Survivor","Neutralize","Dodge and Roll+1","Heel Hook","Deadly Poison+1","Outmaneuver","Catalyst","Bane","Burst","Poisoned Stab"],"relics":["Ring of the Snake","SsserpentHead","War Paint","Snake Skull"],"acts_visited":["Exordium"],"potions_floor_usage":[6,10,14,16],"damage_taken":[{"damage":0,"enemies":"Jaw Worm","floor":1,"turns":3},{"damage":0,"enemies":"Cultist","floor":2,"turns":5},{"damage":1,"enemies":"2 Louse","floor":3,"turns":4},{"damage":7,"enemies":"Exordium Thugs","floor":5,"turns":7},{"damage":26,"enemies":"Lagavulin","floor":6,"turns":10},{"damage":0,"enemies":"3 Louse","floor":10,"turns":3},{"damage":11,"enemies":"Large Slime","floor":11,"turns":5},{"damage":3,"enemies":"Exordium Wildlife","floor":12,"turns":4},{"damage":0,"enemies":"3 Louse","floor":14,"turns":5},{"damage":94,"enemies":"Slime Boss","floor":16,"turns":15}],"seed_played":"4816796706093349838","potions_obtained":[{"floor":5,"key":"SkillPotion"},{"floor":6,"key":"Regen Potion"},{"floor":10,"key":"LiquidBronze"},{"floor":12,"key":"Energy Potion"}],"is_trial":false,"path_per_floor":["M","M","M","?","M","E","R","$","T","M","M","M","R","M","R","B"],"character_chosen":"THE_SILENT","items_purchased":["Catalyst","Explosive Potion"],"campfire_rested":2,"item_purchase_floors":[8,8],"current_hp_per_floor":[77,77,76,76,69,43,66,66,66,66,55,52,52,52,75,0,0],"gold":282,"neow_bonus":"TEN_PERCENT_HP_BONUS","is_daily":false,"chose_seed":false,"campfire_upgraded":1,"win_rate":0.0,"timestamp":1608880559,"path_taken":["M","M","M","?","?","E","R","?","T","M","M","M","R","M","R","BOSS"],"items_purchased_type":["Card","Potion"],"build_version":"2020-12-22","purchased_purges":0,"victory":false,"max_hp_per_floor":[77,77,77,77,77,77,77,77,77,77,77,77,77,77,77,77,77],"card_choices":[{"not_picked":["Dagger Throw","Flying Knee"],"picked":"Dodge and Roll","floor":1},{"not_picked":["Infinite Blades","Masterful Stab"],"picked":"Heel Hook","floor":2},{"not_picked":["Finisher","Night Terror"],"picked":"Deadly Poison","floor":3},{"not_picked":["Sucker Punch","Dagger Spray"],"picked":"Outmaneuver","floor":5},{"not_picked":["Prepared","Blade Dance","Terror"],"picked":"SKIP","floor":6},{"not_picked":["Riddle With Holes","Tactician"],"picked":"Bane","floor":10},{"not_picked":["Tactician","Deadly Poison"],"picked":"Burst","floor":11},{"not_picked":["Bane","Blade Dance","Slice"],"picked":"SKIP","floor":12},{"not_picked":["Dagger Spray","Dash"],"picked":"Poisoned Stab","floor":14}],"player_experience":231836,"relics_obtained":[{"floor":6,"key":"War Paint"},{"floor":9,"key":"Snake Skull"}],"event_choices":[{"damage_healed":0,"gold_gain":0,"player_choice":"Trade","damage_taken":0,"relics_obtained":["SsserpentHead"],"max_hp_gain":0,"max_hp_loss":0,"event_name":"FaceTrader","floor":4,"gold_loss":0}],"is_beta":false,"boss_relics":[],"items_purged_floors":[],"is_endless":false,"potions_floor_spawned":[5,6,10,12],"killed_by":"Slime Boss","ascension_level":1}}