{"host":"zhec3g4cvsmevugl","time":1608884001,"event":{"mods":["BaseMod","BetterRewards","Minty Spire (QoL Compilation)","Relic Stats","Slay-I","StSLib"],"gold_per_floor":[114,114,129,77,92,122,137,167,167,197,272,302,302,267,267,367,367,382,382,382,382,82,82,112,112,162,201,51,75,75,75],"floor_reached":30,"playtime":1823,"items_purged":[],"score":567,"play_id":"e6d09a77-6964-48df-b1fe-dbc072bf5da3","local_time":"20201225161321","daily_mods":["Draft","Hoarder","Elite Swarm"],"is_ascension_mode":false,"campfire_choices":[{"floor":15,"key":"REST"},{"floor":23,"key":"REST"},{"floor":25,"key":"REST"}],"circlet_count":0,"master_deck":["Iron Wave","Iron Wave","Iron Wave","Pommel Strike","Pommel Strike","Pommel Strike","Flame Barrier","Flame Barrier","Flame Barrier","Iron Wave","Iron Wave","Iron Wave","Bloodletting","Bloodletting","Bloodletting","Cleave","Cleave","Cleave","Clash","Clash","Clash","Flex","Flex","Flex","Combust","Combust","Combust","Armaments","Armaments","Armaments","Seeing Red","Seeing Red","Seeing Red","Wild Strike","Wild Strike","Wild Strike","Cleave","Cleave","Cleave","Disarm","Disarm","Disarm","Rupture","Rupture","Rupture","Sentinel","Sentinel","Sentinel","Decay","Decay","Decay","Shrug It Off","Shrug It Off","Shrug It Off","Shrug It Off","Shrug It Off","Shrug It Off","Inflame","Inflame","Inflame","Reaper","Reaper","Reaper","Sword Boomerang","Sword Boomerang","Sword Boomerang","Bludgeon","Bludgeon","Bludgeon","Immolate","Immolate","Immolate","Demon Form","Demon Form","Demon Form","Regret","Regret","Double Tap","Double Tap","Double Tap","Sword Boomerang","Sword Boomerang","Sword Boomerang","Carnage","Carnage","Carnage","Impervious","Impervious","Impervious","Immolate","Immolate","Immolate","Clothesline+1","Clothesline+1","Clothesline+1"],"relics":["Burning Blood","Vajra","Potion Belt","Pear","InkBottle","Red Skull","Centennial Puzzle","Black Star","Champion Belt","HornCleat","Magic Flower","CeramicFish","CaptainsWheel","Blue Candle","Toy Ornithopter"],"acts_visited":["Exordium","TheCity"],"potions_floor_usage":[6,8,12,16],"damage_taken":[{"damage":8,"enemies":"Small Slimes","floor":1,"turns":4},{"damage":0,"enemies":"Cultist","floor":3,"turns":3},{"damage":8,"enemies":"2 Louse","floor":5,"turns":2},{"damage":20,"enemies":"3 Sentries","floor":6,"turns":4},{"damage":17,"enemies":"Large Slime","floor":7,"turns":8},{"damage":19,"enemies":"Gremlin Nob","floor":8,"turns":4},{"damage":14,"enemies":"Lagavulin","floor":10,"turns":5},{"damage":8,"enemies":"Gremlin Nob","floor":12,"turns":3},{"damage":28,"enemies":"Slime Boss","floor":16,"turns":7},{"damage":57,"enemies":"Shell Parasite","floor":18,"turns":5},{"damage":79,"enemies":"Gremlin Leader","floor":24,"turns":6},{"damage":88,"enemies":"Book of Stabbing","floor":27,"turns":8},{"damage":1,"enemies":"Spheric Guardian","floor":29,"turns":5},{"damage":24,"enemies":"Slavers","floor":30,"turns":1}],"seed_played":"-567031674859551473","potions_obtained":[{"floor":5,"key":"Energy Potion"},{"floor":7,"key":"FearPotion"},{"floor":8,"key":"Regen Potion"},{"floor":12,"key":"Block Potion"}],"is_trial":false,"path_per_floor":["M","?","M","$","M","E","M","E","T","E","?","E","?","?","R","B",null,"M","?","?","?","$","R","E","R","T","E","$","M","E"],"character_chosen":"IRONCLAD","items_purchased":["Shrug It Off","Champion Belt","Toy Ornithopter"],"campfire_rested":3,"item_purchase_floors":[4,22,28],"current_hp_per_floor":[78,78,80,80,78,64,56,48,58,50,39,42,42,64,90,68,90,45,45,45,45,45,72,42,69,69,10,10,18,0,0],"gold":75,"neow_bonus":"","is_daily":true,"chose_seed":false,"campfire_upgraded":0,"win_rate":0.0,"timestamp":1608884001,"path_taken":["M","?","?","$","M","E","M","E","T","E","?","E","?","?","R","BOSS","M","?","?","?","$","R","E","R","T","E","?","?","E"],"items_purchased_type":["Card","Relic","Relic"],"build_version":"2020-12-22","purchased_purges":0,"victory":false,"max_hp_per_floor":[80,80,80,80,80,80,80,80,90,90,90,90,90,90,90,90,90,90,90,90,90,90,90,90,90,90,90,90,90,90,90],"relic_stats":{"Centennial Puzzle":[18],"counters":[14,65],"CeramicFish":18,"Blue Candle":[1],"Magic Flower":[13],"Black Star":2,"Champion Belt":[0],"obtain_stats":[{"Potion Belt":8,"Pear":9,"CeramicFish":26,"Blue Candle":27,"Vajra":6,"Magic Flower":24,"Burning Blood":0,"Centennial Puzzle":13,"CaptainsWheel":27,"HornCleat":24,"Black Star":17,"Champion Belt":22,"InkBottle":10,"Red Skull":12,"Toy Ornithopter":28},{"Potion Belt":6,"Pear":6,"CeramicFish":11,"Blue Candle":12,"Vajra":4,"Magic Flower":11,"Burning Blood":0,"Centennial Puzzle":8,"CaptainsWheel":12,"HornCleat":11,"Black Star":9,"Champion Belt":10,"InkBottle":7,"Red Skull":8,"Toy Ornithopter":12},{"Potion Belt":25,"Pear":25,"CeramicFish":51,"Blue Candle":59,"Vajra":13,"Magic Flower":51,"Burning Blood":0,"Centennial Puzzle":33,"CaptainsWheel":59,"HornCleat":51,"Black Star":40,"Champion Belt":45,"InkBottle":30,"Red Skull":33,"Toy Ornithopter":59}],"Burning Blood":80,"InkBottle":[8],"Toy Ornithopter":0},"card_choices":[{"not_picked":["Havoc","Warcry"],"picked":"Iron Wave","floor":0},{"not_picked":["Reckless Charge","Seeing Red"],"picked":"Pommel Strike","floor":0},{"not_picked":["Searing Blow","Thunderclap"],"picked":"Flame Barrier","floor":0},{"not_picked":["Sentinel","Heavy Blade"],"picked":"Iron Wave","floor":0},{"not_picked":["Clothesline","Heavy Blade"],"picked":"Bloodletting","floor":0},{"not_picked":["Dual Wield","Heavy Blade"],"picked":"Cleave","floor":0},{"not_picked":["Cleave","Heavy Blade"],"picked":"Clash","floor":0},{"not_picked":["Power Through","Shrug It Off"],"picked":"Flex","floor":0},{"not_picked":["Heavy Blade","Seeing Red"],"picked":"Combust","floor":0},{"not_picked":["Clash","Sword Boomerang"],"picked":"Armaments","floor":0},{"not_picked":["Thunderclap","Perfected Strike"],"picked":"Seeing Red","floor":0},{"not_picked":["Dual Wield","Dropkick"],"picked":"Wild Strike","floor":0},{"not_picked":["Iron Wave","Havoc"],"picked":"Cleave","floor":0},{"not_picked":["Havoc","Body Slam"],"picked":"Disarm","floor":0},{"not_picked":["Armaments","Clash"],"picked":"Rupture","floor":0},{"not_picked":["Thunderclap","Combust"],"picked":"Sentinel","floor":1},{"not_picked":["Entrench","Heavy Blade"],"picked":"Shrug It Off","floor":3},{"not_picked":["Perfected Strike","True Grit"],"picked":"Inflame","floor":5},{"not_picked":["Corruption","Brutality"],"picked":"Reaper","floor":6},{"not_picked":["Flex","Power Through"],"picked":"Sword Boomerang","floor":7},{"not_picked":["Exhume","Brutality"],"picked":"Bludgeon","floor":8},{"not_picked":["Impervious","Brutality"],"picked":"Immolate","floor":10},{"not_picked":["Offering","Exhume"],"picked":"Demon Form","floor":12},{"not_picked":["Limit Break","Berserk"],"picked":"Double Tap","floor":16},{"not_picked":["Disarm","Dual Wield+1"],"picked":"Sword Boomerang","floor":18},{"not_picked":["Corruption","Reaper"],"picked":"Impervious","floor":24},{"not_picked":["Bludgeon","Exhume"],"picked":"Immolate","floor":27},{"not_picked":["Cleave","Warcry"],"picked":"Clothesline+1","floor":29}],"player_experience":176785,"relics_obtained":[{"floor":6,"key":"Vajra"},{"floor":8,"key":"Potion Belt"},{"floor":9,"key":"Pear"},{"floor":10,"key":"InkBottle"},{"floor":12,"key":"Red Skull"},{"floor":24,"key":"HornCleat"},{"floor":24,"key":"Magic Flower"},{"floor":26,"key":"CeramicFish"},{"floor":27,"key":"CaptainsWheel"},{"floor":27,"key":"Blue Candle"}],"event_choices":[{"damage_healed":0,"gold_gain":0,"player_choice":"Cursed","damage_taken":0,"max_hp_gain":0,"max_hp_loss":0,"event_name":"Wheel of Change","floor":2,"gold_loss":0,"cards_obtained":["Decay"]},{"damage_healed":0,"gold_gain":75,"player_choice":"Gather Gold","damage_taken":11,"max_hp_gain":0,"max_hp_loss":0,"event_name":"World of Goop","floor":11,"gold_loss":0},{"damage_healed":0,"gold_gain":0,"player_choice":"Box","damage_taken":0,"relics_obtained":["Centennial Puzzle"],"max_hp_gain":0,"max_hp_loss":0,"event_name":"Big Fish","floor":13,"gold_loss":0,"cards_obtained":["Regret"]},{"damage_healed":22,"gold_gain":0,"player_choice":"Healed","damage_taken":0,"max_hp_gain":0,"max_hp_loss":0,"event_name":"The Cleric","floor":14,"gold_loss":35},{"damage_healed":0,"gold_gain":0,"player_choice":"Ignored","damage_taken":0,"max_hp_gain":0,"max_hp_loss":0,"event_name":"Ghosts","floor":19,"gold_loss":0},{"cards_removed":["Regret"],"damage_healed":0,"gold_gain":0,"player_choice":"Elegance","damage_taken":0,"max_hp_gain":0,"max_hp_loss":0,"event_name":"Back to Basics","floor":20,"gold_loss":0},{"damage_healed":0,"gold_gain":0,"player_choice":"Read","damage_taken":0,"max_hp_gain":0,"max_hp_loss":0,"event_name":"The Library","floor":21,"gold_loss":0,"cards_obtained":["Carnage"]}],"is_beta":false,"boss_relics":[{"not_picked":["SacredBark","Astrolabe"],"picked":"Black Star"}],"items_purged_floors":[],"is_endless":false,"potions_floor_spawned":[5,7,8,12],"killed_by":"Slavers","ascension_level":0}}