{"host":"1bqbj1s4pyvm9utn","time":1608864779,"event":{"mods":["AchievementEnabler","Aspiration","BaseMod","Beaked The Cultist","Better Altar","Better Match","Better Note","Better Sensory Stone","Better Skull","Better Third Choice","BetterRewards","CCEM","Clawfect","Colored Map","Conspire","Downfall","GifTheSpireLib","Halation","Hermit","Highlight Path","Humility","Infinite Spire","Jedi Mod","Jorbs\u0027s Wanderer Trilogy","Mad Scientist","Marisa????????","Mimic Mod","Minty Spire (QoL Compilation)","Permanent Neow","Shade Mod","Shop Mod","Spicy Shops","StSLib","Stuff the Spire","The Animator","The Bug Knight","The Cursed","The Gatherer","The Hierophant","The Jungle","The Mystic","The Necromancer","The Runesmith","The Servant 0.9.4","everything is the same but u backflip on backflip","slay the spire mod where everything is the same but ironclad has a cowboy hat","vexMod"],"gold_per_floor":[99,99,114,99,99,129,164,164,179,194,194,209,224,239,254,354,354,354,369,384,399,399,429,429,479,254,254,269,284,284,299,299,299],"floor_reached":32,"playtime":5340,"items_purged":[],"score":316,"play_id":"42d9aa8b-f960-4e6a-9ef5-85fd67c74876","local_time":"20201224185259","daily_mods":["SealedDeck","Uncertain Future","Lethality"],"is_ascension_mode":false,"campfire_choices":[{"data":"TheCursedMod:Stigma","floor":1,"key":"SMITH"},{"data":"TheCursedMod:Stigma","floor":8,"key":"SMITH"},{"floor":11,"key":"REST"},{"floor":18,"key":"RECALL"},{"floor":26,"key":"REST"},{"data":"TheCursedMod:HellfireBreathing","floor":30,"key":"SMITH"}],"circlet_count":0,"master_deck":["TheCursedMod:RapidMovement","TheCursedMod:CursedShiv","TheCursedMod:Wield","TheCursedMod:CircleOfCorruption","TheCursedMod:Mangle","TheCursedMod:SpitefulPlan","TheCursedMod:CircleOfFlame","TheCursedMod:Stigma+1","TheCursedMod:ManaBullet","TheCursedMod:HellfireBreathing","Pain","TheCursedMod:VitalStrike","TheCursedMod:Obscuration","StuffTheSpire:CuriosityCurse","TheCursedMod:WearCloak","TheCursedMod:Stigma+1","TheCursedMod:SpitefulStrike","TheCursedMod:Wield","TheCursedMod:SoulReap","TheCursedMod:DemonicPact","TheCursedMod:StingEye","TheCursedMod:FleshFromBone","TheCursedMod:DemonSword","TheCursedMod:CursedBoomerang+1","Potential+1","TheCursedMod:FleshFromBone","animator:Curse_Greed","StuffTheSpire:GnomedCurse","infinitespire:Collect","infinitespire:Oblivion","TheCursedMod:HellfireBreathing+1","FloweringNight","TheCursedMod:SpitefulPray","TheCursedMod:AntiAging"],"relics":["TheCursedMod:BlackMagic101","WarpedTongs","Centennial Puzzle","Mercury Hourglass","StuffTheSpire:Experiment12","aspiration:ServantSkillbook","aspiration:FetidBarrel","jedi:angrymask","downfall:HeartBlessingBlue","downfall:HeartBlessingGreen","downfall:HeartBlessingRed","infinitespire:CheckeredPen"],"acts_visited":["Exordium","Exordium"],"potions_floor_usage":[16,16,20,21,29],"damage_taken":[{"damage":6,"enemies":"conspire:RoseBush","floor":3,"turns":1},{"damage":25,"enemies":"downfall:FleeingMerchant","floor":4,"turns":4},{"damage":7,"enemies":"Lagavulin","floor":6,"turns":3},{"damage":6,"enemies":"infinitespire:Voidling","floor":7,"turns":4},{"damage":13,"enemies":"infinitespire:Voidling","floor":9,"turns":2},{"damage":2,"enemies":"Small Slimes","floor":10,"turns":2},{"damage":2,"enemies":"3 Louse","floor":12,"turns":1},{"damage":3,"enemies":"Looter","floor":13,"turns":1},{"damage":0,"enemies":"Exordium Wildlife","floor":14,"turns":3},{"damage":12,"enemies":"conspire:2 RoseBushes","floor":15,"turns":3},{"damage":2,"enemies":"Slime Boss","floor":16,"turns":3},{"damage":20,"enemies":"theJungle:MUSHROOMGANG","floor":19,"turns":3},{"damage":0,"enemies":"theJungle:GiantWrat","floor":20,"turns":2},{"damage":17,"enemies":"theJungle:Lyon","floor":21,"turns":4},{"damage":8,"enemies":"Nightmare","floor":23,"turns":6},{"damage":0,"enemies":"theJungle:JungleHuntersEncounter","floor":28,"turns":3},{"damage":0,"enemies":"Snake Plant","floor":29,"turns":1},{"damage":51,"enemies":"theJungle:Snecko_Cultist_And_Trap","floor":31,"turns":4},{"damage":37,"enemies":"theJungle:2_Flameangoes","floor":32,"turns":3}],"seed_played":"-567031674859551473","potions_obtained":[{"floor":9,"key":"sneckomod:MuddlingPotion"},{"floor":10,"key":"AttackPotion"},{"floor":12,"key":"sneckomod:MuddlingPotion"},{"floor":13,"key":"champ:CounterPotion"},{"floor":14,"key":"AttackPotion"},{"floor":20,"key":"SkillPotion"},{"floor":28,"key":"jedi:StrikingPotion"}],"is_trial":false,"path_per_floor":["R","?","M","$","?","E","MIM","R","M","M","R","M","M","M","M","B",null,"R","M","M","M","?","NM","T","T","R","AVR","M","M","R","M","M"],"character_chosen":"THE_CURSED","items_purchased":[],"campfire_rested":2,"item_purchase_floors":[],"current_hp_per_floor":[75,75,69,44,44,37,31,31,18,16,38,36,33,43,31,37,75,75,55,55,46,46,46,46,46,81,81,84,84,84,33,0,0],"gold":299,"neow_bonus":"","is_daily":true,"chose_seed":false,"campfire_upgraded":3,"win_rate":0.0,"timestamp":1608864779,"path_taken":["R","?","?","$","?","E","MIM","R","M","M","R","M","M","M","M","BOSS","R","M","M","M","?","NM","T","?","R","AVR","M","M","R","?","M"],"items_purchased_type":[],"build_version":"2020-12-22","purchased_purges":0,"victory":false,"max_hp_per_floor":[75,75,75,75,75,75,75,75,75,75,75,75,75,75,75,75,75,75,75,75,75,75,75,75,75,85,85,85,85,85,85,85,85],"card_choices":[{"not_picked":["TheCursedMod:Grudge","TheCursedMod:SpitefulPlan"],"picked":"TheCursedMod:VitalStrike","floor":3},{"not_picked":["TheCursedMod:CursedShiv","TheCursedMod:TacticalStrike"],"picked":"TheCursedMod:Obscuration","floor":4},{"not_picked":["TheCursedMod:SpitefulPlan","TheCursedMod:SoulReap"],"picked":"TheCursedMod:WearCloak","floor":6},{"not_picked":["TheCursedMod:TacticalStrike","TheCursedMod:ManaBullet"],"picked":"TheCursedMod:Stigma","floor":7},{"not_picked":["TheCursedMod:ManaBullet","TheCursedMod:SurpriseAttack"],"picked":"TheCursedMod:SpitefulStrike","floor":9},{"not_picked":["TheCursedMod:CircleOfAmplification","TheCursedMod:SpitefulPlan"],"picked":"TheCursedMod:Wield","floor":10},{"not_picked":["TheCursedMod:FuryStrike","TheCursedMod:Obscuration"],"picked":"TheCursedMod:SoulReap","floor":12},{"not_picked":["TheCursedMod:RapidMovement","TheCursedMod:CursedMace"],"picked":"TheCursedMod:DemonicPact","floor":13},{"not_picked":["TheCursedMod:Stretching","TheCursedMod:FleshFromBone"],"picked":"TheCursedMod:StingEye","floor":14},{"not_picked":["TheCursedMod:Obscuration","TheCursedMod:Stigma"],"picked":"TheCursedMod:FleshFromBone","floor":15},{"not_picked":["TheCursedMod:DarkBarrier","TheCursedMod:ShockAndAwe"],"picked":"TheCursedMod:DemonSword","floor":16},{"not_picked":["TheCursedMod:CursedStaff","Spin","TheCursedMod:ManaBullet"],"picked":"TheCursedMod:CursedBoomerang+1","floor":19},{"not_picked":["ShatteredReality","Desolation","Hightail"],"picked":"Potential+1","floor":20},{"not_picked":["Unruled","Replace+1","Desolation+1"],"picked":"TheCursedMod:FleshFromBone","floor":21},{"not_picked":["infinitespire:SealOfDarkness+","infinitespire:TheBestDefense"],"picked":"infinitespire:Collect","floor":22},{"not_picked":["infinitespire:FutureSight","infinitespire:FinalStrike"],"picked":"infinitespire:Oblivion","floor":23},{"not_picked":["Manipulate","MoonPhase","ShatteredReality"],"picked":"TheCursedMod:HellfireBreathing","floor":23},{"not_picked":["Manipulate","TheCursedMod:TacticalStrike","Spin"],"picked":"FloweringNight","floor":28},{"not_picked":["TimeWarp","Advance","TheCursedMod:CursedBlade"],"picked":"TheCursedMod:SpitefulPray","floor":29},{"not_picked":["Orbit","Replace+1","TheCursedMod:Torture+1"],"picked":"TheCursedMod:AntiAging","floor":31}],"player_experience":884977,"relics_obtained":[{"floor":6,"key":"Mercury Hourglass"},{"floor":7,"key":"StuffTheSpire:Experiment12"},{"floor":23,"key":"aspiration:FetidBarrel"},{"floor":24,"key":"jedi:angrymask"}],"event_choices":[{"damage_healed":0,"gold_gain":0,"player_choice":"Rummage","damage_taken":0,"relics_obtained":["WarpedTongs"],"max_hp_gain":0,"max_hp_loss":0,"event_name":"Accursed Blacksmith","floor":2,"gold_loss":0,"cards_obtained":["Pain"]}],"is_beta":false,"boss_relics":[{"not_picked":["expansioncontent:StudyCardRelic","conspire:RoyalGoblet"],"picked":"aspiration:ServantSkillbook"}],"items_purged_floors":[],"is_endless":true,"potions_floor_spawned":[9,10,12,13,14,20,28],"killed_by":"theJungle:2_Flameangoes","ascension_level":0}}