{"host":"3498uni0c31c9bdm","time":1608859925,"event":{"mods":["BaseMod","Better Third Choice","Minty Spire (QoL Compilation)","Replay The Spire","StSLib"],"gold_per_floor":[116,135,87,101,114,114,141,168,168,187,32,32,68,77,77,182,182,205,61,61,70,99,99,137,161,185,30,30,111,111,120,120,232,232,253,313,82,91,113,188,188,226,226,226,226,277,277,306,306,306,306,306,25,59,59,59],"floor_reached":55,"playtime":4636,"items_purged":["Defend_G","Writhe"],"score":1160,"play_id":"aba8642e-a01e-4c76-880f-45512abcb540","local_time":"20201225123204","is_ascension_mode":true,"campfire_choices":[{"floor":6.0,"key":"REST"},{"floor":12.0,"key":"REST"},{"floor":23.0,"key":"RECALL"},{"floor":28.0,"key":"REST"},{"floor":30.0,"key":"REST"},{"data":"Berserk","floor":32.0,"key":"SMITH"},{"data":"After Image","floor":41,"key":"SMITH"},{"floor":47,"key":"REST"},{"floor":49,"key":"REST"},{"data":"Replay:Bag of Tricks","floor":52,"key":"SMITH"}],"circlet_count":0,"master_deck":["Strike_G","Strike_G","Strike_G","Strike_G","Strike_G","Defend_G","Defend_G","Defend_G","Defend_G","Survivor","Neutralize","Defend_P","Defend_B","Replay:Bag of Tricks+1","Blur","Bouncing Flask","Footwork+1","Distraction","Deflect","Adrenaline","Berserk+1","Corpse Explosion","Flying Knee+1","Deadly Poison","Caltrops","ReplayTheSpireMod:Exploit Weakness","Flying Knee+1","Bane+1","Dark Shackles","ReplayTheSpireMod:Scrap Shanks+1","Escape Plan+1","Dash+1","ReplayTheSpireMod:Splinters","Dagger Throw+1","Footwork","Neutralize+1","After Image+1","PiercingWail","Draining Mist+1","Mind Blast+1","Leg Sweep+1","Pot Of Greed","Pot Of Greed","Pot Of Greed","Pot Of Greed","Tactician","All Out Attack+1","Draining Mist+1","Dagger Throw+1","Quick Slash+1","Pot Of Greed","Adrenaline"],"relics":["Ring of the Snake","betterThird:SlimedRelic","CeramicFish","Molten Egg 2","Regal Pillow","Boot","Art of War","ChewingGum","BargainBundle","MutagenicStrength","Peace Pipe","Nunchaku","Blood Vial","HandDrill","InkBottle","Replay:Bronze Core","Pondfish Scales","Lee\u0027s Waffle","Replay:Wax Seal","Grinning Jar","Torii","Akabeko","Membership Card","Blue Doll"],"acts_visited":["Exordium","TheCity","TheBeyond","TheEnding"],"potions_floor_usage":[36,42,42,55,55,55],"damage_taken":[{"damage":7.0,"enemies":"Cultist","floor":1.0,"turns":4.0},{"damage":5.0,"enemies":"Jaw Worm","floor":2.0,"turns":4.0},{"damage":0.0,"enemies":"Small Slimes","floor":4.0,"turns":4.0},{"damage":2.0,"enemies":"Looter","floor":5.0,"turns":4.0},{"damage":7.0,"enemies":"Exordium Wildlife","floor":8.0,"turns":7.0},{"damage":10.0,"enemies":"Red Slaver","floor":10.0,"turns":5.0},{"damage":25.0,"enemies":"3 Sentries","floor":13.0,"turns":11.0},{"damage":37.0,"enemies":"Slime Boss","floor":16.0,"turns":18.0},{"damage":0.0,"enemies":"Chosen","floor":18.0,"turns":5.0},{"damage":3.0,"enemies":"Spheric Guardian","floor":22.0,"turns":5.0},{"damage":39.0,"enemies":"Slavers","floor":24.0,"turns":5.0},{"damage":17.0,"enemies":"Shelled Parasite and Fungi","floor":25.0,"turns":4.0},{"damage":57,"enemies":"Automaton","floor":33,"turns":13},{"damage":0,"enemies":"3 Darklings","floor":35,"turns":3},{"damage":53,"enemies":"2 Orb Walkers","floor":36,"turns":8},{"damage":0,"enemies":"Orb Walker","floor":39,"turns":2},{"damage":7,"enemies":"Nemesis","floor":40,"turns":8},{"damage":47,"enemies":"Giant Head","floor":42,"turns":10},{"damage":30,"enemies":"Spire Growth","floor":48,"turns":5},{"damage":19,"enemies":"Awakened One","floor":50,"turns":29},{"damage":32,"enemies":"Shield and Spear","floor":54,"turns":4},{"damage":51,"enemies":"The Heart","floor":55,"turns":11}],"seed_played":"2645110427741269784","potions_obtained":[{"floor":1.0,"key":"Milkshake"},{"floor":2.0,"key":"Poison Potion"},{"floor":8.0,"key":"Adrenaline Potion"},{"floor":13.0,"key":"Elixir"},{"floor":18.0,"key":"Adrenaline Potion"},{"floor":24.0,"key":"Elixir"},{"floor":33,"key":"Poison Potion"},{"floor":35,"key":"Dexterity Potion"},{"floor":40,"key":"FearPotion"},{"floor":54,"key":"GhostInAJar"}],"is_trial":false,"path_per_floor":["M","M","?","M","M","R","T","M","T","M","$","R","E","?","R","B",null,"M","$","?","?","M","R","E","M","T","$","R","?","R","?","R","B",null,"M","?","$","?","M","E","R","E","T","?","?","T","R","M","R","B",null,"R","$","E","B"],"character_chosen":"THE_SILENT","items_purchased":["Regal Pillow","BargainBundle","Deadly Poison","Caltrops","ReplayTheSpireMod:Exploit Weakness","Flying Knee+1","Bane+1","Dark Shackles","ColorlessPotion","HandDrill","Lee\u0027s Waffle","Replay:Wax Seal","Membership Card","Reflective Coating","Ancient Potion","Dagger Throw+1","Quick Slash+1"],"campfire_rested":6,"item_purchase_floors":[11,19,19,19,19,19,19,19,19,27,37,37,53,53,53,53,53],"current_hp_per_floor":[56,51,40,40,38,59,59,52,52,42,42,70,45,31,67,30,60,60,60,60,60,57,57,18,1,1,1,37,37,70,70,70,13,56,58,7,77,77,77,70,70,25,25,25,25,25,63,35,73,56,72,72,72,42,0,0],"gold":59,"neow_bonus":"THREE_RARE_CARDS","is_daily":false,"chose_seed":false,"campfire_upgraded":3,"win_rate":0.0,"timestamp":1608859924,"path_taken":["M","?","?","M","M","R","?","M","T","?","$","R","E","?","R","BOSS","M","$","?","?","M","R","E","?","T","?","R","?","R","?","R","BOSS","M","?","$","?","M","E","R","E","T","?","?","?","R","?","R","BOSS","R","$","E","BOSS"],"items_purchased_type":["Relic","Relic","Card","Card","Card","Card","Card","Card","Potion","Relic","Relic","Relic","Relic","Potion","Potion","Card","Card"],"build_version":"2020-12-22","purchased_purges":2,"victory":false,"max_hp_per_floor":[70,70,70,70,70,70,70,70,70,70,70,70,70,70,70,70,70,70,70,70,70,70,70,70,70,70,70,70,70,70,70,70,70,70,70,70,77,77,77,77,77,77,77,77,77,77,77,77,77,77,77,77,77,77,77,77],"card_choices":[{"not_picked":["Atom Bomb","Wraith Form v2"],"picked":"Replay:Bag of Tricks","floor":0.0},{"not_picked":["ReplayTheSpireMod:Exploit Weakness","Bane"],"picked":"Blur","floor":1.0},{"not_picked":["Deadly Poison","Backflip"],"picked":"Slice","floor":2.0},{"not_picked":["Quick Slash","Skewer"],"picked":"Bouncing Flask","floor":4.0},{"not_picked":["Bane","Replay:Poison Smokescreen"],"picked":"Footwork","floor":5.0},{"not_picked":["Backflip","Tactician"],"picked":"Distraction","floor":8.0},{"not_picked":["Hidden Blade","Caltrops"],"picked":"Deflect","floor":10.0},{"not_picked":["All Out Attack+1","Cloak And Dagger"],"picked":"Adrenaline","floor":13.0},{"not_picked":["Grand Finale+1","ReplayTheSpireMod:From All Sides+1"],"picked":"Corpse Explosion","floor":16.0},{"not_picked":["Backflip","Outmaneuver+1"],"picked":"Flying Knee+1","floor":18.0},{"not_picked":["Poisoned Stab+1","Outmaneuver"],"picked":"ReplayTheSpireMod:Scrap Shanks+1","floor":22.0},{"not_picked":["ReplayTheSpireMod:Scrap Shanks+1","Doppelganger"],"picked":"Escape Plan+1","floor":24.0},{"not_picked":["ReplayTheSpireMod:Shiv Toss","Fluid Movement"],"picked":"Dash+1","floor":25.0},{"not_picked":["Acrobatics+1","Backflip"],"picked":"Dagger Throw+1","floor":29.0},{"not_picked":["Backflip","Outmaneuver+1"],"picked":"Footwork","floor":29.0},{"not_picked":["Die Die Die+1","Night Terror"],"picked":"After Image","floor":33},{"not_picked":["Flying Knee+1","Heel Hook+1"],"picked":"PiercingWail","floor":35},{"not_picked":["Acrobatics","Slice+1"],"picked":"Draining Mist+1","floor":36},{"not_picked":["Swift Strike+1","Dark Shackles"],"picked":"Mind Blast+1","floor":38},{"not_picked":["ReplayTheSpireMod:Tripwire","Blur+1"],"picked":"Leg Sweep+1","floor":39},{"not_picked":["Bane+1","Flying Knee+1"],"picked":"Tactician","floor":40},{"not_picked":["Slice+1","Footwork+1"],"picked":"All Out Attack+1","floor":42},{"not_picked":["Bane+1","Distraction"],"picked":"Draining Mist+1","floor":48},{"not_picked":["Cloak And Dagger","Underhanded Strike+1"],"picked":"Adrenaline","floor":54}],"player_experience":644259,"relics_obtained":[{"floor":7.0,"key":"CeramicFish"},{"floor":9.0,"key":"Molten Egg 2"},{"floor":13.0,"key":"Boot"},{"floor":24.0,"key":"Nunchaku"},{"floor":26.0,"key":"Blood Vial"},{"floor":29.0,"key":"InkBottle"},{"floor":36,"key":"Pondfish Scales"},{"floor":40,"key":"Grinning Jar"},{"floor":42,"key":"Torii"},{"floor":46,"key":"Akabeko"},{"floor":54,"key":"Blue Doll"}],"event_choices":[{"damage_healed":0.0,"max_hp_gain":0.0,"max_hp_loss":0.0,"gold_gain":0.0,"event_name":"betterThird:BetterGoop","player_choice":"Slimed","floor":3.0,"gold_loss":48.0,"damage_taken":11.0},{"damage_healed":0.0,"max_hp_gain":0.0,"max_hp_loss":0.0,"gold_gain":0.0,"event_name":"Drug Dealer","player_choice":"Inject Mutagens","floor":20.0,"gold_loss":0.0,"damage_taken":0.0,"relics_obtained":["MutagenicStrength"]},{"damage_healed":0.0,"max_hp_gain":0.0,"max_hp_loss":0.0,"gold_gain":0.0,"event_name":"The Mausoleum","player_choice":"Opened","floor":21.0,"gold_loss":0.0,"damage_taken":0.0,"relics_obtained":["Peace Pipe"],"cards_obtained":["Writhe"]},{"damage_healed":0.0,"max_hp_gain":0.0,"max_hp_loss":0.0,"gold_gain":0.0,"event_name":"Match and Keep!","player_choice":"1 cards matched","floor":31.0,"gold_loss":0.0,"damage_taken":0.0,"cards_obtained":["Neutralize"]},{"damage_healed":0,"gold_gain":0,"player_choice":"Fight","damage_taken":0,"max_hp_gain":0,"max_hp_loss":0,"event_name":"Mysterious Sphere","floor":36,"gold_loss":0},{"damage_healed":0,"gold_gain":0,"player_choice":"Memory 1","damage_taken":0,"max_hp_gain":0,"max_hp_loss":0,"event_name":"SensoryStone","floor":38,"gold_loss":0},{"cards_removed":["Slice"],"damage_healed":0,"gold_gain":0,"player_choice":"Removed Attack","damage_taken":0,"max_hp_gain":0,"max_hp_loss":0,"event_name":"Falling","floor":44,"gold_loss":0},{"damage_healed":0,"gold_gain":0,"player_choice":"Ignored","damage_taken":0,"max_hp_gain":0,"max_hp_loss":0,"event_name":"The Moai Head","floor":45,"gold_loss":0}],"is_beta":false,"boss_relics":[{"not_picked":["SacredBark","Pandora\u0027s Box"],"picked":"ChewingGum"},{"not_picked":["Fusion Hammer","Abe\u0027s Treasure"],"picked":"Replay:Bronze Core"}],"items_purged_floors":[19,53],"is_endless":false,"potions_floor_spawned":[1,2,8,13,18,24,33,35,40,54],"killed_by":"The Heart","ascension_level":9}}