{"host":"qrbkigq52dd42dk0","time":1608915372,"event":{"mods":["AchievementEnabler","BaseMod","Colored Map","Colored Powertips","Downfall","Minty Spire (QoL Compilation)","Quick Restart","StSLib","SuperFastMode"],"gold_per_floor":[99,111,124,136,146,7,7,27,12,12,24,52,69,84,96,96,96,96],"floor_reached":16,"playtime":897,"items_purged":[],"score":108,"play_id":"2427d163-022b-4aa1-894f-d11377830653","local_time":"20201225175612","is_ascension_mode":false,"campfire_choices":[{"data":"Slimebound:Split","floor":1,"key":"SMITH"},{"floor":10,"key":"REST"}],"circlet_count":0,"master_deck":["Slimebound:Strike_Slimebound","Slimebound:Strike_Slimebound","Slimebound:Strike_Slimebound","Slimebound:Tackle","Slimebound:Defend_Slimebound","Slimebound:Defend_Slimebound","Slimebound:Defend_Slimebound","Slimebound:Defend_Slimebound","Slimebound:Split+1","Slimebound:CorrosiveSpit","Slimebound:FinishingTackle","Slimebound:DouseInSlime","Slimebound:FirmFortitude","Slimebound:RollThrough","Slimebound:Grow","Slimebound:Repurpose","Slimebound:LeechEnergy","Slimebound:SplitMire","Slimebound:RejuvenatingLick","Slimebound:LevelUp","Slimebound:RollThrough","Slimebound:Schlurp","Slimebound:Equalize"],"relics":["Slimebound:AbsorbEndCombat","Torii"],"acts_visited":["Exordium"],"potions_floor_usage":[11,12,13,16],"damage_taken":[{"damage":12,"enemies":"Cultist","floor":2,"turns":3},{"damage":13,"enemies":"Jaw Worm","floor":3,"turns":3},{"damage":21,"enemies":"2 Louse","floor":4,"turns":3},{"damage":15,"enemies":"Lots of Slimes","floor":5,"turns":4},{"damage":11,"enemies":"downfall:FleeingMerchant","floor":6,"turns":4},{"damage":29,"enemies":"Exordium Wildlife","floor":8,"turns":5},{"damage":15,"enemies":"downfall:FleeingMerchant","floor":9,"turns":4},{"damage":13,"enemies":"Red Slaver","floor":11,"turns":3},{"damage":15,"enemies":"Lagavulin","floor":12,"turns":4},{"damage":22,"enemies":"Exordium Thugs","floor":13,"turns":5},{"damage":0,"enemies":"Large Slime","floor":14,"turns":3},{"damage":8,"enemies":"Exordium Wildlife","floor":15,"turns":3},{"damage":48,"enemies":"downfall:Defect","floor":16,"turns":4}],"seed_played":"4019851421435560522","potions_obtained":[{"floor":3,"key":"hexamod:EctoCoolerPotion"},{"floor":5,"key":"Explosive Potion"},{"floor":11,"key":"Slimebound:SlimedPotion"},{"floor":14,"key":"AttackPotion"}],"is_trial":false,"path_per_floor":["R","M","M","M","M","$","T","M","$","R","M","E","M","M","M","B"],"character_chosen":"SLIMEBOUND","items_purchased":["Slimebound:Repurpose","Slimebound:LeechEnergy"],"campfire_rested":1,"item_purchase_floors":[6,6],"current_hp_per_floor":[66,64,63,50,43,44,44,25,10,29,16,23,15,23,27,0,0,0],"gold":96,"neow_bonus":"TEN_PERCENT_HP_BONUS","is_daily":false,"chose_seed":false,"campfire_upgraded":1,"win_rate":0.0,"timestamp":1608915372,"path_taken":["R","M","?","M","M","$","T","M","$","R","?","E","M","M","M","BOSS"],"items_purchased_type":["Card","Card"],"build_version":"2020-12-22","purchased_purges":0,"victory":false,"max_hp_per_floor":[66,66,66,66,66,66,66,66,66,66,66,66,66,66,66,66,66,66],"card_choices":[{"not_picked":["Slimebound:ViciousTackle","Slimebound:SplitBruiser"],"picked":"Slimebound:FinishingTackle","floor":2},{"not_picked":["Slimebound:RollThrough","Slimebound:SplitMire"],"picked":"Slimebound:DouseInSlime","floor":3},{"not_picked":["Slimebound:LevelUp","Slimebound:ComboTackle"],"picked":"Slimebound:FirmFortitude","floor":4},{"not_picked":["Slimebound:SplitAcid","Slimebound:SamplingLick"],"picked":"Slimebound:RollThrough","floor":5},{"not_picked":["Slimebound:Chomp","Slimebound:ForwardTackle"],"picked":"Slimebound:Grow","floor":6},{"not_picked":["Slimebound:LivingWall","Slimebound:Repurpose"],"picked":"Slimebound:SplitMire","floor":8},{"not_picked":["Slimebound:SlimeSpikes","Slimebound:ItLooksTasty","Slimebound:SlimeTap"],"picked":"SKIP","floor":9},{"not_picked":["Slimebound:GoopSpray","Slimebound:SamplingLick"],"picked":"Slimebound:RejuvenatingLick","floor":11},{"not_picked":["Slimebound:PressTheAttack","Slimebound:SlimeSpikes"],"picked":"Slimebound:LevelUp","floor":12},{"not_picked":["Slimebound:SamplingLick","Slimebound:FinishingTackle"],"picked":"Slimebound:RollThrough","floor":13},{"not_picked":["Slimebound:RainOfGoop","Slimebound:LeechingTouch"],"picked":"Slimebound:Schlurp","floor":14},{"not_picked":["Slimebound:FormOfPuddle","Slimebound:SplitAcid"],"picked":"Slimebound:Equalize","floor":15}],"player_experience":55967,"relics_obtained":[{"floor":12,"key":"Torii"}],"event_choices":[],"is_beta":false,"boss_relics":[],"items_purged_floors":[],"is_endless":false,"potions_floor_spawned":[3,5,11,14],"killed_by":"downfall:Defect","ascension_level":0}}