{"host":"no7lpkw32q9rsjhi","time":1608888296,"event":{"mods":["BaseMod","Colored Map","Infinite Spire","Minty Spire (QoL Compilation)","Replay The Spire","StSLib","The Animator","The Hierophant"],"gold_per_floor":[115,115,132,152,152,152,171,184,208,135,166,166,166,180,180,176,176],"floor_reached":16,"playtime":907,"items_purged":[],"score":102,"play_id":"b9f3bd02-8a9e-4838-8fb1-95432fc01ca3","local_time":"20201225042456","is_ascension_mode":false,"campfire_choices":[{"floor":6,"key":"RECALL"},{"floor":15,"key":"REST"}],"circlet_count":0,"master_deck":["hierophant:Strike_Hierophant","hierophant:Strike_Hierophant","hierophant:Strike_Hierophant","hierophant:Strike_Hierophant","hierophant:Punish","hierophant:Defend_Hierophant","hierophant:Defend_Hierophant","hierophant:Defend_Hierophant+1","hierophant:Defend_Hierophant+1","hierophant:ChurchCoffers","hierophant:Doomsaying","hierophant:DisplayOfPower","hierophant:Encroach","hierophant:FlamingChariot","hierophant:Shelter","hierophant:Smite","hierophant:Community","hierophant:Sermon","hierophant:Doubloon"],"relics":["hierophant:PropheticMaskRelic","Ring of Panic","Bronze Scales","Lantern"],"acts_visited":["Exordium"],"potions_floor_usage":[11,11,11,14],"damage_taken":[{"damage":7,"enemies":"Cultist","floor":1,"turns":5},{"damage":0,"enemies":"2 Louse","floor":3,"turns":3},{"damage":2,"enemies":"Small Slimes","floor":4,"turns":3},{"damage":4,"enemies":"2 Fungi Beasts","floor":7,"turns":3},{"damage":15,"enemies":"Large Slime","floor":8,"turns":9},{"damage":15,"enemies":"3 Sentries","floor":11,"turns":9},{"damage":11,"enemies":"Exordium Thugs","floor":14,"turns":5},{"damage":49,"enemies":"Slime Boss","floor":16,"turns":8}],"seed_played":"-8102802500668426929","potions_obtained":[{"floor":1,"key":"Weak Potion"},{"floor":4,"key":"Milkshake"},{"floor":8,"key":"FearPotion"},{"floor":11,"key":"FearPotion"}],"is_trial":false,"path_per_floor":["M","?","M","M","?","R","M","M","T","$","E","?","?","M","R","B"],"character_chosen":"HIEROPHANT","items_purchased":["hierophant:Community"],"campfire_rested":1,"item_purchase_floors":[10],"current_hp_per_floor":[68,73,73,71,71,71,67,52,52,52,37,37,21,10,34,0,0],"gold":176,"neow_bonus":"THREE_CARDS","is_daily":false,"chose_seed":false,"campfire_upgraded":0,"win_rate":0.0,"timestamp":1608888296,"path_taken":["M","?","M","M","?","R","M","M","T","$","E","?","?","M","R","BOSS"],"items_purchased_type":["Card"],"build_version":"2020-12-22","purchased_purges":0,"victory":false,"max_hp_per_floor":[75,80,80,80,80,80,80,80,80,80,80,80,80,80,80,80,80],"card_choices":[{"not_picked":["hierophant:Upheaval","hierophant:Rebuild"],"picked":"hierophant:Doomsaying","floor":0},{"not_picked":["hierophant:MirrorShield","hierophant:Purify"],"picked":"hierophant:DisplayOfPower","floor":1},{"not_picked":["hierophant:FieryStrike","hierophant:HammerAndAnvil"],"picked":"hierophant:Encroach","floor":3},{"not_picked":["hierophant:RepressedViolence","hierophant:EyeForCoin"],"picked":"hierophant:FlamingChariot","floor":4},{"not_picked":["hierophant:BulkyChest","hierophant:RustyCrate"],"picked":"hierophant:Shelter","floor":7},{"not_picked":["hierophant:Purify","hierophant:FlamingChariot"],"picked":"hierophant:Smite","floor":8},{"not_picked":["hierophant:Zeal","hierophant:Levitation"],"picked":"hierophant:Sermon","floor":11},{"not_picked":["hierophant:RepressedViolence","hierophant:DisplayOfPower"],"picked":"hierophant:Doubloon","floor":14}],"player_experience":59493,"relics_obtained":[{"floor":5,"key":"Ring of Panic"},{"floor":9,"key":"Bronze Scales"},{"floor":11,"key":"Lantern"}],"event_choices":[{"damage_healed":0,"gold_gain":0,"player_choice":"Donut","damage_taken":0,"max_hp_gain":5,"max_hp_loss":0,"event_name":"Big Fish","floor":2,"gold_loss":0},{"damage_healed":0,"gold_gain":0,"player_choice":"Searched \u00271\u0027 times","damage_taken":0,"max_hp_gain":0,"max_hp_loss":0,"event_name":"Dead Adventurer","floor":12,"gold_loss":0},{"damage_healed":0,"gold_gain":0,"player_choice":"Entered Light","damage_taken":16,"max_hp_gain":0,"max_hp_loss":0,"event_name":"Shining Light","floor":13,"gold_loss":0,"cards_upgraded":["hierophant:Defend_Hierophant","hierophant:Defend_Hierophant"]}],"is_beta":false,"boss_relics":[],"items_purged_floors":[],"is_endless":false,"potions_floor_spawned":[1,4,8,11],"killed_by":"Slime Boss","ascension_level":0}}