{"host":"15dd7v8o90xso62x","time":1608872806,"event":{"mods":["BaseMod","Minty Spire (QoL Compilation)","Quick Restart","StSLib"],"gold_per_floor":[114,132,143,153,153,153,180,4,4,21,34,45,45,79,79,153,153,170,95,114,126,126,157,157,82,82,82,92,109,109,9,9,87,87,102,102,118,118,135,135,149,169,169,169,0,19,34,65,65,65],"floor_reached":51,"playtime":2878,"items_purged":["Strike_B","Strike_B"],"score":1336,"play_id":"56fb0d8c-5b8f-4b3e-9270-08be225c6014","local_time":"20201225140646","is_ascension_mode":true,"campfire_choices":[{"data":"Zap","floor":6.0,"key":"SMITH"},{"data":"Dualcast","floor":13.0,"key":"SMITH"},{"data":"Loop","floor":15.0,"key":"SMITH"},{"data":"Buffer","floor":24.0,"key":"SMITH"},{"floor":27.0,"key":"REST"},{"data":"Coolheaded","floor":32.0,"key":"SMITH"},{"data":"Apotheosis","floor":40.0,"key":"SMITH"},{"floor":44.0,"key":"REST"},{"floor":49,"key":"REST"}],"circlet_count":0,"master_deck":["AscendersBane","Strike_B","Defend_B","Defend_B","Defend_B","Defend_B","Zap+1","Dualcast+1","Electrodynamics","Ball Lightning","Turbo","Tempest","Conserve Battery","Ball Lightning","Echo Form","Capacitor","Cold Snap","Glacier","Loop+1","Buffer+1","Heatsinks","Seek","Coolheaded+1","Apotheosis+1","Flash of Steel","Secret Technique","Coolheaded+1","Force Field","Glacier"],"relics":["Cracked Core","Ornamental Fan","Meat on the Bone","Happy Flower","Cursed Key","Tiny Chest","SacredBark","Red Mask","CeramicFish"],"acts_visited":["Exordium","TheCity","TheBeyond"],"potions_floor_usage":[48,50,50],"damage_taken":[{"damage":0.0,"enemies":"2 Louse","floor":1.0,"turns":1.0},{"damage":7.0,"enemies":"Jaw Worm","floor":2.0,"turns":2.0},{"damage":10.0,"enemies":"Small Slimes","floor":3.0,"turns":3.0},{"damage":11.0,"enemies":"3 Louse","floor":4.0,"turns":3.0},{"damage":0.0,"enemies":"Lagavulin","floor":7.0,"turns":2.0},{"damage":18.0,"enemies":"Large Slime","floor":10.0,"turns":3.0},{"damage":11.0,"enemies":"2 Fungi Beasts","floor":11.0,"turns":4.0},{"damage":10.0,"enemies":"Looter","floor":12.0,"turns":3.0},{"damage":4.0,"enemies":"3 Sentries","floor":14.0,"turns":5.0},{"damage":26.0,"enemies":"The Guardian","floor":16.0,"turns":10.0},{"damage":1.0,"enemies":"Chosen","floor":18.0,"turns":5.0},{"damage":11.0,"enemies":"Shell Parasite","floor":20.0,"turns":6.0},{"damage":15.0,"enemies":"3 Cultists","floor":21.0,"turns":4.0},{"damage":39.0,"enemies":"Gremlin Leader","floor":23.0,"turns":7.0},{"damage":7.0,"enemies":"Chosen and Byrds","floor":28.0,"turns":4.0},{"damage":31.0,"enemies":"Cultist and Chosen","floor":29.0,"turns":6.0},{"damage":3.0,"enemies":"Champ","floor":33.0,"turns":14.0},{"damage":29.0,"enemies":"3 Darklings","floor":35.0,"turns":5.0},{"damage":11.0,"enemies":"3 Shapes","floor":37.0,"turns":3.0},{"damage":0.0,"enemies":"Spire Growth","floor":38.0,"turns":1.0},{"damage":0.0,"enemies":"Maw","floor":39.0,"turns":8.0},{"damage":0.0,"enemies":"4 Shapes","floor":41.0,"turns":5.0},{"damage":28.0,"enemies":"Transient","floor":42.0,"turns":6.0},{"damage":0.0,"enemies":"Maw","floor":46.0,"turns":8.0},{"damage":9.0,"enemies":"Writhing Mass","floor":47.0,"turns":8.0},{"damage":27,"enemies":"Nemesis","floor":48,"turns":13},{"damage":17,"enemies":"Donu and Deca","floor":50,"turns":15}],"seed_played":"-2712577539352070575","potions_obtained":[{"floor":3.0,"key":"Ancient Potion"},{"floor":4.0,"key":"PowerPotion"},{"floor":10.0,"key":"Ancient Potion"},{"floor":20.0,"key":"FearPotion"},{"floor":28.0,"key":"Block Potion"},{"floor":29.0,"key":"DistilledChaos"},{"floor":37.0,"key":"SmokeBomb"},{"floor":39.0,"key":"BlessingOfTheForge"},{"floor":46.0,"key":"Strength Potion"},{"floor":48,"key":"Ancient Potion"}],"is_trial":false,"path_per_floor":["M","M","M","M","?","R","E","$","T","M","M","M","R","E","R","B",null,"M","?","M","M","?","E","R","$","T","R","M","M","?","$","R","B",null,"M","?","M","M","M","R","M","M","T","R","?","M","M","E","R","B",null],"character_chosen":"DEFECT","items_purchased":["Echo Form"],"campfire_rested":3,"item_purchase_floors":[8],"current_hp_per_floor":[64,57,47,36,36,36,36,36,36,30,31,33,33,41,41,27,60,59,59,48,45,45,18,18,18,18,39,44,25,25,25,25,34,62,45,35,36,36,36,36,36,20,20,41,41,41,44,29,50,45],"gold":65,"neow_bonus":"ONE_RANDOM_RARE_CARD","is_daily":false,"chose_seed":false,"campfire_upgraded":6,"win_rate":0.0,"timestamp":1608872806,"path_taken":["M","M","M","M","?","R","E","$","T","M","M","M","R","E","R","BOSS","M","?","M","M","?","E","R","$","T","R","M","M","?","$","R","BOSS","M","?","M","M","M","R","M","M","T","R","?","M","M","E","R","BOSS"],"items_purchased_type":["Card"],"build_version":"2020-12-22","purchased_purges":2,"victory":true,"max_hp_per_floor":[71,71,71,71,71,71,71,71,71,71,71,71,71,71,71,71,71,71,71,71,71,71,71,71,71,71,71,71,71,71,71,71,71,71,71,71,71,71,71,71,71,71,71,71,71,71,71,71,71,71],"card_choices":[{"not_picked":["Auto Shields","Sweeping Beam"],"picked":"Ball Lightning","floor":1.0},{"not_picked":["Compile Driver","Undo"],"picked":"Turbo","floor":2.0},{"not_picked":["Darkness","Chaos"],"picked":"Tempest","floor":3.0},{"not_picked":["Go for the Eyes","Streamline"],"picked":"Conserve Battery","floor":4.0},{"not_picked":["Steam Power","Gash"],"picked":"Ball Lightning","floor":7.0},{"not_picked":["Reprogram","Ball Lightning"],"picked":"Capacitor","floor":10.0},{"not_picked":["Sweeping Beam","Rebound"],"picked":"Cold Snap","floor":11.0},{"not_picked":["Sunder","Thunder Strike"],"picked":"Glacier","floor":12.0},{"not_picked":["Cold Snap","Beam Cell"],"picked":"Loop","floor":14.0},{"not_picked":["Machine Learning","Seek"],"picked":"Buffer","floor":16.0},{"not_picked":["Ball Lightning+1","Fusion","Barrage"],"picked":"SKIP","floor":18.0},{"not_picked":["Redo","Barrage"],"picked":"Heatsinks","floor":20.0},{"not_picked":["Hologram","Streamline","Rebound+1"],"picked":"SKIP","floor":21.0},{"not_picked":["Barrage","Recycle+1"],"picked":"Seek","floor":23.0},{"not_picked":["Stack","Go for the Eyes"],"picked":"Coolheaded","floor":28.0},{"not_picked":["Hologram","Double Energy","Lockon"],"picked":"SKIP","floor":29.0},{"not_picked":["Blizzard","Genetic Algorithm+1","Barrage"],"picked":"SKIP","floor":35.0},{"not_picked":["Secret Weapon","PanicButton"],"picked":"Apotheosis","floor":36.0},{"not_picked":["HandOfGreed","Mind Blast"],"picked":"Flash of Steel","floor":36.0},{"not_picked":["Trip","Magnetism"],"picked":"Secret Technique","floor":36.0},{"not_picked":["Aggregate","Reprogram"],"picked":"Coolheaded+1","floor":37.0},{"not_picked":["Turbo","Rip and Tear"],"picked":"Force Field","floor":39.0},{"not_picked":["Coolheaded","Loop","Sunder+1"],"picked":"SKIP","floor":41.0},{"not_picked":["Compile Driver","Turbo"],"picked":"Glacier","floor":42.0},{"not_picked":["Lockon","Static Discharge","Streamline"],"picked":"SKIP","floor":46.0},{"not_picked":["Steam+1","Barrage","Coolheaded"],"picked":"SKIP","floor":47.0},{"not_picked":["Streamline","Sunder","Leap"],"picked":"SKIP","floor":48}],"player_experience":943984,"relics_obtained":[{"floor":7.0,"key":"Ornamental Fan"},{"floor":9.0,"key":"Meat on the Bone"},{"floor":14.0,"key":"Happy Flower"},{"floor":23.0,"key":"Tiny Chest"},{"floor":48,"key":"CeramicFish"}],"event_choices":[{"damage_healed":0.0,"max_hp_gain":0.0,"max_hp_loss":0.0,"gold_gain":0.0,"event_name":"Liars Game","player_choice":"Ignored","floor":5.0,"gold_loss":0.0,"damage_taken":0.0},{"cards_removed":["Strike_B"],"damage_healed":0.0,"max_hp_gain":0.0,"max_hp_loss":0.0,"gold_gain":0.0,"event_name":"Beggar","player_choice":"Gave Gold","floor":19.0,"gold_loss":75.0,"damage_taken":0.0},{"damage_healed":0.0,"max_hp_gain":0.0,"max_hp_loss":0.0,"gold_gain":0.0,"event_name":"Cursed Tome","player_choice":"Ignored","floor":22.0,"gold_loss":0.0,"damage_taken":0.0},{"damage_healed":0.0,"max_hp_gain":0.0,"max_hp_loss":0.0,"gold_gain":0.0,"event_name":"The Mausoleum","player_choice":"Ignored","floor":30.0,"gold_loss":0.0,"damage_taken":0.0},{"damage_healed":0.0,"max_hp_gain":0.0,"max_hp_loss":0.0,"gold_gain":0.0,"event_name":"SensoryStone","player_choice":"Memory 3","floor":36.0,"gold_loss":0.0,"damage_taken":10.0},{"damage_healed":0.0,"max_hp_gain":0.0,"max_hp_loss":0.0,"gold_gain":0.0,"event_name":"Tomb of Lord Red Mask","player_choice":"Paid","floor":45.0,"gold_loss":169.0,"damage_taken":0.0,"relics_obtained":["Red Mask"]}],"is_beta":false,"boss_relics":[{"not_picked":["Fusion Hammer","Black Star"],"picked":"Cursed Key"},{"not_picked":["Runic Pyramid","FrozenCore"],"picked":"SacredBark"}],"items_purged_floors":[25,31],"is_endless":false,"potions_floor_spawned":[3,4,10,20,28,29,37,38,39,46,48],"ascension_level":18}}