{"host":"mmqs5ul2bvb60kyc","time":1608938208,"event":{"mods":["BaseMod","Minty Spire (QoL Compilation)","StSLib"],"gold_per_floor":[119,139,139,152,166,166,191,191,191,223,223,233,249,267,267,369,369,379,359,245,264,278,278,278],"floor_reached":23,"playtime":907,"items_purged":["Defend_P"],"score":297,"play_id":"0a093866-aca4-40e5-9b9a-fc2f4bf38552","local_time":"20201226071648","is_ascension_mode":true,"campfire_choices":[{"data":"Eruption","floor":6.0,"key":"SMITH"},{"data":"SignatureMove","floor":8.0,"key":"SMITH"},{"floor":11.0,"key":"REST"},{"data":"Vigilance","floor":15.0,"key":"SMITH"}],"circlet_count":0,"master_deck":["Strike_P","Strike_P","Strike_P","Defend_P","Defend_P","Defend_P","Eruption+1","Vigilance+1","SignatureMove+1","FollowUp","SandsOfTime","Crescendo","MentalFortress","ClearTheMind","Perseverance","Ragnarok","Worship","Study","Halt"],"relics":["Busted Crown","Pen Nib","Gremlin Horn","Du-Vu Doll","Black Star"],"acts_visited":["Exordium","TheCity"],"potions_floor_usage":[23],"damage_taken":[{"damage":0.0,"enemies":"Jaw Worm","floor":1.0,"turns":2.0},{"damage":0.0,"enemies":"Cultist","floor":2.0,"turns":2.0},{"damage":0.0,"enemies":"2 Louse","floor":4.0,"turns":3.0},{"damage":19.0,"enemies":"Lots of Slimes","floor":5.0,"turns":5.0},{"damage":22.0,"enemies":"3 Sentries","floor":7.0,"turns":4.0},{"damage":19.0,"enemies":"Gremlin Nob","floor":10.0,"turns":3.0},{"damage":0.0,"enemies":"Large Slime","floor":12.0,"turns":2.0},{"damage":5.0,"enemies":"Looter","floor":13.0,"turns":4.0},{"damage":5.0,"enemies":"Exordium Thugs","floor":14.0,"turns":3.0},{"damage":17.0,"enemies":"Hexaghost","floor":16.0,"turns":9.0},{"damage":0.0,"enemies":"Spheric Guardian","floor":18.0,"turns":2.0},{"damage":17.0,"enemies":"3 Byrds","floor":21.0,"turns":5.0},{"damage":26.0,"enemies":"Snake Plant","floor":22.0,"turns":4.0},{"damage":16,"enemies":"Book of Stabbing","floor":23,"turns":1}],"seed_played":"6777598612589780146","potions_obtained":[{"floor":1.0,"key":"Fruit Juice"},{"floor":7.0,"key":"GamblersBrew"},{"floor":10.0,"key":"Energy Potion"},{"floor":14.0,"key":"Explosive Potion"},{"floor":19.0,"key":"Ancient Potion"}],"is_trial":false,"path_per_floor":["M","M","?","M","M","R","E","R","T","E","R","M","M","M","R","B",null,"M","?","$","M","M","E"],"character_chosen":"WATCHER","items_purchased":["Study"],"campfire_rested":1,"item_purchase_floors":[20],"current_hp_per_floor":[70,70,70,70,51,51,29,29,29,10,33,33,28,23,23,6,59,59,59,59,42,16,0,0],"gold":278,"neow_bonus":"BOSS_RELIC","is_daily":false,"chose_seed":false,"campfire_upgraded":3,"win_rate":0.0,"timestamp":1608938208,"path_taken":["M","M","?","?","M","R","E","R","T","E","R","M","M","M","R","BOSS","M","?","$","M","M","E"],"items_purchased_type":["Card"],"build_version":"2020-12-22","purchased_purges":1,"victory":false,"max_hp_per_floor":[77,77,77,77,77,77,77,77,77,77,77,77,77,77,77,77,77,77,77,77,77,77,77,77],"card_choices":[{"not_picked":[],"picked":"SignatureMove","floor":1.0},{"not_picked":[],"picked":"FollowUp","floor":2.0},{"not_picked":[],"picked":"Crescendo","floor":4.0},{"not_picked":["PathToVictory"],"picked":"SKIP","floor":5.0},{"not_picked":["Crescendo"],"picked":"SKIP","floor":7.0},{"not_picked":["WaveOfTheHand"],"picked":"SKIP","floor":10.0},{"not_picked":[],"picked":"MentalFortress","floor":12.0},{"not_picked":[],"picked":"ClearTheMind","floor":13.0},{"not_picked":[],"picked":"Perseverance","floor":14.0},{"not_picked":[],"picked":"Ragnarok","floor":16.0},{"not_picked":[],"picked":"Worship","floor":18.0},{"not_picked":["CrushJoints"],"picked":"SKIP","floor":21.0},{"not_picked":[],"picked":"Halt","floor":22.0}],"player_experience":211359,"relics_obtained":[{"floor":7.0,"key":"Pen Nib"},{"floor":9.0,"key":"Gremlin Horn"},{"floor":10.0,"key":"Du-Vu Doll"}],"event_choices":[{"damage_healed":0.0,"max_hp_gain":0.0,"max_hp_loss":0.0,"gold_gain":0.0,"cards_transformed":["Strike_P"],"event_name":"Transmorgrifier","player_choice":"Transformed","floor":3.0,"gold_loss":0.0,"damage_taken":0.0,"cards_obtained":["SandsOfTime"]},{"damage_healed":0.0,"max_hp_gain":0.0,"max_hp_loss":0.0,"gold_gain":0.0,"event_name":"The Woman in Blue","player_choice":"Bought 1 Potion","floor":19.0,"gold_loss":0.0,"damage_taken":0.0}],"is_beta":false,"boss_relics":[{"not_picked":["VioletLotus","Fusion Hammer"],"picked":"Black Star"}],"items_purged_floors":[20],"is_endless":false,"potions_floor_spawned":[1,7,10,14],"killed_by":"Book of Stabbing","ascension_level":9}}