{"host":"867cnhxguf2bzj4x","time":1608924861,"event":{"mods":["BaseMod","Downfall","GifTheSpireLib","Minty Spire (QoL Compilation)","StSLib"],"gold_per_floor":[99,99,99,99,199,199,276,288,288,299,311,345,357,357,375,375,375,375],"floor_reached":16,"playtime":1072,"items_purged":[],"score":100,"play_id":"54db42ec-c97a-4e02-9536-7b5e40e8589e","local_time":"20201225203421","is_ascension_mode":false,"campfire_choices":[{"data":"Guardian:CurlUp","floor":1,"key":"SMITH"},{"data":"Guardian:TwinSlam","floor":9,"key":"SMITH"}],"circlet_count":0,"master_deck":["Guardian:Strike_Guardian","Guardian:Strike_Guardian","Guardian:Strike_Guardian","Guardian:Defend_Guardian","Guardian:Defend_Guardian","Guardian:Defend_Guardian","Guardian:Defend_Guardian","Guardian:CurlUp+1","Guardian:TwinSlam+1","Guardian:ShieldCharger","Guardian:BronzeArmor","Guardian:ExploitGems","Guardian:DecasProtection","Guardian:ArmoredProtocol","Guardian:Gem_Red","Guardian:DonusPower","Guardian:Gem_White","Guardian:Gem_Red","Guardian:Recover"],"relics":["Guardian:ModeShifter","downfall:HeartsMalice","Happy Flower"],"acts_visited":["Exordium"],"potions_floor_usage":[],"damage_taken":[{"damage":0,"enemies":"2 Louse","floor":2,"turns":1},{"damage":0,"enemies":"Cultist","floor":4,"turns":1},{"damage":0,"enemies":"Jaw Worm","floor":6,"turns":1},{"damage":5,"enemies":"Large Slime","floor":8,"turns":10},{"damage":0,"enemies":"Exordium Wildlife","floor":10,"turns":5},{"damage":2,"enemies":"Gremlin Gang","floor":11,"turns":6},{"damage":53,"enemies":"3 Sentries","floor":12,"turns":20},{"damage":5,"enemies":"Red Slaver","floor":13,"turns":7},{"damage":12,"enemies":"2 Fungi Beasts","floor":15,"turns":5},{"damage":32,"enemies":"downfall:Silent","floor":16,"turns":13}],"seed_played":"-4089775791519878603","potions_obtained":[{"floor":8,"key":"FairyPotion"},{"floor":11,"key":"DuplicationPotion"},{"floor":12,"key":"Swift Potion"}],"is_trial":false,"path_per_floor":["R","M","?","M","?","M","T","M","R","M","M","E","M","?","M","B"],"character_chosen":"GUARDIAN","items_purchased":[],"campfire_rested":0,"item_purchase_floors":[],"current_hp_per_floor":[80,80,80,80,80,80,80,75,75,75,73,20,15,15,3,0,0,0],"gold":375,"neow_bonus":"THREE_ENEMY_KILL","is_daily":false,"chose_seed":false,"campfire_upgraded":2,"win_rate":0.0,"timestamp":1608924861,"path_taken":["R","M","?","?","?","M","T","M","R","M","M","E","M","?","M","BOSS"],"items_purchased_type":[],"build_version":"2020-12-22","purchased_purges":0,"victory":false,"max_hp_per_floor":[80,80,80,80,80,80,80,80,80,80,80,80,80,80,80,80,80,80],"card_choices":[{"not_picked":["Guardian:Reroute","Guardian:Recover"],"picked":"Guardian:Gem_Blue","floor":2},{"not_picked":["Guardian:Gem_Blue","Guardian:RefractedBeam"],"picked":"Guardian:ShieldCharger","floor":4},{"not_picked":["Guardian:VentSteam","Guardian:Gem_Red"],"picked":"Guardian:BronzeArmor","floor":6},{"not_picked":["Guardian:Recover","Guardian:ShieldCharger"],"picked":"Guardian:ExploitGems","floor":8},{"not_picked":["Guardian:BronzeArmor","Guardian:Gem_Green"],"picked":"Guardian:DecasProtection","floor":10},{"not_picked":["Guardian:Reroute","Guardian:Suspension"],"picked":"Guardian:ArmoredProtocol","floor":11},{"not_picked":["Guardian:Incinerate","Guardian:SphericShield"],"picked":"Guardian:Gem_Red","floor":12},{"not_picked":["Guardian:Suspension","Guardian:Gem_Blue"],"picked":"Guardian:DonusPower","floor":13},{"not_picked":["Guardian:Incinerate","Guardian:ShieldSpikes"],"picked":"Guardian:Recover","floor":15}],"player_experience":54297,"relics_obtained":[{"floor":12,"key":"Happy Flower"}],"event_choices":[{"cards_removed":["Guardian:Strike_Guardian"],"damage_healed":0,"gold_gain":0,"player_choice":"Offered Basic","damage_taken":0,"max_hp_gain":0,"max_hp_loss":0,"event_name":"Bonfire Elementals","floor":3,"gold_loss":0}],"is_beta":false,"boss_relics":[],"items_purged_floors":[],"is_endless":false,"potions_floor_spawned":[8,11,12],"killed_by":"downfall:Silent","ascension_level":0}}