{"host":"wfy07lporsqrbz3r","time":1608897826,"event":{"mods":["BaseMod","Minty Spire (QoL Compilation)","Replay The Spire","StSLib"],"gold_per_floor":[113,113,124,49,60,91,107,182,205,205,216,244,262,262,262,262,262],"floor_reached":16,"playtime":476,"items_purged":["Pain"],"score":224,"play_id":"19392075-478b-4de8-a310-461d61b6b876","local_time":"20201225200346","is_ascension_mode":true,"campfire_choices":[{"floor":10,"key":"REST"},{"floor":15,"key":"REST"}],"circlet_count":0,"master_deck":["AscendersBane","Strike_G","Strike_G","Strike_G","Strike_G","Strike_G","Defend_G","Defend_G","Defend_G","Defend_G+1","Defend_G+1","Survivor","Neutralize","Concentrate","Infinite Blades","Crippling Poison","Deflect","Accuracy","Prepared"],"relics":["Ring of the Snake","NeowsBlessing","WarpedTongs","Tiny Chest","Vajra","Simple Rune","SsserpentHead"],"acts_visited":["Exordium"],"potions_floor_usage":[7,16,16],"damage_taken":[{"damage":0.0,"enemies":"Cultist","floor":1.0,"turns":1.0},{"damage":1.0,"enemies":"Jaw Worm","floor":3.0,"turns":1.0},{"damage":0.0,"enemies":"Small Slimes","floor":5.0,"turns":1.0},{"damage":22.0,"enemies":"3 Sentries","floor":6.0,"turns":12.0},{"damage":10,"enemies":"Exordium Thugs","floor":7,"turns":6},{"damage":4,"enemies":"Blue Slaver","floor":11,"turns":4},{"damage":7,"enemies":"Lagavulin","floor":12,"turns":7},{"damage":15,"enemies":"Red Slaver","floor":13,"turns":5},{"damage":27,"enemies":"Hexaghost","floor":16,"turns":9}],"seed_played":"3709108498605545124","potions_obtained":[{"floor":1.0,"key":"Block Potion"},{"floor":5.0,"key":"GhostInAJar"},{"floor":12,"key":"DuplicationPotion"},{"floor":13,"key":"Doom Potion"}],"is_trial":false,"path_per_floor":["M","?","M","$","M","E","M","?","T","R","M","E","M","?","R","B"],"character_chosen":"THE_SILENT","items_purchased":[],"campfire_rested":2,"item_purchase_floors":[],"current_hp_per_floor":[59,59,58,58,58,36,26,15,15,34,30,23,8,8,27,0,0],"gold":262,"neow_bonus":"THREE_ENEMY_KILL","is_daily":false,"chose_seed":false,"campfire_upgraded":0,"win_rate":0.0,"timestamp":1608897826,"path_taken":["M","?","M","$","?","E","M","?","T","R","M","E","M","?","R","BOSS"],"items_purchased_type":[],"build_version":"2020-12-22","purchased_purges":1,"victory":false,"max_hp_per_floor":[66,66,66,66,66,66,66,66,66,66,66,66,66,66,66,66,66],"card_choices":[{"not_picked":["Fluid Movement","Heel Hook"],"picked":"Concentrate","floor":1.0},{"not_picked":["Quick Slash","Dodge and Roll"],"picked":"Infinite Blades","floor":3.0},{"not_picked":["Underhanded Strike","Bane"],"picked":"Crippling Poison","floor":5.0},{"not_picked":["Replay:Poison Smokescreen","All Out Attack"],"picked":"Deflect","floor":6.0},{"not_picked":["Deadly Poison","Sucker Punch","Poisoned Stab"],"picked":"SKIP","floor":7},{"not_picked":["Bane","Deadly Poison"],"picked":"Accuracy","floor":11},{"not_picked":["Crippling Poison","Quick Slash","Flying Knee"],"picked":"SKIP","floor":12},{"not_picked":["Poisoned Stab","Deflect"],"picked":"Prepared","floor":13}],"player_experience":713476,"relics_obtained":[{"floor":6.0,"key":"Tiny Chest"},{"floor":9,"key":"Vajra"},{"floor":12,"key":"Simple Rune"}],"event_choices":[{"damage_healed":0.0,"max_hp_gain":0.0,"max_hp_loss":0.0,"gold_gain":0.0,"event_name":"Accursed Blacksmith","player_choice":"Rummage","floor":2.0,"gold_loss":0.0,"damage_taken":0.0,"relics_obtained":["WarpedTongs"],"cards_obtained":["Pain"]},{"damage_healed":0,"gold_gain":75,"player_choice":"Gather Gold","damage_taken":11,"max_hp_gain":0,"max_hp_loss":0,"event_name":"World of Goop","floor":8,"gold_loss":0},{"damage_healed":0,"gold_gain":0,"player_choice":"Trade","damage_taken":0,"relics_obtained":["SsserpentHead"],"max_hp_gain":0,"max_hp_loss":0,"event_name":"FaceTrader","floor":14,"gold_loss":0}],"is_beta":false,"boss_relics":[],"items_purged_floors":[4],"is_endless":false,"potions_floor_spawned":[1,5,12,13],"killed_by":"Hexaghost","ascension_level":20}}