{"host":"gbop6m4qugddaz18","time":1608869809,"event":{"mods":["2.2 Compatiblity","BaseMod","Better Third Choice","Block Reminder","Downfall","GifTheSpireLib","Highlight Path","Minty Spire (QoL Compilation)","Replay The Spire","StSLib"],"gold_per_floor":[99,99,99,99,99,99,99,99,84,99,109,119,119,171,183,183,183,183],"floor_reached":16,"playtime":635,"items_purged":[],"score":119,"play_id":"6d7c818c-611a-4c0a-89d4-b928d150881d","local_time":"20201224231649","is_ascension_mode":true,"campfire_choices":[{"data":"Guardian:TwinSlam","floor":1,"key":"SMITH"},{"data":"Guardian:PiercingHide","floor":13,"key":"SMITH"}],"circlet_count":0,"master_deck":["Guardian:Strike_Guardian","Guardian:Strike_Guardian","Guardian:Strike_Guardian","Guardian:Strike_Guardian","Guardian:Defend_Guardian","Guardian:Defend_Guardian","Guardian:Defend_Guardian","Guardian:Defend_Guardian","Guardian:CurlUp","Guardian:TwinSlam+1","Guardian:Harden","Guardian:Emergency","Guardian:TimeSifter+1","Guardian:ShieldCharger","Guardian:DecasProtection","Guardian:PiercingHide+1","Guardian:ShieldCharger","Guardian:Gem_Green"],"relics":["Guardian:ModeShifter","downfall:HeartsMalice","Gremlin Food","Bag of Preparation"],"acts_visited":["Exordium"],"potions_floor_usage":[15,16,16],"damage_taken":[{"damage":0,"enemies":"2 Louse","floor":2,"turns":1},{"damage":0,"enemies":"Cultist","floor":3,"turns":1},{"damage":0,"enemies":"Small Slimes","floor":5,"turns":1},{"damage":0,"enemies":"downfall:FleeingMerchant","floor":9,"turns":4},{"damage":12,"enemies":"Blue Slaver","floor":10,"turns":5},{"damage":14,"enemies":"2 Fungi Beasts","floor":11,"turns":5},{"damage":12,"enemies":"Lots of Slimes","floor":12,"turns":4},{"damage":0,"enemies":"Blue Slaver","floor":15,"turns":6},{"damage":10,"enemies":"downfall:Defect","floor":16,"turns":3}],"seed_played":"2127420842858705933","potions_obtained":[{"floor":11,"key":"EssenceOfSteel"},{"floor":12,"key":"Weak Potion"},{"floor":14,"key":"Milkshake"},{"floor":14,"key":"Ancient Potion"},{"floor":14,"key":"Block Potion"}],"is_trial":false,"path_per_floor":["R","M","M","?","M","T","T","?","$","M","M","M","R","?","M","B"],"character_chosen":"GUARDIAN","items_purchased":[],"campfire_rested":0,"item_purchase_floors":[],"current_hp_per_floor":[72,72,72,72,72,72,72,72,72,60,46,34,34,2,2,0,0,0],"gold":183,"neow_bonus":"THREE_ENEMY_KILL","is_daily":false,"chose_seed":false,"campfire_upgraded":2,"win_rate":0.0,"timestamp":1608869809,"path_taken":["R","M","M","?","?","?","T","?","?","M","M","M","R","?","M","BOSS"],"items_purchased_type":[],"build_version":"2020-12-22","purchased_purges":0,"victory":false,"max_hp_per_floor":[80,80,80,80,80,80,80,80,80,80,80,80,80,80,80,80,80,80],"card_choices":[{"not_picked":["Guardian:Gem_Lightblue","Guardian:Gem_Green"],"picked":"Guardian:Harden","floor":2},{"not_picked":["Guardian:Reroute","Guardian:Recover"],"picked":"Guardian:Emergency","floor":3},{"not_picked":["Guardian:TemporalStrike","Guardian:TemporalShield"],"picked":"Guardian:Planning","floor":5},{"not_picked":["Guardian:Planning","Guardian:DonusPower"],"picked":"Guardian:Gem_Fragmented","floor":9},{"not_picked":["Guardian:TimeCapacitor","Guardian:RollAttack"],"picked":"Guardian:ShieldCharger","floor":10},{"not_picked":["Guardian:TemporalStrike","Guardian:RollAttack"],"picked":"Guardian:DecasProtection","floor":11},{"not_picked":["Guardian:PolyBeam","Guardian:ChargeUp"],"picked":"Guardian:PiercingHide","floor":12},{"not_picked":["Guardian:Gem_Green","Guardian:TemporalShield"],"picked":"Guardian:ShieldCharger","floor":14},{"not_picked":["Guardian:SphericShield","Guardian:CrystalBeam"],"picked":"Guardian:Gem_Green","floor":15}],"player_experience":586224,"relics_obtained":[{"floor":6,"key":"Gremlin Food"},{"floor":7,"key":"Bag of Preparation"}],"event_choices":[],"is_beta":false,"boss_relics":[],"items_purged_floors":[],"is_endless":false,"potions_floor_spawned":[11,12],"killed_by":"downfall:Defect","ascension_level":7}}