{"host":"uuef13iiy6j2c50k","time":1608874958,"event":{"mods":["BaseMod","Minty Spire (QoL Compilation)","Quick Restart","Relic Stats","Slay-I","StSLib","SuperFastMode"],"gold_per_floor":[119,119,130,12,28,28,48,75,75,101,101,121,121,201,201,305,305,322,179,179,179,104,136,136,168,193,193,209,234,234,252,252,350,350,368,368,220,270,195,195,229,229,278,304,351,351,351,370,370,370],"floor_reached":51,"playtime":2728,"items_purged":["Defend_B+1"],"score":883,"play_id":"e294dac3-ec2d-4181-99a5-eeeaaf6bfa72","local_time":"20201224194238","is_ascension_mode":true,"campfire_choices":[{"data":"Static Discharge","floor":6,"key":"SMITH"},{"data":"Static Discharge","floor":11,"key":"SMITH"},{"data":"Defragment","floor":15,"key":"SMITH"},{"data":"Consume","floor":24,"key":"SMITH"},{"data":"Consume","floor":27,"key":"SMITH"},{"data":"Recycle","floor":30,"key":"SMITH"},{"data":"Coolheaded","floor":32,"key":"SMITH"},{"data":"Biased Cognition","floor":40,"key":"SMITH"},{"data":"Buffer","floor":42,"key":"SMITH"},{"data":"Self Repair","floor":46,"key":"SMITH"},{"data":"Thunder Strike","floor":49,"key":"SMITH"}],"circlet_count":0,"master_deck":["Defend_B+1","Defend_B+1","Defend_B+1","Zap+1","Dualcast+1","Biased Cognition+1","FTL","Static Discharge+1","Leap","Defragment+1","Glacier","Ball Lightning","Thunder Strike+1","Static Discharge+1","Coolheaded+1","Consume+1","Consume+1","Recycle+1","Reboot","Self Repair+1","Coolheaded+1","Buffer+1","Self Repair+1"],"relics":["Cracked Core","MealTicket","Potion Belt","Meat on the Bone","War Paint","HornCleat","Inserter","DollysMirror","Molten Egg 2","Ginger","Centennial Puzzle","Bronze Scales","Nuclear Battery","OrangePellets","Lizard Tail","Bottled Tornado","Lantern","Bird Faced Urn"],"acts_visited":["Exordium","TheCity","TheBeyond"],"potions_floor_usage":[25,29,41,44,44],"damage_taken":[{"damage":3,"enemies":"Small Slimes","floor":1,"turns":4},{"damage":1,"enemies":"Cultist","floor":3,"turns":3},{"damage":2,"enemies":"Jaw Worm","floor":5,"turns":3},{"damage":8,"enemies":"Looter","floor":7,"turns":2},{"damage":12,"enemies":"Lagavulin","floor":8,"turns":8},{"damage":18,"enemies":"3 Sentries","floor":10,"turns":6},{"damage":5,"enemies":"Exordium Wildlife","floor":12,"turns":3},{"damage":2,"enemies":"Hexaghost","floor":16,"turns":8},{"damage":10,"enemies":"Shell Parasite","floor":18,"turns":4},{"damage":27,"enemies":"Book of Stabbing","floor":23,"turns":3},{"damage":13,"enemies":"Gremlin Leader","floor":25,"turns":6},{"damage":8,"enemies":"Chosen","floor":28,"turns":4},{"damage":28,"enemies":"Book of Stabbing","floor":29,"turns":4},{"damage":12,"enemies":"Sentry and Sphere","floor":31,"turns":5},{"damage":8,"enemies":"Automaton","floor":33,"turns":12},{"damage":25,"enemies":"3 Darklings","floor":35,"turns":8},{"damage":3,"enemies":"Mind Bloom Boss Battle","floor":38,"turns":8},{"damage":6,"enemies":"Nemesis","floor":41,"turns":9},{"damage":13,"enemies":"Giant Head","floor":44,"turns":12},{"damage":26,"enemies":"2 Orb Walkers","floor":45,"turns":3},{"damage":6,"enemies":"Orb Walker","floor":48,"turns":3},{"damage":14,"enemies":"Donu and Deca","floor":50,"turns":15}],"seed_played":"-4570717549019419545","potions_obtained":[{"floor":1,"key":"SpeedPotion"},{"floor":3,"key":"SkillPotion"},{"floor":8,"key":"Strength Potion"},{"floor":16,"key":"Swift Potion"},{"floor":25,"key":"ColorlessPotion"},{"floor":28,"key":"GamblersBrew"},{"floor":33,"key":"Energy Potion"},{"floor":41,"key":"BlessingOfTheForge"},{"floor":44,"key":"EssenceOfSteel"}],"is_trial":false,"path_per_floor":["M","?","M","$","M","R","M","E","T","E","R","M","?","T","R","B",null,"M","$","?","?","?","E","R","E","T","R","M","E","R","M","R","B",null,"M","?","$","?","$","R","E","R","T","E","?","R","?","M","R","B",null],"character_chosen":"DEFECT","items_purchased":["Defragment","Glacier","DollysMirror","OrangePellets"],"campfire_rested":0,"item_purchase_floors":[4,4,19,37],"current_hp_per_floor":[72,72,71,71,69,69,61,49,49,31,31,38,38,38,38,48,75,65,75,75,75,75,48,48,57,57,57,49,43,43,53,53,55,75,60,53,68,75,75,75,75,75,75,75,56,56,46,66,66,75],"gold":370,"neow_bonus":"ONE_RANDOM_RARE_CARD","is_daily":false,"chose_seed":false,"campfire_upgraded":11,"win_rate":0.0,"timestamp":1608874958,"path_taken":["M","?","M","$","M","R","M","E","T","E","R","?","?","?","R","BOSS","M","$","?","?","?","E","R","E","T","R","M","E","R","M","R","BOSS","M","?","?","?","$","R","E","R","T","E","?","R","?","M","R","BOSS"],"items_purchased_type":["Card","Card","Relic","Relic"],"build_version":"2020-12-22","purchased_purges":1,"victory":true,"max_hp_per_floor":[75,75,75,75,75,75,75,75,75,75,75,75,75,75,75,75,75,75,75,75,75,75,75,75,75,75,75,75,75,75,75,75,75,75,75,75,75,75,75,75,75,75,75,75,75,75,75,75,75,75],"relic_stats":{"OrangePellets":[5],"Centennial Puzzle":[33],"Lizard Tail":0,"Inserter":[48],"counters":[22,133],"Bronze Scales":[212],"Bird Faced Urn":[20],"MealTicket":25,"Ginger":[2],"War Paint":["Dualcast","Zap"],"obtain_stats":[{"Potion Belt":9,"Lantern":44,"Inserter":17,"Ginger":25,"War Paint":13,"Bottled Tornado":41,"Nuclear Battery":34,"OrangePellets":37,"Centennial Puzzle":26,"Lizard Tail":38,"HornCleat":14,"DollysMirror":19,"Bronze Scales":29,"Bird Faced Urn":45,"MealTicket":8,"Molten Egg 2":23,"Cracked Core":0,"Meat on the Bone":10},{"Potion Belt":5,"Lantern":19,"Inserter":8,"Ginger":11,"War Paint":7,"Bottled Tornado":18,"Nuclear Battery":15,"OrangePellets":16,"Centennial Puzzle":11,"Lizard Tail":17,"HornCleat":7,"DollysMirror":9,"Bronze Scales":13,"Bird Faced Urn":20,"MealTicket":5,"Molten Egg 2":10,"Cracked Core":0,"Meat on the Bone":6},{"Potion Belt":20,"Lantern":112,"Inserter":37,"Ginger":50,"War Paint":29,"Bottled Tornado":100,"Nuclear Battery":75,"OrangePellets":83,"Centennial Puzzle":50,"Lizard Tail":91,"HornCleat":29,"DollysMirror":41,"Bronze Scales":58,"Bird Faced Urn":115,"MealTicket":20,"Molten Egg 2":44,"Cracked Core":0,"Meat on the Bone":26}],"Meat on the Bone":60},"card_choices":[{"not_picked":["Redo","Hologram"],"picked":"FTL","floor":1},{"not_picked":["Streamline","Redo"],"picked":"Leap","floor":3},{"not_picked":["Coolheaded","Leap"],"picked":"Ball Lightning","floor":5},{"not_picked":["Cold Snap","Rip and Tear"],"picked":"Thunder Strike","floor":7},{"not_picked":["Turbo","Barrage","Chaos"],"picked":"SKIP","floor":8},{"not_picked":["Sweeping Beam","Melter"],"picked":"Static Discharge","floor":10},{"not_picked":["Loop","Hello World"],"picked":"Coolheaded","floor":12},{"not_picked":["Redo+1","Leap+1"],"picked":"Consume","floor":18},{"not_picked":["Storm","Consume"],"picked":"Self Repair+1","floor":23},{"not_picked":["Reinforced Body+1","Stack"],"picked":"Coolheaded+1","floor":25},{"not_picked":["Streamline+1","Blizzard+1","Beam Cell+1"],"picked":"SKIP","floor":28},{"not_picked":["Sweeping Beam+1","Blizzard+1","Steam"],"picked":"SKIP","floor":29},{"not_picked":["Leap","Gash+1","Ball Lightning+1"],"picked":"SKIP","floor":31},{"not_picked":["Hyperbeam+1","Reboot"],"picked":"Buffer","floor":33},{"not_picked":["Turbo","Ball Lightning+1"],"picked":"Self Repair","floor":35},{"not_picked":["Barrage+1","Aggregate","Fission"],"picked":"SKIP","floor":41},{"not_picked":["Rip and Tear+1","Leap+1","Conserve Battery"],"picked":"SKIP","floor":44},{"not_picked":["Ball Lightning+1","Chill+1","Chaos"],"picked":"SKIP","floor":48}],"player_experience":34398,"relics_obtained":[{"floor":8,"key":"MealTicket"},{"floor":9,"key":"Potion Belt"},{"floor":10,"key":"Meat on the Bone"},{"floor":14,"key":"HornCleat"},{"floor":23,"key":"Molten Egg 2"},{"floor":25,"key":"Ginger"},{"floor":26,"key":"Centennial Puzzle"},{"floor":29,"key":"Bronze Scales"},{"floor":38,"key":"Lizard Tail"},{"floor":41,"key":"Bottled Tornado"},{"floor":44,"key":"Lantern"},{"floor":45,"key":"Bird Faced Urn"}],"event_choices":[{"damage_healed":0,"gold_gain":0,"cards_transformed":["Strike_B"],"player_choice":"Transformed","damage_taken":0,"max_hp_gain":0,"max_hp_loss":0,"event_name":"Transmorgrifier","floor":2,"gold_loss":0,"cards_obtained":["Static Discharge"]},{"damage_healed":0,"gold_gain":0,"player_choice":"Searched \u00271\u0027 times","damage_taken":0,"relics_obtained":["War Paint"],"max_hp_gain":0,"max_hp_loss":0,"event_name":"Dead Adventurer","floor":13,"gold_loss":0},{"damage_healed":0,"gold_gain":0,"cards_transformed":["Strike_B","Strike_B"],"player_choice":"Became Test Subject","damage_taken":0,"max_hp_gain":0,"max_hp_loss":0,"event_name":"Drug Dealer","floor":20,"gold_loss":0,"cards_obtained":["Recycle","Reboot"]},{"damage_healed":0,"gold_gain":0,"player_choice":"Simplicity","damage_taken":0,"max_hp_gain":0,"max_hp_loss":0,"event_name":"Back to Basics","floor":21,"gold_loss":0,"cards_upgraded":["Strike_B","Defend_B","Defend_B","Defend_B","Defend_B"]},{"cards_removed":["Strike_B"],"damage_healed":0,"gold_gain":0,"player_choice":"Gave Gold","damage_taken":0,"max_hp_gain":0,"max_hp_loss":0,"event_name":"Beggar","floor":22,"gold_loss":75},{"damage_healed":0,"gold_gain":0,"player_choice":"Damaged","damage_taken":7,"max_hp_gain":0,"max_hp_loss":0,"event_name":"Wheel of Change","floor":36,"gold_loss":0},{"damage_healed":0,"gold_gain":0,"player_choice":"Fight","damage_taken":0,"max_hp_gain":0,"max_hp_loss":0,"event_name":"MindBloom","floor":38,"gold_loss":0},{"damage_healed":0,"gold_gain":0,"player_choice":"Fight","damage_taken":0,"max_hp_gain":0,"max_hp_loss":0,"event_name":"Mysterious Sphere","floor":45,"gold_loss":0},{"damage_healed":0,"gold_gain":0,"player_choice":"Memory 3","damage_taken":10,"max_hp_gain":0,"max_hp_loss":0,"event_name":"SensoryStone","floor":47,"gold_loss":0}],"is_beta":false,"boss_relics":[{"not_picked":["Velvet Choker","SacredBark"],"picked":"Inserter"},{"not_picked":["Pandora\u0027s Box","Tiny House"],"picked":"Nuclear Battery"}],"items_purged_floors":[39],"is_endless":false,"potions_floor_spawned":[1,3,8,16,25,28,33,38,41,44],"ascension_level":4}}