{"host":"19tvufa8xx4wr4o1","time":1608940410,"event":{"mods":["AchievementEnabler","BaseMod","Better Sensory Stone","Better Third Choice","Highlight Path","Minty Spire (QoL Compilation)","Relic Stats","StSLib"],"gold_per_floor":[118,137,137,148,114,140,140,174,174,186,206,226,226,226,226,325,325,338,94,94,110,210,245,271,317,329,341,364,392,417,429,441,554,566,592,879,289,289,301,301,333,351,351,369,369,383,394,394,394,394,394,394,19,49,49],"floor_reached":56,"playtime":2782,"items_purged":["Regret"],"score":1772,"play_id":"de26d279-c439-486f-9dcf-60719de36134","local_time":"20201225175330","is_ascension_mode":true,"campfire_choices":[{"data":"EmptyFist","floor":7.0,"key":"SMITH"},{"floor":15.0,"key":"REST"},{"floor":27.0,"key":"REST"},{"floor":32.0,"key":"REST"},{"floor":40.0,"key":"RECALL"},{"floor":45.0,"key":"REST"},{"floor":49.0,"key":"REST"},{"floor":52.0,"key":"REST"}],"circlet_count":0,"master_deck":["AscendersBane","Eruption","Vigilance","Tantrum","EmptyFist+1","FearNoEvil","Wallop","Wireheading","Meditate","Ragnarok","Adaptation","Necronomicurse","Perseverance+1","Swivel+1","TalkToTheHand+1","Blasphemy","Wallop","Wallop+1","LikeWater+1","Adaptation+1"],"relics":["Empty Cage","Torii","Pocketwatch","CaptainsWheel","Fusion Hammer","Gremlin Horn","Necronomicon","MawBank","Frozen Egg 2","Bronze Scales","Pandora\u0027s Box","GoldenEye","OrangePellets","Toy Ornithopter","Darkstone Periapt","Pen Nib","Unceasing Top"],"acts_visited":["Exordium","TheCity","TheBeyond","TheEnding"],"potions_floor_usage":[54,54,55],"damage_taken":[{"damage":4.0,"enemies":"2 Louse","floor":1.0,"turns":4.0},{"damage":0.0,"enemies":"Cultist","floor":2.0,"turns":2.0},{"damage":4.0,"enemies":"Jaw Worm","floor":4.0,"turns":2.0},{"damage":16.0,"enemies":"Gremlin Nob","floor":6.0,"turns":3.0},{"damage":27.0,"enemies":"Lagavulin","floor":8.0,"turns":7.0},{"damage":0.0,"enemies":"3 Louse","floor":10.0,"turns":2.0},{"damage":0.0,"enemies":"Blue Slaver","floor":11.0,"turns":2.0},{"damage":0.0,"enemies":"2 Fungi Beasts","floor":12.0,"turns":2.0},{"damage":0.0,"enemies":"Slime Boss","floor":16.0,"turns":6.0},{"damage":1.0,"enemies":"Spheric Guardian","floor":18.0,"turns":3.0},{"damage":12.0,"enemies":"Shell Parasite","floor":21.0,"turns":2.0},{"damage":0.0,"enemies":"Book of Stabbing","floor":23.0,"turns":2.0},{"damage":0.0,"enemies":"Centurion and Healer","floor":24.0,"turns":4.0},{"damage":11.0,"enemies":"Slavers","floor":25.0,"turns":4.0},{"damage":1.0,"enemies":"Cultist and Chosen","floor":28.0,"turns":3.0},{"damage":0.0,"enemies":"Snecko","floor":29.0,"turns":3.0},{"damage":0.0,"enemies":"Centurion and Healer","floor":30.0,"turns":3.0},{"damage":6.0,"enemies":"Collector","floor":33.0,"turns":8.0},{"damage":1.0,"enemies":"3 Darklings","floor":35.0,"turns":3.0},{"damage":11.0,"enemies":"Orb Walker","floor":39.0,"turns":3.0},{"damage":16.0,"enemies":"Nemesis","floor":41.0,"turns":5.0},{"damage":8.0,"enemies":"3 Darklings","floor":42.0,"turns":3.0},{"damage":9.0,"enemies":"Writhing Mass","floor":44.0,"turns":7.0},{"damage":0.0,"enemies":"Transient","floor":46.0,"turns":5.0},{"damage":0.0,"enemies":"Spire Growth","floor":47.0,"turns":3.0},{"damage":65.0,"enemies":"Awakened One","floor":50.0,"turns":12.0},{"damage":32,"enemies":"Shield and Spear","floor":54,"turns":4},{"damage":43,"enemies":"The Heart","floor":55,"turns":9}],"seed_played":"-5660472225349245035","potions_obtained":[{"floor":1.0,"key":"EssenceOfSteel"},{"floor":2.0,"key":"Weak Potion"},{"floor":4.0,"key":"Fruit Juice"},{"floor":8.0,"key":"EssenceOfSteel"},{"floor":16.0,"key":"CultistPotion"},{"floor":18.0,"key":"PowerPotion"},{"floor":23.0,"key":"BottledMiracle"},{"floor":29.0,"key":"Weak Potion"},{"floor":33.0,"key":"EssenceOfSteel"}],"is_trial":false,"path_per_floor":["M","M","?","M","$","E","R","E","T","M","M","M","?","?","R","B",null,"M","$","?","M","?","E","M","E","T","R","M","M","M","$","R","B",null,"M","?","$","T","M","R","E","M","T","M","R","M","M","?","R","B",null,"R","$","E","B",null],"character_chosen":"WATCHER","items_purchased":["FearNoEvil","Gremlin Horn","Wallop","GoldenEye","OrangePellets","StancePotion","LiquidMemories","Pen Nib","Adaptation+1"],"campfire_rested":6,"item_purchase_floors":[5,19,37,37,37,53,53,53,53],"current_hp_per_floor":[61,61,61,62,62,46,46,19,19,19,19,19,19,19,42,42,68,67,67,51,39,39,39,39,28,28,51,50,50,50,50,73,67,75,74,74,74,74,63,63,47,39,39,30,53,53,53,53,76,21,63,77,77,55,17],"gold":49,"neow_bonus":"BOSS_RELIC","is_daily":false,"chose_seed":false,"campfire_upgraded":1,"win_rate":0.0,"timestamp":1608940410,"path_taken":["M","M","?","M","$","E","R","E","T","M","?","M","?","?","R","BOSS","M","$","?","M","?","E","M","E","T","R","M","?","M","?","R","BOSS","M","?","$","?","M","R","E","M","T","M","R","M","?","?","R","BOSS","R","$","E","BOSS"],"items_purchased_type":["Card","Relic","Card","Relic","Relic","Potion","Potion","Relic","Card"],"build_version":"2020-12-22","purchased_purges":1,"victory":true,"max_hp_per_floor":[72,72,72,77,77,77,77,77,77,77,77,77,77,77,77,77,77,77,77,77,77,77,77,77,77,77,77,77,77,77,77,77,77,77,77,77,77,77,77,77,77,77,77,77,77,77,77,77,77,77,77,77,77,77,77],"relic_stats":{"Darkstone Periapt":0,"Torii":23,"Gremlin Horn":[15,15],"counters":[28,116],"Pen Nib":[3],"MawBank":168,"GoldenEye":[37],"OrangePellets":[3],"Bronze Scales":[299],"Pandora\u0027s Box":["ConjureBlade","WaveOfTheHand","Study","SashWhip","FearNoEvil","Protect"],"Necronomicon":[65],"obtain_stats":[{"Darkstone Periapt":43,"Torii":6,"Gremlin Horn":19,"Pen Nib":53,"Frozen Egg 2":25,"Empty Cage":0,"MawBank":23,"GoldenEye":37,"OrangePellets":37,"CaptainsWheel":9,"Bronze Scales":26,"Pandora\u0027s Box":34,"Fusion Hammer":17,"Necronomicon":20,"PureWater":0,"Toy Ornithopter":41,"Unceasing Top":54,"Pocketwatch":8},{"Darkstone Periapt":22,"Torii":4,"Gremlin Horn":10,"Pen Nib":26,"Frozen Egg 2":14,"Empty Cage":0,"MawBank":12,"GoldenEye":19,"OrangePellets":19,"CaptainsWheel":5,"Bronze Scales":14,"Pandora\u0027s Box":18,"Fusion Hammer":9,"Necronomicon":10,"PureWater":0,"Toy Ornithopter":21,"Unceasing Top":27,"Pocketwatch":5},{"Darkstone Periapt":76,"Torii":11,"Gremlin Horn":33,"Pen Nib":103,"Frozen Egg 2":45,"Empty Cage":0,"MawBank":37,"GoldenEye":65,"OrangePellets":65,"CaptainsWheel":18,"Bronze Scales":45,"Pandora\u0027s Box":62,"Fusion Hammer":30,"Necronomicon":33,"PureWater":0,"Toy Ornithopter":73,"Unceasing Top":107,"Pocketwatch":18}],"Toy Ornithopter":25,"Unceasing Top":[0],"Pocketwatch":[81]},"card_choices":[{"not_picked":["Weave","Prostrate"],"picked":"Tantrum","floor":1.0},{"not_picked":["WreathOfFlame","Vengeance","Crescendo"],"picked":"SKIP","floor":2.0},{"not_picked":["PathToVictory","ThirdEye"],"picked":"EmptyFist","floor":4.0},{"not_picked":["EmptyMind","JustLucky","ReachHeaven"],"picked":"SKIP","floor":6.0},{"not_picked":["FearNoEvil","CutThroughFate"],"picked":"Wallop","floor":8.0},{"not_picked":["CarveReality","Fasting2","WreathOfFlame"],"picked":"SKIP","floor":10.0},{"not_picked":["DeceiveReality","Consecrate"],"picked":"Wireheading","floor":11.0},{"not_picked":["BattleHymn","ReachHeaven"],"picked":"Meditate","floor":12.0},{"not_picked":["MasterReality","Scrawl"],"picked":"Ragnarok","floor":16.0},{"not_picked":["WindmillStrike","EmptyMind"],"picked":"Adaptation","floor":18.0},{"not_picked":["ReachHeaven","Conclude+1"],"picked":"Perseverance+1","floor":21.0},{"not_picked":["Weave","Nirvana","MasterReality"],"picked":"SKIP","floor":23.0},{"not_picked":["JustLucky","Worship+1"],"picked":"Swivel+1","floor":24.0},{"not_picked":["BowlingBash+1","Sanctity","Fasting2+1"],"picked":"SKIP","floor":25.0},{"not_picked":["FollowUp+1","Tantrum+1","PathToVictory"],"picked":"SKIP","floor":28.0},{"not_picked":["BowlingBash+1","Halt"],"picked":"TalkToTheHand+1","floor":29.0},{"not_picked":["PathToVictory","WreathOfFlame+1","ClearTheMind"],"picked":"SKIP","floor":30.0},{"not_picked":["Scrawl","Wish"],"picked":"Blasphemy","floor":33.0},{"not_picked":["CutThroughFate","Pray+1","Sanctity"],"picked":"SKIP","floor":35.0},{"not_picked":["Perseverance","Weave","WreathOfFlame"],"picked":"SKIP","floor":39.0},{"not_picked":["ThirdEye","Consecrate+1","MasterReality+1"],"picked":"SKIP","floor":41.0},{"not_picked":["ThirdEye","Consecrate+1","MasterReality+1"],"picked":"SKIP","floor":41.0},{"not_picked":["BowlingBash","Consecrate+1","Halt"],"picked":"SKIP","floor":42.0},{"not_picked":["ClearTheMind+1","FollowUp"],"picked":"Wallop+1","floor":44.0},{"not_picked":["FlurryOfBlows","CrushJoints+1","Collect"],"picked":"SKIP","floor":46.0},{"not_picked":["Pray","FearNoEvil+1"],"picked":"LikeWater+1","floor":47.0},{"not_picked":["EmptyFist+1","FlyingSleeves+1","BattleHymn+1"],"picked":"SKIP","floor":54}],"player_experience":526529,"relics_obtained":[{"floor":6.0,"key":"Torii"},{"floor":8.0,"key":"Pocketwatch"},{"floor":9.0,"key":"CaptainsWheel"},{"floor":20.0,"key":"Necronomicon"},{"floor":23.0,"key":"MawBank"},{"floor":25.0,"key":"Frozen Egg 2"},{"floor":26.0,"key":"Bronze Scales"},{"floor":41.0,"key":"Toy Ornithopter"},{"floor":43.0,"key":"Darkstone Periapt"},{"floor":54,"key":"Unceasing Top"}],"event_choices":[{"damage_healed":0.0,"max_hp_gain":0.0,"max_hp_loss":0.0,"gold_gain":0.0,"event_name":"The Woman in Blue","player_choice":"Bought 0 Potions","floor":3.0,"gold_loss":0.0,"damage_taken":0.0},{"damage_healed":0.0,"max_hp_gain":0.0,"max_hp_loss":0.0,"gold_gain":0.0,"event_name":"betterThird:BetterSerpent","player_choice":"Ignored","floor":13.0,"gold_loss":0.0,"damage_taken":226.0},{"damage_healed":19.0,"max_hp_gain":0.0,"max_hp_loss":77.0,"gold_gain":0.0,"event_name":"betterThird:BetterShining","player_choice":"Leave","floor":14.0,"gold_loss":0.0,"damage_taken":0.0},{"damage_healed":0.0,"max_hp_gain":0.0,"max_hp_loss":0.0,"gold_gain":0.0,"event_name":"Cursed Tome","player_choice":"Obtained Book","floor":20.0,"gold_loss":0.0,"damage_taken":16.0},{"damage_healed":0.0,"max_hp_gain":0.0,"max_hp_loss":0.0,"gold_gain":100.0,"event_name":"Golden Shrine","player_choice":"Pray","floor":22.0,"gold_loss":0.0,"damage_taken":0.0},{"damage_healed":0.0,"max_hp_gain":0.0,"max_hp_loss":0.0,"gold_gain":275.0,"event_name":"Golden Shrine","player_choice":"Desecrate","floor":36.0,"gold_loss":0.0,"damage_taken":0.0,"cards_obtained":["Regret"]},{"damage_healed":0.0,"max_hp_gain":0.0,"max_hp_loss":0.0,"gold_gain":0.0,"event_name":"Tomb of Lord Red Mask","player_choice":"Ignored","floor":48.0,"gold_loss":0.0,"damage_taken":0.0}],"is_beta":false,"boss_relics":[{"not_picked":["Black Star","Coffee Dripper"],"picked":"Fusion Hammer"},{"not_picked":["Runic Pyramid","Astrolabe"],"picked":"Pandora\u0027s Box"}],"items_purged_floors":[37],"is_endless":false,"potions_floor_spawned":[1,2,4,8,16,18,23,24,29,33,39,41,46],"ascension_level":10}}