{"host":"jksa5rawk3m4gilz","time":1608891290,"event":{"mods":["BaseMod","Colored Map","Highlight Path","Minty Spire (QoL Compilation)","Quick Restart"],"gold_per_floor":[112,37,112,112,136,136,154,188,188,148,177,177,206,206,206,283,283,302,328,243,243,323,359,386,386,411,423,459,471,471],"floor_reached":29,"playtime":1133,"items_purged":["Clumsy"],"score":417,"play_id":"c824074b-00e6-4fcf-96ce-e30f7be7dd14","local_time":"20201225111450","is_ascension_mode":true,"campfire_choices":[{"data":"Neutralize","floor":6,"key":"SMITH"},{"floor":12,"key":"REST"},{"floor":15,"key":"REST"},{"floor":25,"key":"REST"},{"floor":27,"key":"REST"}],"circlet_count":0,"master_deck":["AscendersBane","Strike_G","Strike_G","Strike_G","Strike_G","Strike_G","Defend_G","Defend_G","Defend_G+1","Defend_G","Defend_G","Survivor","Neutralize+1","Phantasmal Killer","Terror","Dagger Spray","Blur+1","Footwork","Riddle With Holes","Concentrate","A Thousand Cuts","Skewer+1","Distraction+1"],"relics":["Ring of the Snake","Tiny Chest","Happy Flower","Question Card","Ornamental Fan","Matryoshka","Letter Opener","Snecko Eye","Darkstone Periapt","Nunchaku","Peace Pipe","MealTicket","HornCleat","CeramicFish","Potion Belt","MawBank"],"acts_visited":["Exordium","TheCity"],"potions_floor_usage":[8,13,23,23,23],"damage_taken":[{"damage":5,"enemies":"Jaw Worm","floor":1,"turns":7},{"damage":0,"enemies":"2 Louse","floor":7,"turns":2},{"damage":12,"enemies":"3 Sentries","floor":8,"turns":5},{"damage":27,"enemies":"Gremlin Nob","floor":11,"turns":4},{"damage":5,"enemies":"Lagavulin","floor":13,"turns":7},{"damage":13,"enemies":"The Guardian","floor":16,"turns":16},{"damage":24,"enemies":"2 Thieves","floor":18,"turns":3},{"damage":13,"enemies":"Gremlin Leader","floor":23,"turns":9},{"damage":0,"enemies":"Spheric Guardian","floor":28,"turns":2},{"damage":54,"enemies":"Book of Stabbing","floor":29,"turns":4}],"seed_played":"-227436854801170730","potions_obtained":[{"floor":1,"key":"SteroidPotion"},{"floor":11,"key":"Regen Potion"},{"floor":16,"key":"EntropicBrew"}],"is_trial":false,"path_per_floor":["M","$","?","?","T","R","M","E","T","$","E","R","E","?","R","B",null,"M","T","?","?","T","E","T","R","T","R","M","E"],"character_chosen":"THE_SILENT","items_purchased":["Footwork"],"campfire_rested":4,"item_purchase_floors":[10],"current_hp_per_floor":[58,58,47,44,44,44,44,32,32,32,5,26,36,22,43,30,60,36,36,36,23,23,10,10,32,32,54,54,0,0],"gold":471,"neow_bonus":"THREE_RARE_CARDS","is_daily":false,"chose_seed":false,"campfire_upgraded":1,"win_rate":0.0,"timestamp":1608891290,"path_taken":["M","$","?","?","?","R","?","E","T","$","E","R","E","?","R","BOSS","M","?","?","?","?","E","?","R","T","R","?","E"],"items_purchased_type":["Card"],"build_version":"2020-12-22","purchased_purges":1,"victory":false,"max_hp_per_floor":[70,70,70,70,70,70,70,70,70,70,70,70,70,70,70,70,70,70,70,70,75,75,75,75,75,75,75,75,75,75],"card_choices":[{"not_picked":["Unload","After Image"],"picked":"Phantasmal Killer","floor":0},{"not_picked":["Underhanded Strike","Deflect"],"picked":"Terror","floor":1},{"not_picked":["Sucker Punch","Caltrops"],"picked":"Dagger Spray","floor":7},{"not_picked":["All Out Attack","Dash"],"picked":"Blur","floor":8},{"not_picked":["Cloak And Dagger","Underhanded Strike","PiercingWail"],"picked":"Riddle With Holes","floor":11},{"not_picked":["Quick Slash","Deflect","Cloak And Dagger"],"picked":"Concentrate","floor":13},{"not_picked":["Corpse Explosion","Bullet Time","Night Terror"],"picked":"A Thousand Cuts","floor":16},{"not_picked":["Poisoned Stab","Finisher","Escape Plan","Dagger Throw"],"picked":"SKIP","floor":18},{"not_picked":["Backstab","Escape Plan","Blur"],"picked":"Skewer+1","floor":23},{"not_picked":["Catalyst","Cloak And Dagger","Slice"],"picked":"Distraction+1","floor":28}],"player_experience":2060959,"relics_obtained":[{"floor":5,"key":"Happy Flower"},{"floor":8,"key":"Question Card"},{"floor":9,"key":"Ornamental Fan"},{"floor":11,"key":"Matryoshka"},{"floor":13,"key":"Letter Opener"},{"floor":19,"key":"Darkstone Periapt"},{"floor":19,"key":"Nunchaku"},{"floor":22,"key":"MealTicket"},{"floor":22,"key":"HornCleat"},{"floor":23,"key":"CeramicFish"},{"floor":24,"key":"Potion Belt"},{"floor":26,"key":"MawBank"}],"event_choices":[{"damage_healed":0,"gold_gain":75,"player_choice":"Gather Gold","damage_taken":11,"max_hp_gain":0,"max_hp_loss":0,"event_name":"World of Goop","floor":3,"gold_loss":0},{"damage_healed":0,"gold_gain":0,"player_choice":"Success","damage_taken":3,"relics_obtained":["Tiny Chest"],"max_hp_gain":0,"max_hp_loss":0,"event_name":"Scrap Ooze","floor":4,"gold_loss":0},{"damage_healed":0,"gold_gain":0,"player_choice":"Entered Light","damage_taken":14,"max_hp_gain":0,"max_hp_loss":0,"event_name":"Shining Light","floor":14,"gold_loss":0,"cards_upgraded":["Blur","Defend_G"]},{"damage_healed":0,"gold_gain":0,"player_choice":"Obtained Relic","damage_taken":0,"relics_obtained":["Peace Pipe"],"max_hp_gain":0,"max_hp_loss":0,"event_name":"Addict","floor":20,"gold_loss":85},{"damage_healed":0,"gold_gain":0,"player_choice":"Shed Blood","damage_taken":18,"max_hp_gain":5,"max_hp_loss":0,"event_name":"Forgotten Altar","floor":21,"gold_loss":0}],"is_beta":false,"boss_relics":[{"not_picked":["Runic Dome","Ectoplasm"],"picked":"Snecko Eye"}],"items_purged_floors":[2],"is_endless":false,"potions_floor_spawned":[1,11,16],"killed_by":"Book of Stabbing","ascension_level":13}}