{"host":"ds28d883r3sz42zs","time":1608859399,"event":{"mods":["2.2 Compatiblity","AchievementEnabler","Act Like it!","Aspiration","BaseMod","Bestiary","Better Match","Better Sensory Stone","Better Third Choice","Better-Laid Plans","BetterRewards","Block Reminder","Challenge The Spire","Clawfect","Colored Map","Colored Powertips","Conspire","DeckTracker","Defuse TimeMaze Blight","Disable Question Mark Monsters","Displayed Cursed Tome","Emptier Cage","GifTheSpireLib","Gold Saver","Hallownest","Hubris","Infinite Spire","Jedi Mod","Minty Spire (QoL Compilation)","Permanent Neow","Practice Mode","Quick Restart","Random Character Button","Rare Cards Sparkle","Relic Filter","Relic Sorter","Relic Stats","Replay The Spire","SacredBarkPlus","Shop Mod","StSLib","Stuff the Spire","SuperFastMode","The Bug Knight","Uncapped","Unknown Chances"],"gold_per_floor":[651,668,638,651,663,696,710,710,710,728,759,759,834,844,844,844,844],"floor_reached":16,"playtime":448,"items_purged":[],"score":114,"play_id":"c6634a2c-0597-46d7-a0d6-a8ed898e69d3","local_time":"20201224202319","is_ascension_mode":false,"campfire_choices":[{"data":"Whirlwind","floor":8.0,"key":"SMITH"},{"data":"ReplayTheSpireMod:Corrosion Curse","floor":12.0,"key":"SMITH"},{"data":"Pommel Strike","floor":15.0,"key":"SMITH"}],"circlet_count":0,"master_deck":["Strike_R","Strike_R","Strike_R","Strike_R","Strike_R","Defend_R","Defend_R","Defend_R","Defend_R","Bash","Anger","ReplayTheSpireMod:Corrosion Curse+1","Pommel Strike+1","Burning Pact","Whirlwind+1"],"relics":["Burning Blood","jedi:maincommand","StuffTheSpire:Mouthbags","aspiration:Headhunter","conspire:Boomerang"],"acts_visited":["Exordium"],"potions_floor_usage":[16],"damage_taken":[{"damage":6.0,"enemies":"Cultist","floor":1.0,"turns":4.0},{"damage":1.0,"enemies":"Small Slimes","floor":2.0,"turns":4.0},{"damage":6.0,"enemies":"Jaw Worm","floor":4.0,"turns":2.0},{"damage":5.0,"enemies":"3 Louse","floor":5.0,"turns":3.0},{"damage":28.0,"enemies":"Gremlin Nob","floor":6.0,"turns":4.0},{"damage":14.0,"enemies":"Blue Slaver","floor":7.0,"turns":3.0},{"damage":4.0,"enemies":"Gremlin Gang","floor":10.0,"turns":2.0},{"damage":5.0,"enemies":"Replay:BlueRogue","floor":11.0,"turns":5.0},{"damage":4.0,"enemies":"Red Slaver","floor":14.0,"turns":3.0},{"damage":47,"enemies":"The Guardian","floor":16,"turns":9}],"seed_played":"-4865171541995050349","potions_obtained":[{"floor":1.0,"key":"FearPotion"},{"floor":3.0,"key":"Doom Potion"},{"floor":3.0,"key":"Doom Potion"},{"floor":6.0,"key":"FearPotion"},{"floor":7.0,"key":"SteroidPotion"}],"is_trial":true,"path_per_floor":["M","M","?","M","M","E","M","R","T","M","E","R","?","M","R","B"],"character_chosen":"IRONCLAD","items_purchased":[],"campfire_rested":0,"item_purchase_floors":[],"current_hp_per_floor":[80,80,80,80,80,58,50,50,50,52,53,53,42,44,44,0,0],"gold":844,"neow_bonus":"","is_daily":false,"chose_seed":false,"campfire_upgraded":3,"win_rate":0.0,"timestamp":1608859399,"path_taken":["M","M","?","?","M","E","M","R","T","M","E","R","?","M","R","BOSS"],"items_purchased_type":[],"build_version":"2020-12-22","purchased_purges":0,"victory":false,"max_hp_per_floor":[80,80,80,80,80,80,80,80,80,80,80,80,80,80,80,80,80],"relic_stats":{"counters":[10,39],"obtain_stats":[{"jedi:command_common":6,"StuffTheSpire:Mouthbags":6,"jedi:command_rare":9,"conspire:Boomerang":11,"jedi:maincommand":0,"aspiration:Headhunter":9,"Burning Blood":0},{"jedi:command_common":5,"StuffTheSpire:Mouthbags":5,"jedi:command_rare":6,"conspire:Boomerang":8,"jedi:maincommand":0,"aspiration:Headhunter":6,"Burning Blood":0},{"jedi:command_common":17,"StuffTheSpire:Mouthbags":17,"jedi:command_rare":20,"conspire:Boomerang":27,"jedi:maincommand":0,"aspiration:Headhunter":20,"Burning Blood":0}],"Burning Blood":48},"card_choices":[{"not_picked":["Reckless Charge","Sword Boomerang"],"picked":"Anger","floor":1.0},{"not_picked":["StuffTheSpire:Resist","Fire Breathing","Body Slam"],"picked":"SKIP","floor":2.0},{"not_picked":["Shrug It Off","Wild Strike"],"picked":"Whirlwind","floor":4.0},{"not_picked":["Havoc","True Grit"],"picked":"ReplayTheSpireMod:Corrosion Curse","floor":5.0},{"not_picked":["Dual Wield","Uppercut","Run Through"],"picked":"SKIP","floor":6.0},{"not_picked":["Dual Wield","Uppercut","Run Through"],"picked":"SKIP","floor":6.0},{"not_picked":["Seeing Red","Flex"],"picked":"Pommel Strike","floor":7.0},{"not_picked":["Pommel Strike","StuffTheSpire:TitanForm","Headbutt"],"picked":"SKIP","floor":10.0},{"not_picked":["jedi:fear","StuffTheSpire:Incineration"],"picked":"Burning Pact","floor":11.0},{"not_picked":["StuffTheSpire:Incineration","jedi:hate","Wild Strike"],"picked":"SKIP","floor":14.0}],"player_experience":755766,"relics_obtained":[{"floor":6.0,"key":"jedi:command_common"},{"floor":9.0,"key":"jedi:command_rare"},{"floor":11.0,"key":"jedi:command_rare"}],"event_choices":[{"damage_healed":0.0,"max_hp_gain":0.0,"max_hp_loss":0.0,"gold_gain":0.0,"event_name":"The Woman in Blue","player_choice":"Bought 2 Potions","floor":3.0,"gold_loss":0.0,"damage_taken":0.0},{"damage_healed":0.0,"max_hp_gain":0.0,"max_hp_loss":0.0,"gold_gain":75.0,"event_name":"betterThird:BetterGoop","player_choice":"Gold","floor":13.0,"gold_loss":0.0,"damage_taken":11.0}],"is_beta":false,"boss_relics":[],"items_purged_floors":[],"is_endless":false,"potions_floor_spawned":[1,6,7,14],"killed_by":"The Guardian","ascension_level":0}}