{"host":"yn1175etg9ni8l0q","time":1608913662,"event":{"mods":["AchievementEnabler","BaseMod","Colored Map","Colored Powertips","DeckTracker","Minty Spire (QoL Compilation)","Rare Cards Sparkle","Relic Stats","SuperFastMode","everything is the same but u backflip on backflip"],"gold_per_floor":[362,41,57,73,73,73,73,90,90,101,101,117,147,147,147,251,251,265,72,92,105,5,5,20,20,20,20,38,68,82,93,93,93,93],"floor_reached":33,"playtime":804,"items_purged":["Strike_G","Strike_G","Strike_G"],"score":407,"play_id":"4c5a4776-6160-4c45-a016-bdbb998d5a01","local_time":"20201226012742","is_ascension_mode":true,"campfire_choices":[{"data":"Crippling Poison","floor":6.0,"key":"SMITH"},{"data":"Bouncing Flask","floor":11.0,"key":"SMITH"},{"floor":15.0,"key":"REST"},{"data":"After Image","floor":23.0,"key":"SMITH"},{"floor":25.0,"key":"REST"},{"floor":32.0,"key":"REST"}],"circlet_count":0,"master_deck":["AscendersBane","Strike_G","Strike_G","Defend_G","Defend_G","Defend_G","Defend_G","Defend_G","Survivor","Neutralize","Blade Dance","Noxious Fumes","Poisoned Stab","Crippling Poison+1","Bouncing Flask+1","Deadly Poison","After Image+1","PiercingWail","PiercingWail"],"relics":["Ring of the Snake","Medical Kit","Mercury Hourglass","Smiling Mask","TwistedFunnel","Letter Opener","HornCleat","Thread and Needle"],"acts_visited":["Exordium","TheCity"],"potions_floor_usage":[33],"damage_taken":[{"damage":5.0,"enemies":"Cultist","floor":1.0,"turns":5.0},{"damage":3.0,"enemies":"2 Louse","floor":3.0,"turns":4.0},{"damage":7.0,"enemies":"Small Slimes","floor":4.0,"turns":4.0},{"damage":0.0,"enemies":"3 Louse","floor":8.0,"turns":2.0},{"damage":8.0,"enemies":"Exordium Wildlife","floor":10.0,"turns":3.0},{"damage":0.0,"enemies":"2 Fungi Beasts","floor":12.0,"turns":2.0},{"damage":24.0,"enemies":"3 Sentries","floor":13.0,"turns":5.0},{"damage":24.0,"enemies":"Hexaghost","floor":16.0,"turns":6.0},{"damage":3.0,"enemies":"Chosen","floor":18.0,"turns":4.0},{"damage":14.0,"enemies":"Shell Parasite","floor":20.0,"turns":4.0},{"damage":6.0,"enemies":"Centurion and Healer","floor":21.0,"turns":5.0},{"damage":16.0,"enemies":"Cultist and Chosen","floor":24.0,"turns":5.0},{"damage":2.0,"enemies":"Chosen and Byrds","floor":28.0,"turns":6.0},{"damage":14.0,"enemies":"Gremlin Leader","floor":29.0,"turns":7.0},{"damage":5.0,"enemies":"Centurion and Healer","floor":30.0,"turns":5.0},{"damage":3.0,"enemies":"Shelled Parasite and Fungi","floor":31.0,"turns":5.0},{"damage":37,"enemies":"Collector","floor":33,"turns":5}],"seed_played":"9108507735598334490","potions_obtained":[{"floor":3.0,"key":"Poison Potion"},{"floor":4.0,"key":"Poison Potion"},{"floor":12.0,"key":"ColorlessPotion"},{"floor":20.0,"key":"Swift Potion"},{"floor":28.0,"key":"SkillPotion"},{"floor":29.0,"key":"ColorlessPotion"},{"floor":30.0,"key":"LiquidMemories"}],"is_trial":false,"path_per_floor":["M","$","M","M","$","R","?","M","T","M","R","M","E","?","R","B",null,"M","$","M","M","$","R","M","R","T","?","M","E","M","M","R","B"],"character_chosen":"THE_SILENT","items_purchased":["Noxious Fumes","Poisoned Stab","Medical Kit","TwistedFunnel","PiercingWail"],"campfire_rested":3,"item_purchase_floors":[2,2,2,19,22],"current_hp_per_floor":[58,58,55,48,48,48,48,48,48,40,40,40,16,21,41,17,55,52,52,38,32,32,32,16,36,36,36,34,20,15,12,32,0,0],"gold":93,"neow_bonus":"TWO_FIFTY_GOLD","is_daily":false,"chose_seed":false,"campfire_upgraded":3,"win_rate":0.0,"timestamp":1608913662,"path_taken":["M","$","M","M","$","R","?","M","T","M","R","M","E","?","R","BOSS","M","$","M","M","$","R","M","R","T","?","M","E","M","M","R","BOSS"],"items_purchased_type":["Card","Card","Relic","Relic","Card"],"build_version":"2020-12-22","purchased_purges":3,"victory":false,"max_hp_per_floor":[63,63,63,63,63,63,63,63,63,63,63,63,63,68,68,68,68,68,68,68,68,68,68,68,68,68,68,68,68,68,68,68,68,68],"relic_stats":{"counters":[17,74],"Letter Opener":[40],"Medical Kit":[6],"Smiling Mask":125,"obtain_stats":[{"TwistedFunnel":19,"HornCleat":27,"Thread and Needle":29,"Letter Opener":26,"Medical Kit":2,"Smiling Mask":13,"Ring of the Snake":0,"Mercury Hourglass":9},{"TwistedFunnel":9,"HornCleat":12,"Thread and Needle":14,"Letter Opener":12,"Medical Kit":1,"Smiling Mask":7,"Ring of the Snake":0,"Mercury Hourglass":4},{"TwistedFunnel":33,"HornCleat":47,"Thread and Needle":59,"Letter Opener":47,"Medical Kit":5,"Smiling Mask":23,"Ring of the Snake":0,"Mercury Hourglass":15}],"Ring of the Snake":[34],"Mercury Hourglass":[268]},"card_choices":[{"not_picked":["Blur","Backflip"],"picked":"Blade Dance","floor":1.0},{"not_picked":["Sucker Punch","Calculated Gamble"],"picked":"Crippling Poison","floor":3.0},{"not_picked":["Leg Sweep","Cloak And Dagger"],"picked":"Dagger Throw","floor":4.0},{"not_picked":["Flechettes","Caltrops"],"picked":"Bouncing Flask","floor":8.0},{"not_picked":["Expertise","Endless Agony","Bane"],"picked":"SKIP","floor":10.0},{"not_picked":["Night Terror","Dagger Throw"],"picked":"Deadly Poison","floor":12.0},{"not_picked":["Well Laid Plans","Storm of Steel","Bane"],"picked":"SKIP","floor":13.0},{"not_picked":["Phantasmal Killer","Malaise"],"picked":"After Image","floor":16.0},{"not_picked":["Bane","Dodge and Roll","Slice"],"picked":"SKIP","floor":18.0},{"not_picked":["Underhanded Strike+1","Predator","Outmaneuver"],"picked":"SKIP","floor":20.0},{"not_picked":["Slice","Bouncing Flask","Endless Agony"],"picked":"SKIP","floor":21.0},{"not_picked":["Prepared+1","Leg Sweep"],"picked":"PiercingWail","floor":24.0},{"not_picked":["Night Terror","Quick Slash+1","Dagger Throw"],"picked":"SKIP","floor":28.0},{"not_picked":["Masterful Stab+1","Bouncing Flask","Distraction"],"picked":"SKIP","floor":29.0},{"not_picked":["Dagger Spray","Noxious Fumes","Prepared"],"picked":"SKIP","floor":30.0},{"not_picked":["Well Laid Plans","Setup+1","Cloak And Dagger"],"picked":"SKIP","floor":31.0}],"player_experience":282493,"relics_obtained":[{"floor":9.0,"key":"Mercury Hourglass"},{"floor":13.0,"key":"Smiling Mask"},{"floor":26.0,"key":"Letter Opener"},{"floor":29.0,"key":"Thread and Needle"}],"event_choices":[{"damage_healed":0.0,"max_hp_gain":0.0,"max_hp_loss":0.0,"gold_gain":0.0,"event_name":"Liars Game","player_choice":"Ignored","floor":7.0,"gold_loss":0.0,"damage_taken":0.0},{"damage_healed":0.0,"max_hp_gain":5.0,"max_hp_loss":0.0,"gold_gain":0.0,"event_name":"Big Fish","player_choice":"Donut","floor":14.0,"gold_loss":0.0,"damage_taken":0.0},{"cards_removed":["Dagger Throw"],"damage_healed":0.0,"max_hp_gain":0.0,"max_hp_loss":0.0,"gold_gain":0.0,"event_name":"WeMeetAgain","player_choice":"Gave Card","floor":27.0,"gold_loss":0.0,"damage_taken":0.0,"relics_obtained":["HornCleat"]}],"is_beta":false,"boss_relics":[{"not_picked":["Runic Dome","Snecko Eye","Cursed Key"]}],"items_purged_floors":[2,19,22],"is_endless":false,"potions_floor_spawned":[3,4,12,20,28,29,30],"killed_by":"Collector","ascension_level":10}}