{"host":"ied4ms9juizrl48v","time":1608939375,"event":{"mods":["Ascension Unlocker","BaseMod","Block Reminder","Colored Map","Colored Powertips","DeckTracker","Highlight Path","Minty Spire (QoL Compilation)","Practice Mode","Quick Restart","Random Character Button","StSLib","SuperFastMode","UnlockEverythingMod"],"gold_per_floor":[12,12,30,48,13,45,45,65,65,136,152,152,170,200,200,279,279,294,306,32,32,50,50,50],"floor_reached":23,"playtime":1016,"items_purged":[],"score":406,"play_id":"111c32ee-631d-4e17-9e84-b9eeb3b5aa2b","local_time":"20201226083615","is_ascension_mode":true,"campfire_choices":[{"floor":7,"key":"REST"},{"data":"Noxious Fumes","floor":12,"key":"SMITH"},{"data":"Bouncing Flask","floor":15,"key":"SMITH"}],"circlet_count":0,"master_deck":["AscendersBane","Strike_G","Strike_G","Strike_G","Strike_G","Defend_G","Defend_G","Defend_G","Defend_G","Survivor","Neutralize","Slice","Bouncing Flask+1","PiercingWail","Predator","Noxious Fumes+1","Sucker Punch","Bane","Die Die Die","Sucker Punch","Crippling Poison","Blind","Dagger Throw+1"],"relics":["Ring of the Snake","Centennial Puzzle","Letter Opener","Paper Crane","HoveringKite","Bag of Preparation"],"acts_visited":["Exordium","TheCity"],"potions_floor_usage":[14,16,18,23,23,23],"damage_taken":[{"damage":3,"enemies":"Cultist","floor":1,"turns":4},{"damage":5,"enemies":"2 Louse","floor":3,"turns":3},{"damage":1,"enemies":"Jaw Worm","floor":4,"turns":3},{"damage":63,"enemies":"Gremlin Nob","floor":6,"turns":5},{"damage":2,"enemies":"3 Louse","floor":8,"turns":5},{"damage":4,"enemies":"2 Fungi Beasts","floor":11,"turns":3},{"damage":9,"enemies":"Blue Slaver","floor":13,"turns":4},{"damage":10,"enemies":"Lagavulin","floor":14,"turns":5},{"damage":8,"enemies":"Hexaghost","floor":16,"turns":8},{"damage":12,"enemies":"Spheric Guardian","floor":18,"turns":4},{"damage":14,"enemies":"Chosen","floor":19,"turns":5},{"damage":14,"enemies":"Centurion and Healer","floor":22,"turns":9},{"damage":13,"enemies":"Gremlin Leader","floor":23,"turns":2}],"seed_played":"-1031110714101095331","potions_obtained":[{"floor":3,"key":"SmokeBomb"},{"floor":8,"key":"FearPotion"},{"floor":13,"key":"Regen Potion"},{"floor":14,"key":"EntropicBrew"},{"floor":16,"key":"FearPotion"},{"floor":18,"key":"Energy Potion"}],"is_trial":false,"path_per_floor":["M","$","M","M","?","E","R","M","T","?","M","R","M","E","R","B",null,"M","M","$","?","M","E"],"character_chosen":"THE_SILENT","items_purchased":["Bag of Preparation","Blind"],"campfire_rested":1,"item_purchase_floors":[20,20],"current_hp_per_floor":[56,56,51,50,66,3,22,20,20,20,16,16,7,12,12,4,51,39,25,25,25,11,0,0],"gold":50,"neow_bonus":"REMOVE_TWO","is_daily":false,"chose_seed":false,"campfire_upgraded":2,"win_rate":0.0,"timestamp":1608939375,"path_taken":["M","$","?","M","?","E","R","M","T","?","M","R","?","E","R","BOSS","M","M","$","?","M","E"],"items_purchased_type":["Relic","Card"],"build_version":"2020-12-22","purchased_purges":0,"victory":false,"max_hp_per_floor":[66,66,66,66,66,66,66,66,66,66,66,66,66,66,66,66,66,66,66,66,66,66,66,66],"card_choices":[{"not_picked":["Blur","Flechettes"],"picked":"Slice","floor":1},{"not_picked":["Dagger Throw","Blade Dance"],"picked":"Bouncing Flask","floor":3},{"not_picked":["Deflect","Slice"],"picked":"PiercingWail","floor":4},{"not_picked":["Prepared","Slice"],"picked":"Predator","floor":6},{"not_picked":["Backflip","Dagger Spray"],"picked":"Noxious Fumes","floor":8},{"not_picked":["Underhanded Strike","Quick Slash"],"picked":"Sucker Punch","floor":11},{"not_picked":["Dagger Throw","All Out Attack"],"picked":"Bane","floor":13},{"not_picked":["Infinite Blades","Dagger Throw","Accuracy"],"picked":"SKIP","floor":14},{"not_picked":["Storm of Steel","Envenom"],"picked":"Die Die Die","floor":16},{"not_picked":["Deflect","Bane"],"picked":"Sucker Punch","floor":18},{"not_picked":["Deflect","PiercingWail"],"picked":"Crippling Poison","floor":19},{"not_picked":["Eviscerate","Caltrops+1"],"picked":"Dagger Throw+1","floor":22}],"player_experience":5862,"relics_obtained":[{"floor":6,"key":"Centennial Puzzle"},{"floor":9,"key":"Letter Opener"},{"floor":14,"key":"Paper Crane"}],"event_choices":[{"damage_healed":16,"gold_gain":0,"player_choice":"Healed","damage_taken":0,"max_hp_gain":0,"max_hp_loss":0,"event_name":"The Cleric","floor":5,"gold_loss":35},{"damage_healed":0,"gold_gain":71,"player_choice":"Gained Gold","damage_taken":0,"max_hp_gain":0,"max_hp_loss":0,"event_name":"Golden Wing","floor":10,"gold_loss":0},{"damage_healed":0,"gold_gain":0,"player_choice":"Ignored","damage_taken":0,"max_hp_gain":0,"max_hp_loss":0,"event_name":"Cursed Tome","floor":21,"gold_loss":0}],"is_beta":false,"boss_relics":[{"not_picked":["Sozu","Runic Dome"],"picked":"HoveringKite"}],"items_purged_floors":[],"is_endless":false,"potions_floor_spawned":[3,8,13,14,16,18,19],"killed_by":"Gremlin Leader","ascension_level":20}}