{"host":"j204k34h42bd6fas","time":1608872179,"event":{"mods":["Aspiration","BaseMod","Colored Map","Colored Powertips","Conspire","Energized Spire","Hubris","Infinite Spire","JesterMod","Mimic Mod","Minty Spire (QoL Compilation)","Rare Cards Sparkle","Relic Stats","Replay The Spire","Say the Spire","StSLib","The Cursed","The Marked"],"gold_per_floor":[119,294,294,359,369,404,416,466,466,500,500,563,563,613,613,613,613],"floor_reached":16,"playtime":380,"items_purged":[],"score":138,"play_id":"e054cd13-6b21-43de-ab9e-bc0c27b8f532","local_time":"20201224235619","is_ascension_mode":true,"campfire_choices":[{"floor":11,"key":"REST"},{"floor":13,"key":"REST"},{"data":"FTL","floor":15,"key":"SMITH"}],"circlet_count":0,"master_deck":["Strike_B","Strike_B","Strike_B","Strike_B","Defend_B","Defend_B","Defend_B","Defend_B","Zap","Dualcast","Streamline","Sunder","Steam","FTL+1","Steam","Beam Cell","ReplayTheSpireMod:Reroute Power"],"relics":["Cracked Core","NeowsBlessing","SsserpentHead","White Beast Statue","Matryoshka","hubris:OldNail","aspiration:FetidBarrel"],"acts_visited":["Exordium"],"potions_floor_usage":[10,16],"damage_taken":[{"damage":0,"enemies":"Small Slimes","floor":1,"turns":1},{"damage":0,"enemies":"Cultist","floor":4,"turns":1},{"damage":0,"enemies":"2 Louse","floor":5,"turns":1},{"damage":40,"enemies":"Lagavulin","floor":6,"turns":6},{"damage":4,"enemies":"Lots of Slimes","floor":7,"turns":3},{"damage":25,"enemies":"Gremlin Nob","floor":10,"turns":4},{"damage":11,"enemies":"2 Fungi Beasts","floor":12,"turns":3},{"damage":31,"enemies":"The Guardian","floor":16,"turns":11}],"seed_played":"4011716123012694460","potions_obtained":[{"floor":6,"key":"Dexterity Potion"},{"floor":7,"key":"Reflective Coating"},{"floor":10,"key":"Weak Potion"},{"floor":12,"key":"infinitespire:BlackPotion"}],"is_trial":false,"path_per_floor":["M","?","?","M","M","E","M","?","T","E","R","M","R","?","R","B"],"character_chosen":"DEFECT","items_purchased":[],"campfire_rested":2,"item_purchase_floors":[],"current_hp_per_floor":[75,75,75,75,75,35,31,31,31,6,28,17,39,39,39,8,8],"gold":613,"neow_bonus":"THREE_ENEMY_KILL","is_daily":false,"chose_seed":false,"campfire_upgraded":1,"win_rate":0.0,"timestamp":1608872179,"path_taken":["M","?","?","?","M","E","M","?","T","E","R","?","R","?","R","BOSS"],"items_purchased_type":[],"build_version":"2020-12-22","purchased_purges":0,"victory":false,"max_hp_per_floor":[75,75,75,75,75,75,75,75,75,75,75,75,75,75,75,75,75],"relic_stats":{"SsserpentHead":200,"counters":[8,30],"obtain_stats":[{"SsserpentHead":3,"Matryoshka":9,"NeowsBlessing":0,"aspiration:FetidBarrel":14,"Cracked Core":0,"White Beast Statue":6,"hubris:OldNail":10},{"SsserpentHead":1,"Matryoshka":5,"NeowsBlessing":0,"aspiration:FetidBarrel":7,"Cracked Core":0,"White Beast Statue":4,"hubris:OldNail":6},{"SsserpentHead":1,"Matryoshka":12,"NeowsBlessing":0,"aspiration:FetidBarrel":19,"Cracked Core":0,"White Beast Statue":9,"hubris:OldNail":16}]},"card_choices":[{"not_picked":["Rebound","BasicCrystalCard"],"picked":"Streamline","floor":1},{"not_picked":["Stack","Thunder Strike"],"picked":"Sunder","floor":4},{"not_picked":["BasicCrystalCard","Recycle"],"picked":"Steam","floor":5},{"not_picked":["Redo","Cold Snap"],"picked":"FTL","floor":6},{"not_picked":["Blizzard","Sunder"],"picked":"Steam","floor":7},{"not_picked":["Conserve Battery","Compile Driver"],"picked":"Beam Cell","floor":10},{"not_picked":["Redo","ReplayTheSpireMod:Reroute Power","Hologram"],"picked":"SKIP","floor":12},{"not_picked":["Redo","Hologram"],"picked":"ReplayTheSpireMod:Reroute Power","floor":12}],"player_experience":307009,"relics_obtained":[{"floor":6,"key":"White Beast Statue"},{"floor":9,"key":"Matryoshka"},{"floor":10,"key":"hubris:OldNail"},{"floor":14,"key":"aspiration:FetidBarrel"}],"event_choices":[{"damage_healed":0,"gold_gain":175,"player_choice":"AGREE","damage_taken":0,"max_hp_gain":0,"max_hp_loss":0,"event_name":"Liars Game","floor":2,"gold_loss":0,"cards_obtained":["Doubt"]},{"damage_healed":0,"gold_gain":0,"player_choice":"Trade","damage_taken":0,"relics_obtained":["SsserpentHead"],"max_hp_gain":0,"max_hp_loss":0,"event_name":"FaceTrader","floor":3,"gold_loss":0},{"cards_removed":["Doubt"],"damage_healed":0,"gold_gain":0,"player_choice":"Purged","damage_taken":0,"max_hp_gain":0,"max_hp_loss":0,"event_name":"Purifier","floor":8,"gold_loss":0}],"is_beta":false,"boss_relics":[],"items_purged_floors":[],"is_endless":false,"potions_floor_spawned":[6,7,10,12],"killed_by":"The Guardian","ascension_level":5}}