{"host":"lvhfn8l5bvc4nolx","time":1608906901,"event":{"mods":["AchievementEnabler","BaseMod","Colored Map","Minty Spire (QoL Compilation)","Permanent Neow","Quick Restart","SuperFastMode"],"gold_per_floor":[19,65,85,96,21,21,37,37,61,61,161,173,202,220,220,320,320,332,332,232,242,258,258,290,85,85,85,104,117,137,157,157,157,157],"floor_reached":33,"playtime":908,"items_purged":["Strike_R","Defend_R","Defend_R"],"score":339,"play_id":"f9e16bb7-0be1-45f8-bca2-952b058efc5f","local_time":"20201225233501","is_ascension_mode":true,"campfire_choices":[{"data":"Pommel Strike","floor":6.0,"key":"SMITH"},{"data":"Body Slam","floor":8,"key":"SMITH"},{"data":"Battle Trance","floor":10,"key":"SMITH"},{"data":"Intimidate","floor":15,"key":"SMITH"},{"floor":23,"key":"REST"},{"floor":32,"key":"REST"}],"circlet_count":0,"master_deck":["Strike_R","Strike_R","Defend_R","Defend_R","Bash","Fire Breathing","Battle Trance+1","Dropkick","Whirlwind","Pommel Strike+1","Body Slam+1","Inflame","Intimidate+1","Offering","Thunderclap","Power Through","Dropkick"],"relics":["Burning Blood","Happy Flower","Strawberry","Centennial Puzzle","Philosopher\u0027s Stone","Smiling Mask","DollysMirror","Bird Faced Urn"],"acts_visited":["Exordium","TheCity"],"potions_floor_usage":[16,16,28,30,33],"damage_taken":[{"damage":6.0,"enemies":"Cultist","floor":1.0,"turns":3.0},{"damage":1.0,"enemies":"2 Louse","floor":3.0,"turns":3.0},{"damage":2.0,"enemies":"Jaw Worm","floor":4.0,"turns":3.0},{"damage":16.0,"enemies":"2 Fungi Beasts","floor":7.0,"turns":3.0},{"damage":8,"enemies":"Blue Slaver","floor":12,"turns":3},{"damage":16,"enemies":"Gremlin Nob","floor":13,"turns":3},{"damage":6,"enemies":"Exordium Wildlife","floor":14,"turns":4},{"damage":42,"enemies":"Hexaghost","floor":16,"turns":8},{"damage":33,"enemies":"2 Thieves","floor":18,"turns":3},{"damage":15,"enemies":"Shell Parasite","floor":21,"turns":3},{"damage":27,"enemies":"Snake Plant","floor":22,"turns":3},{"damage":20,"enemies":"Gremlin Leader","floor":24,"turns":3},{"damage":17,"enemies":"Centurion and Healer","floor":28,"turns":3},{"damage":6,"enemies":"Sentry and Sphere","floor":29,"turns":3},{"damage":29,"enemies":"Shelled Parasite and Fungi","floor":30,"turns":3},{"damage":21,"enemies":"Snecko","floor":31,"turns":4},{"damage":80,"enemies":"Automaton","floor":33,"turns":6}],"seed_played":"-8267276095265571981","potions_obtained":[{"floor":1.0,"key":"EssenceOfSteel"},{"floor":4.0,"key":"SkillPotion"},{"floor":7,"key":"Weak Potion"},{"floor":16,"key":"SpeedPotion"},{"floor":21,"key":"SneckoOil"},{"floor":28,"key":"Fruit Juice"},{"floor":30,"key":"Swift Potion"}],"is_trial":false,"path_per_floor":["M","T","M","M","$","R","M","R","T","R","?","M","E","M","R","B",null,"M","?","$","M","M","R","E","$","T","?","M","M","M","M","R","B"],"character_chosen":"IRONCLAD","items_purchased":["DollysMirror"],"campfire_rested":2,"item_purchase_floors":[25],"current_hp_per_floor":[80,80,80,80,80,80,70,70,77,77,77,75,65,65,65,29,73,46,46,46,37,16,42,28,28,28,57,55,59,38,27,54,0,0],"gold":157,"neow_bonus":"TRANSFORM_TWO_CARDS","is_daily":false,"chose_seed":false,"campfire_upgraded":4,"win_rate":0.0,"timestamp":1608906901,"path_taken":["M","?","?","M","$","R","M","R","T","R","?","?","E","M","R","BOSS","M","?","$","M","M","R","E","?","T","?","M","M","M","M","R","BOSS"],"items_purchased_type":["Relic"],"build_version":"2020-12-22","purchased_purges":3,"victory":false,"max_hp_per_floor":[80,80,80,80,80,80,80,80,87,87,87,87,87,87,87,87,87,87,87,87,87,87,87,87,87,87,87,92,92,92,92,92,92,92],"card_choices":[{"not_picked":["Infernal Blade","Entrench"],"picked":"Dropkick","floor":1.0},{"not_picked":["Shrug It Off","Flex"],"picked":"Whirlwind","floor":3.0},{"not_picked":["Headbutt","Sever Soul"],"picked":"Pommel Strike","floor":4.0},{"not_picked":["Perfected Strike","Battle Trance"],"picked":"Body Slam","floor":7},{"not_picked":["Rampage","Wild Strike"],"picked":"Inflame","floor":12},{"not_picked":["Iron Wave","Clothesline","Body Slam"],"picked":"SKIP","floor":13},{"not_picked":["Clothesline","Infernal Blade","Intimidate"],"picked":"SKIP","floor":14},{"not_picked":["Clothesline","Infernal Blade"],"picked":"Intimidate","floor":14},{"not_picked":["Juggernaut","Impervious"],"picked":"Offering","floor":16},{"not_picked":["Headbutt","Cleave","Twin Strike"],"picked":"SKIP","floor":18},{"not_picked":["Cleave+1","Whirlwind","Ghostly Armor"],"picked":"SKIP","floor":21},{"not_picked":["Twin Strike","Rupture+1"],"picked":"Thunderclap","floor":22},{"not_picked":["Clash","Cleave"],"picked":"Power Through","floor":24},{"not_picked":["Hemokinesis","Dual Wield","Power Through"],"picked":"SKIP","floor":28},{"not_picked":["Warcry","Combust+1","Whirlwind"],"picked":"SKIP","floor":29},{"not_picked":["Clash","Disarm+1","Evolve"],"picked":"SKIP","floor":30},{"not_picked":["Ghostly Armor","Thunderclap+1","Rupture"],"picked":"SKIP","floor":31}],"player_experience":325718,"relics_obtained":[{"floor":2.0,"key":"Happy Flower"},{"floor":9,"key":"Strawberry"},{"floor":13,"key":"Centennial Puzzle"},{"floor":24,"key":"Smiling Mask"},{"floor":26,"key":"Bird Faced Urn"}],"event_choices":[{"damage_healed":0,"gold_gain":100,"player_choice":"Pray","damage_taken":0,"max_hp_gain":0,"max_hp_loss":0,"event_name":"Golden Shrine","floor":11,"gold_loss":0},{"damage_healed":0,"gold_gain":0,"player_choice":"Ignored","damage_taken":0,"max_hp_gain":0,"max_hp_loss":0,"event_name":"Ghosts","floor":19,"gold_loss":0},{"damage_healed":29,"gold_gain":0,"player_choice":"Heal","damage_taken":0,"max_hp_gain":0,"max_hp_loss":0,"event_name":"The Library","floor":27,"gold_loss":0}],"is_beta":false,"boss_relics":[{"not_picked":["SlaversCollar","Runic Dome"],"picked":"Philosopher\u0027s Stone"}],"items_purged_floors":[5,20,25],"is_endless":false,"potions_floor_spawned":[1,4,7,13,16,21,28,30],"killed_by":"Automaton","ascension_level":5}}