{"host":"vm8b3ptwl81uq21f","time":1608868653,"event":{"mods":["BaseMod","BetterRewards","Colored Powertips","Downfall","GifTheSpireLib","Googly Eyes","GungeonMod","Halation","Hubris","Minty Spire (QoL Compilation)","Quick Restart","Rare Cards Sparkle","Replay The Spire","Shop Mod","StSLib","Stuff the Spire","The Bug Knight","The IronCluck","[IsaacMod]????"],"gold_per_floor":[115,126,145,174,174,174,174,174],"floor_reached":7,"playtime":148,"items_purged":[],"score":43,"play_id":"73d49bf2-a955-42cd-a7ab-56bbf4d834b7","local_time":"20201224225733","is_ascension_mode":false,"campfire_choices":[{"data":"Compile Driver","floor":6,"key":"SMITH"}],"circlet_count":0,"master_deck":["Strike_B","Strike_B","Strike_B","Strike_B","Defend_B","Defend_B","Defend_B","Defend_B","Zap+1","Dualcast","White Noise","Sweeping Beam","Compile Driver+1","BasicCrystalCard"],"relics":["Cracked Core","HushsDoor","PokeGo","NeowsBlessing"],"acts_visited":["Exordium"],"potions_floor_usage":[],"damage_taken":[{"damage":0,"enemies":"Cultist","floor":1,"turns":1},{"damage":0,"enemies":"Jaw Worm","floor":2,"turns":1},{"damage":0,"enemies":"2 Louse","floor":3,"turns":1},{"damage":9,"enemies":"Looter","floor":4,"turns":3},{"damage":0,"enemies":"Lagavulin","floor":7,"turns":1}],"seed_played":"-5132749799989880603","potions_obtained":[{"floor":2,"key":"LiquidMemories"},{"floor":4,"key":"SteroidPotion"}],"is_trial":false,"path_per_floor":["M","M","M","M","?","R","E"],"character_chosen":"DEFECT","items_purchased":[],"campfire_rested":0,"item_purchase_floors":[],"current_hp_per_floor":[75,75,75,66,66,66,66,66],"gold":174,"neow_bonus":"THREE_ENEMY_KILL","is_daily":false,"chose_seed":false,"campfire_upgraded":1,"win_rate":0.0,"timestamp":1608868653,"path_taken":["M","?","M","M","?","R","E"],"items_purchased_type":[],"build_version":"2020-12-22","purchased_purges":0,"victory":false,"max_hp_per_floor":[75,75,75,75,75,75,75,75],"card_choices":[{"not_picked":["Steam","StuffTheSpire:SnapShoot"],"picked":"White Noise","floor":1},{"not_picked":["Redo","Pulse"],"picked":"Sweeping Beam","floor":2},{"not_picked":["ReplaySolidLightProjector","Panic Button"],"picked":"Compile Driver","floor":3},{"not_picked":["StuffTheSpire:GlassShard","Stack"],"picked":"BasicCrystalCard","floor":4}],"player_experience":308268,"relics_obtained":[],"event_choices":[{"damage_healed":0,"gold_gain":0,"player_choice":"Grow","damage_taken":0,"max_hp_gain":0,"max_hp_loss":0,"event_name":"Living Wall","floor":5,"gold_loss":0,"cards_upgraded":["Zap"]}],"is_beta":false,"boss_relics":[],"items_purged_floors":[],"is_endless":false,"potions_floor_spawned":[2,4],"killed_by":"Lagavulin","ascension_level":0}}