{"host":"91yrvee9vuf6n2vk","time":1608898268,"event":{"mods":["BaseMod","Downfall","Minty Spire (QoL Compilation)","Prisma Mod","StSLib"],"gold_per_floor":[99,99,549,549,549,549,573,586,586,302,44,64,64,64,64,64,64,64],"floor_reached":16,"playtime":517,"items_purged":["Slimebound:Icky","Slimebound:Icky"],"score":86,"play_id":"1514ad95-0182-4d0c-9054-e7d4dcb0a02d","local_time":"20201225121108","is_ascension_mode":false,"campfire_choices":[{"data":"hexamod:Sear","floor":1,"key":"SMITH"},{"data":"hexamod:HeatMetal","floor":9,"key":"SMITH"},{"floor":13,"key":"REST"}],"circlet_count":0,"master_deck":["hexamod:Strike","hexamod:Strike","hexamod:Strike","hexamod:Strike","hexamod:Defend","hexamod:Defend","hexamod:Defend","hexamod:Defend","hexamod:Sear+1","hexamod:Float","hexamod:Incineration","Slimebound:Icky","hexamod:HeatMetal+1","hexamod:AdvancingGuard","hexamod:Hexaguard","hexamod:InspiringFlames","hexamod:ThirdSeal","hexamod:TurnItUp","hexamod:NightmareGuise","hexamod:FastForward"],"relics":["hexamod:SpiritBrand","downfall:HeartsMalice","downfall:BrokenWingStatue","Tiny Chest","PreservedInsect","Regal Pillow"],"acts_visited":["Exordium"],"potions_floor_usage":[16,16],"damage_taken":[{"damage":0,"enemies":"Small Slimes","floor":2,"turns":1},{"damage":0,"enemies":"Jaw Worm","floor":4,"turns":1},{"damage":0,"enemies":"Cultist","floor":6,"turns":1},{"damage":17,"enemies":"Lots of Slimes","floor":8,"turns":6},{"damage":5,"enemies":"downfall:FleeingMerchant","floor":10,"turns":4},{"damage":15,"enemies":"downfall:FleeingMerchant","floor":11,"turns":4},{"damage":10,"enemies":"2 Fungi Beasts","floor":12,"turns":5},{"damage":1,"enemies":"Red Slaver","floor":15,"turns":6},{"damage":59,"enemies":"downfall:Silent","floor":16,"turns":8}],"seed_played":"2083182258255556214","potions_obtained":[{"floor":8,"key":"Ancient Potion"},{"floor":12,"key":"FearPotion"}],"is_trial":false,"path_per_floor":["R","M","?","M","?","M","T","M","R","$","$","M","R","?","M","B"],"character_chosen":"THE_SPIRIT","items_purchased":["PreservedInsect","hexamod:ThirdSeal","Regal Pillow"],"campfire_rested":1,"item_purchase_floors":[10,10,11],"current_hp_per_floor":[70,70,70,70,70,70,70,53,53,48,33,23,59,59,58,0,0,0],"gold":64,"neow_bonus":"THREE_ENEMY_KILL","is_daily":false,"chose_seed":false,"campfire_upgraded":2,"win_rate":0.0,"timestamp":1608898268,"path_taken":["R","M","?","M","?","M","T","M","R","?","$","?","R","?","M","BOSS"],"items_purchased_type":["Relic","Card","Relic"],"build_version":"2020-12-22","purchased_purges":2,"victory":false,"max_hp_per_floor":[70,70,70,70,70,70,70,70,70,70,70,70,70,70,70,70,70,70],"card_choices":[{"not_picked":["hexamod:NightmareStrike","hexamod:ShieldOfDarkness"],"picked":"hexamod:Incineration","floor":2},{"not_picked":["hexamod:NightmareGuise","hexamod:BacktrackSmack"],"picked":"hexamod:HeatMetal","floor":4},{"not_picked":["hexamod:ThermalTransfer","hexamod:HeatMetal"],"picked":"hexamod:AdvancingGuard","floor":6},{"not_picked":["hexamod:SpectersWail","hexamod:GhostLash"],"picked":"hexamod:Hexaguard","floor":8},{"not_picked":["hexamod:PhantomCloak","hexamod:GhostShield"],"picked":"hexamod:InspiringFlames","floor":10},{"not_picked":["hexamod:BurningTouch","hexamod:GhostOfSpirePast"],"picked":"hexamod:TurnItUp","floor":11},{"not_picked":["hexamod:ChargedBarrage","hexamod:BacktrackSmack","hexamod:SkipABeat"],"picked":"SKIP","floor":11},{"not_picked":["hexamod:SpectersWail","hexamod:HeatMetal"],"picked":"hexamod:NightmareGuise","floor":12},{"not_picked":["hexamod:GhostOfSpireFuture","hexamod:RainOfEmbers","hexamod:ChargedBarrage"],"picked":"SKIP","floor":12},{"not_picked":["hexamod:HeatMetal","hexamod:NightmareStrike"],"picked":"hexamod:FastForward","floor":15},{"not_picked":["hexamod:GhostLash","hexamod:ChargedBarrage","hexamod:ThermalTransfer"],"picked":"SKIP","floor":15}],"player_experience":88633,"relics_obtained":[{"floor":7,"key":"Tiny Chest"}],"event_choices":[],"is_beta":false,"boss_relics":[],"items_purged_floors":[10,11],"is_endless":false,"potions_floor_spawned":[8,12,15],"killed_by":"downfall:Silent","ascension_level":0}}