{"host":"9v3x998ddbx8o276","time":1608884007,"event":{"mods":["AchievementEnabler","BaseMod","Colored Map","Highlight Path","Minty Spire (QoL Compilation)","Quick Restart","Rare Cards Sparkle"],"gold_per_floor":[215,490,510,530,20,20,50,50,74,17,27,62,62,78,78,157,157,169,19,19,19,31,31,31],"floor_reached":23,"playtime":923,"items_purged":[],"score":398,"play_id":"562c2039-b82e-4256-91ec-537c6d899cb9","local_time":"20201225184327","is_ascension_mode":true,"campfire_choices":[{"data":"Cold Snap","floor":6,"key":"SMITH"},{"data":"Static Discharge","floor":8,"key":"SMITH"},{"data":"Ball Lightning","floor":13,"key":"SMITH"},{"data":"Defragment","floor":15,"key":"SMITH"}],"circlet_count":0,"master_deck":["AscendersBane","Strike_B","Strike_B","Strike_B","Strike_B","Defend_B","Defend_B","Defend_B","Defend_B","Zap","Dualcast","Self Repair","Cold Snap+1","Leap","Static Discharge+1","Ball Lightning+1","Glacier","Defragment+1","Amplify","Ball Lightning","Echo Form","FTL"],"relics":["Cracked Core","Incense Burner","ClockworkSouvenir","PreservedInsect","Blood Vial","Blue Candle","Black Star"],"acts_visited":["Exordium","TheCity"],"potions_floor_usage":[7,7,12,23,23],"damage_taken":[{"damage":0,"enemies":"2 Louse","floor":1,"turns":2},{"damage":4,"enemies":"Cultist","floor":3,"turns":4},{"damage":5,"enemies":"Small Slimes","floor":4,"turns":3},{"damage":12,"enemies":"Lagavulin","floor":7,"turns":10},{"damage":9,"enemies":"Looter","floor":11,"turns":4},{"damage":18,"enemies":"3 Sentries","floor":12,"turns":3},{"damage":2,"enemies":"3 Louse","floor":14,"turns":4},{"damage":29,"enemies":"Hexaghost","floor":16,"turns":11},{"damage":22,"enemies":"Spheric Guardian","floor":18,"turns":5},{"damage":17,"enemies":"Shell Parasite","floor":22,"turns":4},{"damage":41,"enemies":"Gremlin Leader","floor":23,"turns":4}],"seed_played":"-6798408607794640946","potions_obtained":[{"floor":1,"key":"Weak Potion"},{"floor":4,"key":"Weak Potion"},{"floor":11,"key":"DuplicationPotion"},{"floor":12,"key":"Explosive Potion"}],"is_trial":false,"path_per_floor":["M","?","M","M","$","R","E","R","T","$","M","E","R","M","R","B",null,"M","$","?","?","M","E"],"character_chosen":"DEFECT","items_purchased":["Incense Burner","ClockworkSouvenir","Explosive Potion","Echo Form"],"campfire_rested":0,"item_purchase_floors":[5,5,10,19],"current_hp_per_floor":[64,64,67,69,69,69,64,64,64,64,64,55,55,62,62,42,64,51,51,51,51,36,0,0],"gold":31,"neow_bonus":"HUNDRED_GOLD","is_daily":false,"chose_seed":false,"campfire_upgraded":4,"win_rate":0.0,"timestamp":1608884007,"path_taken":["M","?","?","M","$","R","E","R","T","$","M","E","R","M","R","BOSS","M","$","?","?","M","E"],"items_purchased_type":["Relic","Relic","Potion","Card"],"build_version":"2020-12-22","purchased_purges":0,"victory":false,"max_hp_per_floor":[71,71,71,71,71,71,71,71,71,71,71,71,71,71,71,71,71,71,71,71,71,71,71,71],"card_choices":[{"not_picked":["Capacitor","Blizzard"],"picked":"Self Repair","floor":1},{"not_picked":["Fusion","Blizzard"],"picked":"Cold Snap","floor":3},{"not_picked":["Redo","Hologram"],"picked":"Leap","floor":4},{"not_picked":["Genetic Algorithm","Gash"],"picked":"Static Discharge","floor":7},{"not_picked":["Recycle","Compile Driver"],"picked":"Ball Lightning","floor":11},{"not_picked":["Fusion","Cold Snap"],"picked":"Glacier","floor":12},{"not_picked":["Recycle","Blizzard"],"picked":"Defragment","floor":14},{"not_picked":["Fission","Buffer"],"picked":"Amplify","floor":16},{"not_picked":["Go for the Eyes","Stack"],"picked":"Ball Lightning","floor":18},{"not_picked":["Redo","Go for the Eyes"],"picked":"FTL","floor":22}],"player_experience":2067407,"relics_obtained":[{"floor":7,"key":"PreservedInsect"},{"floor":9,"key":"Blood Vial"},{"floor":12,"key":"Blue Candle"}],"event_choices":[{"damage_healed":0,"gold_gain":275,"player_choice":"Desecrate","damage_taken":0,"max_hp_gain":0,"max_hp_loss":0,"event_name":"Golden Shrine","floor":2,"gold_loss":0,"cards_obtained":["Regret"]},{"cards_removed":["Regret"],"damage_healed":0,"gold_gain":0,"player_choice":"Elegance","damage_taken":0,"max_hp_gain":0,"max_hp_loss":0,"event_name":"Back to Basics","floor":20,"gold_loss":0},{"damage_healed":0,"gold_gain":0,"player_choice":"Ignored","damage_taken":0,"max_hp_gain":0,"max_hp_loss":0,"event_name":"Ghosts","floor":21,"gold_loss":0}],"is_beta":false,"boss_relics":[{"not_picked":["Tiny House","Fusion Hammer"],"picked":"Black Star"}],"items_purged_floors":[],"is_endless":false,"potions_floor_spawned":[1,4,11,12],"killed_by":"Gremlin Leader","ascension_level":20}}