{"host":"no7lpkw32q9rsjhi","time":1608887375,"event":{"mods":["BaseMod","Colored Map","Infinite Spire","Minty Spire (QoL Compilation)","Replay The Spire","StSLib","The Animator","The Hierophant"],"gold_per_floor":[119,119,130,130,130,165,165,165,165,165,189,216,240,240,240,127,127,232,232,251,350,350,350,402,430,430],"floor_reached":25,"playtime":1126,"items_purged":[],"score":145,"play_id":"01a8b246-aa43-4680-8a5f-7521a95d6ed8","local_time":"20201225040935","is_ascension_mode":false,"campfire_choices":[{"floor":8,"key":"REST"},{"floor":10,"key":"RECALL"}],"circlet_count":0,"master_deck":["hierophant:Strike_Hierophant","hierophant:Strike_Hierophant","hierophant:Punish+1","hierophant:Defend_Hierophant","hierophant:Defend_Hierophant","hierophant:Defend_Hierophant","hierophant:Defend_Hierophant","hierophant:ChurchCoffers","hierophant:RepressedViolence","hierophant:Smite","hierophant:FaithHealing","hierophant:ThreeLashes","hierophant:OrnateBuckler","hierophant:HolyVerse+1","hierophant:Community","hierophant:Encroach","hierophant:LocustPlague","hierophant:MorningPrayer+1","hierophant:HammerAndAnvil+1"],"relics":["hierophant:PropheticMaskRelic","Ring of Fury","Juzu Bracelet","Replay:Wax Seal","Replay:Bandana","Ring of Chaos","MutagenicStrength","Red Mask"],"acts_visited":["Exordium","TheCity"],"potions_floor_usage":[18,18,18,25,25],"damage_taken":[{"damage":10,"enemies":"Jaw Worm","floor":1,"turns":4},{"damage":8,"enemies":"Small Slimes","floor":3,"turns":4},{"damage":30,"enemies":"3 Sentries","floor":6,"turns":8},{"damage":1,"enemies":"2 Louse","floor":12,"turns":2},{"damage":5,"enemies":"Red Slaver","floor":13,"turns":2},{"damage":48,"enemies":"Slime Boss","floor":18,"turns":10},{"damage":17,"enemies":"Shell Parasite","floor":20,"turns":6},{"damage":46,"enemies":"Masked Bandits","floor":24,"turns":4},{"damage":13,"enemies":"Gremlin Leader","floor":25,"turns":2}],"seed_played":"-4427043375413655262","potions_obtained":[{"floor":3,"key":"Dexterity Potion"},{"floor":12,"key":"Strength Potion"},{"floor":13,"key":"Swift Potion"},{"floor":18,"key":"Swift Potion"},{"floor":24,"key":"Swift Potion"}],"is_trial":false,"path_per_floor":["M","?","M","?","?","E","?","R","T","R","T","M","M","PTL","PTL","$","R_BF","B",null,"M","?","?","?","?","E"],"character_chosen":"HIEROPHANT","items_purchased":["hierophant:HolyVerse+1","hierophant:Community"],"campfire_rested":1,"item_purchase_floors":[16,16],"current_hp_per_floor":[72,72,64,64,64,34,34,58,58,58,58,57,52,52,52,52,52,4,82,65,65,49,49,3,0,0],"gold":430,"neow_bonus":"TEN_PERCENT_HP_BONUS","is_daily":false,"chose_seed":false,"campfire_upgraded":0,"win_rate":0.0,"timestamp":1608887375,"path_taken":["M","?","M","?","?","E","?","R","T","R","?","M","M","PTL","PTL","?","R_BF","BOSS","M","?","?","?","?","E"],"items_purchased_type":["Card","Card"],"build_version":"2020-12-22","purchased_purges":0,"victory":false,"max_hp_per_floor":[82,82,82,82,82,82,82,82,82,82,82,82,82,82,82,82,82,82,82,82,82,87,87,87,87,87],"card_choices":[{"not_picked":["hierophant:Refuge","hierophant:SolarFlare"],"picked":"hierophant:RepressedViolence","floor":1},{"not_picked":["hierophant:Shelter","hierophant:HammerAndAnvil"],"picked":"hierophant:Smite","floor":3},{"not_picked":["hierophant:EyeForCoin","hierophant:CursedGold"],"picked":"hierophant:FaithHealing","floor":6},{"not_picked":["hierophant:AuricBeam","hierophant:Blessing"],"picked":"hierophant:ThreeLashes","floor":12},{"not_picked":["hierophant:Invocation","hierophant:FieryStrike"],"picked":"hierophant:OrnateBuckler","floor":13},{"not_picked":["hierophant:Generosity","hierophant:Invocation"],"picked":"hierophant:LocustPlague","floor":18},{"not_picked":["hierophant:SecretStash","hierophant:Charity"],"picked":"hierophant:MorningPrayer+1","floor":20},{"not_picked":["hierophant:Remorse","hierophant:RepressedViolence"],"picked":"hierophant:HammerAndAnvil+1","floor":24}],"player_experience":58367,"relics_obtained":[{"floor":4,"key":"Ring of Fury"},{"floor":6,"key":"Juzu Bracelet"},{"floor":9,"key":"Replay:Wax Seal"},{"floor":11,"key":"Replay:Bandana"},{"floor":24,"key":"Red Mask"}],"event_choices":[{"damage_healed":0,"gold_gain":0,"player_choice":"Forge","damage_taken":0,"max_hp_gain":0,"max_hp_loss":0,"event_name":"Accursed Blacksmith","floor":5,"gold_loss":0,"cards_upgraded":["hierophant:Punish"]},{"cards_removed":["hierophant:Strike_Hierophant"],"damage_healed":0,"gold_gain":0,"player_choice":"Purged","damage_taken":0,"max_hp_gain":0,"max_hp_loss":0,"event_name":"Purifier","floor":7,"gold_loss":0},{"damage_healed":0,"gold_gain":99,"player_choice":"Stole From Cult","damage_taken":0,"max_hp_gain":0,"max_hp_loss":0,"event_name":"Nest","floor":21,"gold_loss":0},{"damage_healed":0,"gold_gain":0,"player_choice":"Shed Blood","damage_taken":21,"max_hp_gain":5,"max_hp_loss":0,"event_name":"Forgotten Altar","floor":22,"gold_loss":0},{"damage_healed":0,"gold_gain":0,"player_choice":"Inject Mutagens","damage_taken":0,"relics_obtained":["MutagenicStrength"],"max_hp_gain":0,"max_hp_loss":0,"event_name":"Drug Dealer","floor":23,"gold_loss":0},{"damage_healed":0,"gold_gain":0,"player_choice":"Fought Bandits","damage_taken":0,"max_hp_gain":0,"max_hp_loss":0,"event_name":"Masked Bandits","floor":24,"gold_loss":0}],"is_beta":false,"boss_relics":[{"not_picked":["Honey Jar","Replay:Drink Me"],"picked":"Ring of Chaos"}],"items_purged_floors":[],"is_endless":false,"potions_floor_spawned":[3,12,13,18,24],"killed_by":"Gremlin Leader","ascension_level":0}}