{"host":"fjaupvxe7fzqrf4j","time":1608903246,"event":{"mods":["ATMod(°¢èªMod)","BaseMod","Minty Spire (QoL Compilation)","StSLib"],"gold_per_floor":[113,113,131,1,20,20,51,126,126,147,147,161,161,172,172,248,248,263,290,103,103,115,148,148,167,213,245,256,291,303,303,303,375,375,395,395,410,9,28,28,46,79,79,79,79,99,114,141,141,141,141,141,84,111,111],"floor_reached":56,"playtime":1294,"items_purged":["Defend_P","Strike_P","Strike_P"],"score":2324,"play_id":"5aac5fe0-984a-4cef-a627-0570f670f365","local_time":"20201225213406","is_ascension_mode":true,"campfire_choices":[{"data":"Eruption","floor":6.0,"key":"SMITH"},{"floor":11.0,"key":"REST"},{"data":"AT_OneInchPunch","floor":15.0,"key":"SMITH"},{"data":"Adaptation","floor":24.0,"key":"SMITH"},{"floor":32.0,"key":"REST"},{"floor":40.0,"key":"REST"},{"data":"Scrawl","floor":45.0,"key":"SMITH"},{"floor":49.0,"key":"RECALL"},{"data":"Ragnarok","floor":52.0,"key":"SMITH"}],"circlet_count":0,"master_deck":["AscendersBane","Strike_P+1","Strike_P+1","Defend_P+1","Eruption+1","Vigilance+1","AT_OneInchPunch+1","CurseOfTheBell","FearNoEvil","FollowUp+1","Conclude+1","ClearTheMind","Scrawl+1","AT_EmpoweredMortalDraw+1","Adaptation+1","Ragnarok+1","Pray+1","Prostrate+1","LessonLearned+1","Prostrate+1","Adaptation+1","DeusExMachina+1"],"relics":["AT_ATBox","Calling Bell","AT_BellDemon","Kunai","Unceasing Top","AT_Kusabimaru","Damaru","AT_ChloranthyRing","AT_DeathDance","InkBottle","Odd Mushroom","Juzu Bracelet","AT_ArchangelStaff","AT_MortalBlade","Red Mask","TeardropLocket","StrikeDummy","Whetstone","Strawberry","Yang","Pantograph","Dream Catcher","Toxic Egg 2","War Paint","Boot","AT_TrinityForce","Ancient Tea Set","Prayer Wheel","AT_RedNoBalance","Eternal Feather","Toy Ornithopter","Shuriken","Bird Faced Urn","Question Card","Gambling Chip","HornCleat","Bottled Tornado","Pen Nib"],"acts_visited":["Exordium","TheCity","TheBeyond","TheEnding"],"potions_floor_usage":[55,55],"damage_taken":[{"damage":16.0,"enemies":"2 Louse","floor":1.0,"turns":2.0},{"damage":0.0,"enemies":"Small Slimes","floor":3.0,"turns":2.0},{"damage":18.0,"enemies":"Jaw Worm","floor":5.0,"turns":2.0},{"damage":5.0,"enemies":"3 Sentries","floor":7.0,"turns":6.0},{"damage":3.0,"enemies":"The Mushroom Lair","floor":10.0,"turns":2.0},{"damage":0.0,"enemies":"Looter","floor":12.0,"turns":1.0},{"damage":9.0,"enemies":"2 Fungi Beasts","floor":14.0,"turns":2.0},{"damage":16.0,"enemies":"Hexaghost","floor":16.0,"turns":8.0},{"damage":0.0,"enemies":"Shell Parasite","floor":18.0,"turns":1.0},{"damage":0.0,"enemies":"Masked Bandits","floor":19.0,"turns":1.0},{"damage":0.0,"enemies":"Spheric Guardian","floor":22.0,"turns":1.0},{"damage":2.0,"enemies":"Slavers","floor":23.0,"turns":2.0},{"damage":0.0,"enemies":"Snake Plant","floor":25.0,"turns":1.0},{"damage":2.0,"enemies":"Book of Stabbing","floor":27.0,"turns":2.0},{"damage":9.0,"enemies":"Centurion and Healer","floor":28.0,"turns":2.0},{"damage":0.0,"enemies":"Gremlin Leader","floor":29.0,"turns":2.0},{"damage":0.0,"enemies":"Snecko","floor":30.0,"turns":2.0},{"damage":40.0,"enemies":"Automaton","floor":33.0,"turns":4.0},{"damage":0.0,"enemies":"Orb Walker","floor":35.0,"turns":1.0},{"damage":0.0,"enemies":"3 Darklings","floor":37.0,"turns":2.0},{"damage":0.0,"enemies":"Sphere and 2 Shapes","floor":39.0,"turns":2.0},{"damage":0.0,"enemies":"4 Shapes","floor":41.0,"turns":1.0},{"damage":0.0,"enemies":"Giant Head","floor":42.0,"turns":2.0},{"damage":0.0,"enemies":"Maw","floor":46.0,"turns":3.0},{"damage":0.0,"enemies":"Spire Growth","floor":47.0,"turns":2.0},{"damage":0.0,"enemies":"Nemesis","floor":48.0,"turns":1.0},{"damage":35.0,"enemies":"Awakened One","floor":50.0,"turns":3.0},{"damage":0.0,"enemies":"Shield and Spear","floor":54.0,"turns":1.0},{"damage":44,"enemies":"The Heart","floor":55,"turns":3}],"seed_played":"-1985578388847621082","potions_obtained":[{"floor":1.0,"key":"Swift Potion"},{"floor":5.0,"key":"BlessingOfTheForge"},{"floor":7.0,"key":"SkillPotion"},{"floor":10.0,"key":"Swift Potion"},{"floor":16.0,"key":"DuplicationPotion"},{"floor":22.0,"key":"Strength Potion"},{"floor":25.0,"key":"DuplicationPotion"},{"floor":28.0,"key":"Energy Potion"},{"floor":33.0,"key":"SpeedPotion"},{"floor":46.0,"key":"ColorlessPotion"}],"is_trial":false,"path_per_floor":["M","?","M","$","M","R","E","?","T","?","R","M","?","M","R","B",null,"M","?","$","?","M","E","R","M","T","E","M","E","M","?","R","B",null,"M","?","M","$","M","R","M","E","T","?","R","M","M","E","R","B",null,"R","$","E","B",null],"character_chosen":"WATCHER","items_purchased":["FollowUp","Adaptation","AT_SilverBalance","PowerPotion"],"campfire_rested":3,"item_purchase_floors":[4,20,38,53],"current_hp_per_floor":[45,45,45,45,27,27,22,15,15,12,32,32,32,23,23,7,53,53,53,53,53,53,51,51,51,58,56,47,47,47,36,60,40,70,70,70,70,70,40,64,40,40,40,40,52,52,56,58,70,50,73,80,80,80,39],"gold":111,"neow_bonus":"BOSS_RELIC","is_daily":false,"chose_seed":false,"campfire_upgraded":5,"win_rate":0.0,"timestamp":1608903246,"path_taken":["M","?","M","$","M","R","E","?","T","?","R","M","?","M","R","BOSS","M","?","$","?","M","E","R","M","T","E","M","E","M","?","R","BOSS","M","?","M","$","M","R","M","E","T","?","R","M","M","E","R","BOSS","R","$","E","BOSS"],"items_purchased_type":["Card","Card","Relic","Potion"],"build_version":"2020-12-22","purchased_purges":3,"victory":true,"max_hp_per_floor":[68,68,68,68,68,68,68,68,68,68,68,68,68,68,68,68,68,68,68,68,68,68,68,68,68,75,75,75,75,75,80,80,80,80,80,80,80,80,80,80,80,80,80,80,80,80,80,80,80,80,80,80,80,80,80],"card_choices":[{"not_picked":["Protect","Halt","SignatureMove"],"picked":"SKIP","floor":1.0},{"not_picked":["CrushJoints","FlurryOfBlows"],"picked":"FearNoEvil","floor":3.0},{"not_picked":["EmptyBody","Halt","Prostrate"],"picked":"SKIP","floor":5.0},{"not_picked":["FollowUp","SpiritShield","Worship"],"picked":"SKIP","floor":7.0},{"not_picked":["Conclude","Weave","ThirdEye"],"picked":"SKIP","floor":12.0},{"not_picked":["Weave","ThirdEye"],"picked":"Conclude","floor":12.0},{"not_picked":["Consecrate","BowlingBash"],"picked":"ClearTheMind","floor":14.0},{"not_picked":["Blasphemy","AT_ChampionKick"],"picked":"Scrawl","floor":16.0},{"not_picked":["Consecrate","Prostrate","CrushJoints"],"picked":"SKIP","floor":18.0},{"not_picked":["Collect+1","FlurryOfBlows","ClearTheMind"],"picked":"SKIP","floor":22.0},{"not_picked":["Evaluate","Swivel+1","Perseverance"],"picked":"SKIP","floor":23.0},{"not_picked":["FollowUp","EmptyMind","JustLucky"],"picked":"SKIP","floor":25.0},{"not_picked":["FearNoEvil","Collect"],"picked":"Ragnarok","floor":27.0},{"not_picked":["Worship","EmptyFist","FollowUp"],"picked":"SKIP","floor":28.0},{"not_picked":["DeceiveReality+1","Worship+1"],"picked":"Pray+1","floor":29.0},{"not_picked":["EmptyBody+1","SignatureMove"],"picked":"Prostrate+1","floor":30.0},{"not_picked":["MasterReality","Blasphemy+1"],"picked":"LessonLearned","floor":33.0},{"not_picked":["AT_SoftenMuscles+1","Evaluate+1","Wireheading"],"picked":"SKIP","floor":35.0},{"not_picked":["AT_OneInchPunch","WreathOfFlame+1","Meditate+1"],"picked":"SKIP","floor":37.0},{"not_picked":["PathToVictory+1","EmptyFist"],"picked":"Prostrate+1","floor":39.0},{"not_picked":["Halt+1","BowlingBash","InnerPeace+1"],"picked":"SKIP","floor":39.0},{"not_picked":["SashWhip","Evaluate+1"],"picked":"Adaptation","floor":41.0},{"not_picked":["CutThroughFate","JustLucky","Conclude"],"picked":"SKIP","floor":41.0},{"not_picked":["Nirvana","Halt+1","WreathOfFlame+1"],"picked":"SKIP","floor":42.0},{"not_picked":["FollowUp","Sanctity+1"],"picked":"DeusExMachina+1","floor":46.0},{"not_picked":["Consecrate","FlyingSleeves","Halt+1"],"picked":"SKIP","floor":46.0},{"not_picked":["Prostrate+1","MentalFortress+1","ForeignInfluence+1"],"picked":"SKIP","floor":47.0},{"not_picked":["Protect+1","Prostrate+1","EmptyBody+1"],"picked":"SKIP","floor":47.0},{"not_picked":["Crescendo+1","FlyingSleeves","ReachHeaven","BowlingBash"],"picked":"SKIP","floor":48.0},{"not_picked":["ReachHeaven","EmptyMind+1","PathToVictory+1","FollowUp"],"picked":"SKIP","floor":54.0}],"player_experience":286227,"relics_obtained":[{"floor":0.0,"key":"AT_BellDemon"},{"floor":0.0,"key":"Kunai"},{"floor":0.0,"key":"Unceasing Top"},{"floor":1.0,"key":"AT_Kusabimaru"},{"floor":3.0,"key":"Damaru"},{"floor":5.0,"key":"AT_ChloranthyRing"},{"floor":7.0,"key":"AT_DeathDance"},{"floor":9.0,"key":"InkBottle"},{"floor":10.0,"key":"Odd Mushroom"},{"floor":12.0,"key":"Juzu Bracelet"},{"floor":14.0,"key":"AT_ArchangelStaff"},{"floor":19.0,"key":"Red Mask"},{"floor":19.0,"key":"TeardropLocket"},{"floor":22.0,"key":"StrikeDummy"},{"floor":23.0,"key":"Whetstone"},{"floor":26.0,"key":"Strawberry"},{"floor":27.0,"key":"Yang"},{"floor":28.0,"key":"Pantograph"},{"floor":29.0,"key":"Dream Catcher"},{"floor":29.0,"key":"Toxic Egg 2"},{"floor":30.0,"key":"War Paint"},{"floor":33.0,"key":"Boot"},{"floor":35.0,"key":"Ancient Tea Set"},{"floor":37.0,"key":"Prayer Wheel"},{"floor":41.0,"key":"Eternal Feather"},{"floor":42.0,"key":"Toy Ornithopter"},{"floor":42.0,"key":"Shuriken"},{"floor":46.0,"key":"Bird Faced Urn"},{"floor":47.0,"key":"Question Card"},{"floor":48.0,"key":"Gambling Chip"},{"floor":48.0,"key":"HornCleat"},{"floor":54.0,"key":"Bottled Tornado"},{"floor":54.0,"key":"Pen Nib"}],"event_choices":[{"cards_removed":["Defend_P"],"damage_healed":0.0,"max_hp_gain":0.0,"max_hp_loss":0.0,"gold_gain":0.0,"event_name":"Living Wall","player_choice":"Forget","floor":2.0,"gold_loss":0.0,"damage_taken":0.0},{"damage_healed":0.0,"max_hp_gain":0.0,"max_hp_loss":0.0,"gold_gain":75.0,"event_name":"World of Goop","player_choice":"Gather Gold","floor":8.0,"gold_loss":0.0,"damage_taken":11.0},{"damage_healed":0.0,"max_hp_gain":0.0,"max_hp_loss":0.0,"gold_gain":0.0,"event_name":"Mushrooms","player_choice":"Fought Mushrooms","floor":10.0,"gold_loss":0.0,"damage_taken":0.0},{"damage_healed":0.0,"max_hp_gain":0.0,"max_hp_loss":0.0,"gold_gain":0.0,"event_name":"Liars Game","player_choice":"Ignored","floor":13.0,"gold_loss":0.0,"damage_taken":0.0},{"damage_healed":0.0,"max_hp_gain":0.0,"max_hp_loss":0.0,"gold_gain":0.0,"event_name":"Masked Bandits","player_choice":"Fought Bandits","floor":19.0,"gold_loss":0.0,"damage_taken":0.0},{"cards_removed":["Defend_P"],"damage_healed":0.0,"max_hp_gain":0.0,"max_hp_loss":0.0,"gold_gain":0.0,"event_name":"Back to Basics","player_choice":"Elegance","floor":21.0,"gold_loss":0.0,"damage_taken":0.0},{"damage_healed":0.0,"max_hp_gain":5.0,"max_hp_loss":0.0,"gold_gain":0.0,"event_name":"Forgotten Altar","player_choice":"Shed Blood","floor":31.0,"gold_loss":0.0,"damage_taken":26.0},{"damage_healed":0.0,"max_hp_gain":0.0,"max_hp_loss":0.0,"gold_gain":0.0,"event_name":"SensoryStone","player_choice":"Memory 1","floor":36.0,"gold_loss":0.0,"damage_taken":0.0},{"damage_healed":0.0,"max_hp_gain":0.0,"max_hp_loss":0.0,"gold_gain":0.0,"event_name":"Accursed Blacksmith","player_choice":"Forge","floor":44.0,"gold_loss":0.0,"damage_taken":0.0,"cards_upgraded":["Adaptation"]}],"is_beta":false,"boss_relics":[{"not_picked":["Astrolabe","Tiny House"],"picked":"AT_MortalBlade"},{"not_picked":["Empty Cage","Velvet Choker"],"picked":"AT_TrinityForce"}],"items_purged_floors":[4,20,38],"is_endless":false,"potions_floor_spawned":[1,5,7,10,16,22,25,27,28,33,35,41,46,47,54],"ascension_level":17}}