{"host":"lsw2tgu9w6homel7","time":1608867409,"event":{"mods":["2.2 Compatiblity","AchievementEnabler","BaseMod","Colored Map","Colored Powertips","Minty Spire (QoL Compilation)","Rare Cards Sparkle","Replay The Spire","StSLib"],"gold_per_floor":[213,313,333,351,363,390,401,401,401,401,130,150,170,228,228,333,333,346,36,36,51,68,68,95,114,114,114,114],"floor_reached":27,"playtime":1311,"items_purged":[],"score":235,"play_id":"35112d95-4881-4fe4-9994-a52d1fcd00a4","local_time":"20201224223649","is_ascension_mode":false,"campfire_choices":[{"floor":8,"key":"REST"},{"floor":10,"key":"REST"},{"floor":15,"key":"REST"},{"data":"Tempest","floor":23,"key":"SMITH"}],"circlet_count":0,"master_deck":["Strike_B","Strike_B+1","Strike_B+1","Strike_B","Defend_B","Defend_B","Defend_B","Defend_B","Zap","Dualcast","Stack","Doom and Gloom","Barrage","Ball Lightning","Double Energy","Thunder Strike+1","Tempest+1","Storm","Steam","Echo Form","FTL","ReplayTheSpireMod:Calculation Training+1","Cold Snap+1","Pot Of Greed","Pot Of Greed","Consume","Pot Of Greed","Buffer"],"relics":["Cracked Core","Darkstone Periapt","FossilizedHelix","Lantern","Odd Mushroom","Calipers","ChewingGum","Happy Flower","Whetstone","Grinning Jar","Shuriken"],"acts_visited":["Exordium","TheCity"],"potions_floor_usage":[16,16],"damage_taken":[{"damage":2,"enemies":"2 Louse","floor":1,"turns":3},{"damage":0,"enemies":"Cultist","floor":3,"turns":3},{"damage":2,"enemies":"Small Slimes","floor":4,"turns":2},{"damage":8,"enemies":"Red Slaver","floor":5,"turns":3},{"damage":33,"enemies":"Lagavulin","floor":6,"turns":6},{"damage":7,"enemies":"2 Fungi Beasts","floor":7,"turns":2},{"damage":0,"enemies":"Exordium Wildlife","floor":12,"turns":3},{"damage":18,"enemies":"The Mushroom Lair","floor":13,"turns":4},{"damage":2,"enemies":"Lagavulin Event","floor":14,"turns":5},{"damage":47,"enemies":"The Guardian","floor":16,"turns":8},{"damage":0,"enemies":"Chosen","floor":18,"turns":3},{"damage":20,"enemies":"2 Thieves","floor":21,"turns":3},{"damage":7,"enemies":"Snake Plant","floor":22,"turns":3},{"damage":31,"enemies":"Gremlin Leader","floor":24,"turns":5},{"damage":10,"enemies":"Centurion and Healer","floor":25,"turns":4},{"damage":13,"enemies":"Cultist and Chosen","floor":27,"turns":3}],"seed_played":"-7763279996427458962","potions_obtained":[{"floor":1,"key":"Block Potion"},{"floor":7,"key":"Elixir"},{"floor":13,"key":"Energy Potion"},{"floor":18,"key":"SteroidPotion"},{"floor":21,"key":"Venom Potion"}],"is_trial":false,"path_per_floor":["M","?","M","M","M","E","M","R","T","R","$","M","?","?","R","B",null,"M","$","?","M","M","R","E","M","T","M"],"character_chosen":"DEFECT","items_purchased":["Lantern","Thunder Strike+1","Happy Flower","Whetstone"],"campfire_rested":3,"item_purchase_floors":[11,11,19,19],"current_hp_per_floor":[73,73,73,71,63,30,23,45,45,67,67,67,49,47,69,22,75,75,75,75,55,48,48,17,7,7,0,0],"gold":114,"neow_bonus":"HUNDRED_GOLD","is_daily":false,"chose_seed":false,"campfire_upgraded":1,"win_rate":0.0,"timestamp":1608867409,"path_taken":["M","?","M","M","M","E","?","R","T","R","$","M","?","?","R","BOSS","M","$","?","M","M","R","E","?","T","M"],"items_purchased_type":["Relic","Card","Relic","Relic"],"build_version":"2020-12-22","purchased_purges":0,"victory":false,"max_hp_per_floor":[75,75,75,75,75,75,75,75,75,75,75,75,75,75,75,75,75,75,75,75,75,75,75,75,75,75,75,75],"card_choices":[{"not_picked":["Go for the Eyes","Compile Driver"],"picked":"Stack","floor":1},{"not_picked":["Ball Lightning","Reinforced Body"],"picked":"Doom and Gloom","floor":3},{"not_picked":["Sweeping Beam","Stack"],"picked":"Cold Snap","floor":4},{"not_picked":["Undo","Auto Shields"],"picked":"Barrage","floor":5},{"not_picked":["Static Discharge","Steam"],"picked":"Ball Lightning","floor":6},{"not_picked":["Tempest","Rebound"],"picked":"Double Energy","floor":7},{"not_picked":["Barrage","Panic Button"],"picked":"Tempest","floor":12},{"not_picked":["Double Energy","ReplayTheSpireMod:Omega Cannon"],"picked":"Storm","floor":13},{"not_picked":["Stack","ReplayTheSpireMod:Repulse"],"picked":"Steam","floor":14},{"not_picked":["Fission","Reboot"],"picked":"Echo Form","floor":16},{"not_picked":["ReplayTheSpireMod:System Scan+1","Ball Lightning"],"picked":"FTL","floor":18},{"not_picked":["Ball Lightning","Conserve Battery"],"picked":"ReplayTheSpireMod:Calculation Training+1","floor":21},{"not_picked":["Compile Driver","Steam"],"picked":"Cold Snap+1","floor":22},{"not_picked":["Aggregate","Streamline"],"picked":"Consume","floor":24},{"not_picked":["Stack","Rebound+1"],"picked":"Buffer","floor":25}],"player_experience":65429,"relics_obtained":[{"floor":6,"key":"Darkstone Periapt"},{"floor":9,"key":"FossilizedHelix"},{"floor":13,"key":"Odd Mushroom"},{"floor":14,"key":"Calipers"},{"floor":24,"key":"Grinning Jar"},{"floor":26,"key":"Shuriken"}],"event_choices":[{"damage_healed":0,"gold_gain":100,"player_choice":"Pray","damage_taken":0,"max_hp_gain":0,"max_hp_loss":0,"event_name":"Golden Shrine","floor":2,"gold_loss":0},{"damage_healed":0,"gold_gain":0,"player_choice":"Fought Mushrooms","damage_taken":0,"max_hp_gain":0,"max_hp_loss":0,"event_name":"Mushrooms","floor":13,"gold_loss":0},{"damage_healed":0,"gold_gain":30,"player_choice":"Searched \u00272\u0027 times","damage_taken":0,"max_hp_gain":0,"max_hp_loss":0,"event_name":"Dead Adventurer","floor":14,"gold_loss":0},{"cards_removed":["Cold Snap"],"damage_healed":5,"gold_gain":0,"player_choice":"Offered Common","damage_taken":0,"max_hp_gain":0,"max_hp_loss":0,"event_name":"Bonfire Elementals","floor":20,"gold_loss":0},{"cards_removed":["Cold Snap"],"damage_healed":5,"gold_gain":0,"player_choice":"Offered Special","damage_taken":0,"max_hp_gain":0,"max_hp_loss":0,"event_name":"Bonfire Elementals","floor":20,"gold_loss":0}],"is_beta":false,"boss_relics":[{"not_picked":["FrozenCore","Astrolabe"],"picked":"ChewingGum"}],"items_purged_floors":[],"is_endless":false,"potions_floor_spawned":[1,7,13,14,18,21],"killed_by":"Cultist and Chosen","ascension_level":0}}