{"host":"0dvp4uxbao5ucv2j","time":1608917515,"event":{"mods":["AchievementEnabler","Aspiration","BaseMod","Beaked The Cultist","BetterRewards","DNKmod","DNKmod Update","Downfall","Friendly Minions","GifTheSpireLib","Hubris","Infinite Spire","Minty Spire (QoL Compilation)","Replay The Spire","StSLib","???Mod??????Boss"],"gold_per_floor":[9404,8645,8660,8660,8672,8672,8703,8703,8703,8732,8732,8732,7460,7474,7474,7572,7572,7588,7600,7350,7369,7380,7414,7414,7339,7339,6112,6112,5233,5233,5258,5258,5353,5353,5373,5384,5449,5465,5481,5481,4941,4978,5031,5044,5055,5075,5087,4987,4987,5091,9391,9399,9415,8623,8623,8636,8650,8650,8750,8750,8760,8768,8776,8776,8784,8784,8852,8902,8911,8911,8927,8368,8379,8397,8407,8407,8486,8486,8499,8512,8531,8531,8531,8600,8600,8609,7231,7234,7233,7233,7254,7266,7266,7289,7309,7315,7328,7328,7322,7322,7408,9391,9403,9403],"floor_reached":103,"playtime":6835,"items_purged":["Strike_P","Defend_P","Vigilance","Strike_P+1","SandsOfTime"],"score":2239,"play_id":"c8873508-cfd6-475c-bba2-3eba04e45007","local_time":"20201225183155","is_ascension_mode":false,"campfire_choices":[{"floor":6,"key":"RECALL"},{"data":"Mayhem","floor":8,"key":"SMITH"},{"data":"Eruption","floor":15,"key":"SMITH"},{"data":"infinitespire:Collect","floor":24,"key":"SMITH"},{"floor":28,"key":"REST"},{"data":"1","floor":30,"key":"LIFT"},{"data":"2","floor":32,"key":"LIFT"},{"data":"3","floor":40,"key":"LIFT"},{"data":"ReplayTheSpireMod:Brewmster","floor":49,"key":"SMITH"},{"data":"DevaForm","floor":58,"key":"SMITH"},{"data":"DevaForm","floor":64,"key":"SMITH"},{"data":"expansioncontent:DashGenerateEvil","floor":66,"key":"SMITH"},{"data":"hubris:Rewind","floor":76,"key":"SMITH"},{"floor":83,"key":"DIG"},{"data":"expansioncontent:QuickStudy","floor":93,"key":"SMITH"},{"data":"Ragnarok","floor":100,"key":"SMITH"}],"circlet_count":0,"master_deck":["Strike_P+1","Eruption+1","Halt+1","CutThroughFate","Mayhem+1","JustLucky","Halt+1","SignatureMove","expansioncontent:QuickStudy+1","Brilliance","hubris:Insight+1","Study","DevaForm+1","SashWhip+1","GremboGang","JustLucky+1","Vengeance","infinitespire:Collect+1","Halt+1","MasterReality","ReplayTheSpireMod:Brewmster+1","expansioncontent:Chronoboost","FollowUp","hubris:EnhanceAbility","Halt+1","DevaForm","FlyingSleeves+1","Wallop","Nirvana+1","TalkToTheHand+1","Tantrum","CutThroughFate","FollowUp","Swift Strike","Halt+1","Consecrate+1","CutThroughFate+1","CrushJoints","Replay:AllIn+1","BowlingBash","CutThroughFate","expansioncontent:DashGenerateEvil+1","FollowUp","Adaptation","ReplayTheSpireMod:Doomed","CarveReality","JustLucky","CutThroughFate+1","DevaForm+1","Crescendo","hubris:Rewind+1","Ragnarok+1","WheelKick","hubris:Envy","FollowUp","WheelKick","FlyingSleeves","Omniscience+1","Consecrate+1","Consecrate","FollowUp","BattleHymn","Weave+1","Strike_P+1","Replay:AllIn+1"],"relics":["PureWater","Nunchaku","Bronze Scales","Whetstone","hubris:EmptyBottle","aspiration:DSix","hubris:OldNail","Chameleon Ring","hubris:Icosahedron","Dream Catcher","Frozen Eye","Bottled Tornado","Replay:Drink Me","ReplayFunnel","Kunai","Turnip","hubris:PeanutButter","BargainBundle","Shuriken","Girya","hubris:Zylophone","aspiration:PoetsPen_weak","Replay:Lucky Slots","Lantern","Bird Faced Urn","Painkiller Herb","aspiration:Lifesprig","OrangePellets","Anchor","ReplayTheSpireMod:Ring of Collecting","Ring of Misfortune","hubris:ToyBattleship","Ring of Fury","Pen Nib","Tiny House","hubris:SphereOfDissonance","Chemical X","Regal Pillow","Singing Bowl","hubris:SlimyHat","Ring of Panic","Replay:Bottled Flurry","The Courier","HandDrill","Replay:Bottled Eggs","Replay:Mystery Machine","Golden Egg","infinitespire:Joker Card","Centennial Puzzle","Toy Ornithopter","Potion Belt","Snecko Eye","Pet Ghost","infinitespire:FocusingShard","Omamori","Iron Hammer","aspiration:ChemicalBlood","War Paint","ReplayTheSpireMod:TigerMarble","infinitespire:Lucky Rock","Boot","Bag of Preparation","TungstenRod","BranchBurnRelic","ReplayTheSpireMod:Ring of Addiction","Replay:Rubber Ducky","SacredBark","White Beast Statue","infinitespire:Beetle Shell","Black Star","DollysMirror","Runic Dome"],"acts_visited":["Exordium","TheCity","TheBeyond","Exordium","TheCity","TheBeyond","Exordium"],"potions_floor_usage":[16,23,31,31,31,31,31,33,33,33,33,35,35,38,42,44,44,46,46,50,50,50,50,50,67,67,73,81,81,84,84,84,95,97,97,99,99,101,101],"damage_taken":[{"damage":4,"enemies":"infinitespire:Voidling","floor":1,"turns":3},{"damage":0,"enemies":"Cultist","floor":3,"turns":3},{"damage":4,"enemies":"2 Louse","floor":5,"turns":2},{"damage":5,"enemies":"Lagavulin","floor":7,"turns":7},{"damage":19,"enemies":"Gremlin Nob","floor":10,"turns":4},{"damage":0,"enemies":"Large Slime","floor":14,"turns":3},{"damage":0,"enemies":"Fading Forest","floor":16,"turns":9},{"damage":0,"enemies":"Spheric Guardian","floor":18,"turns":3},{"damage":0,"enemies":"Shell Parasite","floor":19,"turns":3},{"damage":0,"enemies":"Snecko","floor":21,"turns":2},{"damage":0,"enemies":"Centurion and Healer","floor":22,"turns":3},{"damage":32,"enemies":"Nightmare","floor":23,"turns":6},{"damage":0,"enemies":"Slavers","floor":31,"turns":3},{"damage":0,"enemies":"Automaton","floor":33,"turns":4},{"damage":0,"enemies":"Orb Walker","floor":35,"turns":2},{"damage":3,"enemies":"3 Shapes","floor":36,"turns":3},{"damage":0,"enemies":"3 Darklings","floor":38,"turns":3},{"damage":0,"enemies":"Jaw Worm Horde","floor":39,"turns":3},{"damage":0,"enemies":"R_Hoarder","floor":42,"turns":3},{"damage":3,"enemies":"Sphere and 2 Shapes","floor":44,"turns":3},{"damage":6,"enemies":"3 Darklings","floor":45,"turns":2},{"damage":0,"enemies":"Transient","floor":46,"turns":4},{"damage":4,"enemies":"Sphere and 2 Shapes","floor":47,"turns":2},{"damage":0,"enemies":"Replay:Hell Engine","floor":50,"turns":2},{"damage":7,"enemies":"Jaw Worm","floor":52,"turns":2},{"damage":0,"enemies":"2 Louse","floor":53,"turns":1},{"damage":0,"enemies":"Small Slimes","floor":56,"turns":1},{"damage":0,"enemies":"Lagavulin","floor":57,"turns":2},{"damage":0,"enemies":"3 Louse","floor":61,"turns":1},{"damage":0,"enemies":"Exordium Wildlife","floor":62,"turns":1},{"damage":0,"enemies":"Blue Slaver","floor":63,"turns":1},{"damage":0,"enemies":"Exordium Thugs","floor":65,"turns":1},{"damage":0,"enemies":"Fading Forest","floor":67,"turns":2},{"damage":0,"enemies":"Spheric Guardian","floor":69,"turns":1},{"damage":0,"enemies":"Shell Parasite","floor":71,"turns":1},{"damage":0,"enemies":"Centurion and Healer","floor":73,"turns":1},{"damage":0,"enemies":"Gremlin Leader","floor":74,"turns":2},{"damage":0,"enemies":"Shelled Parasite and Fungi","floor":75,"turns":1},{"damage":0,"enemies":"Snake Plant","floor":79,"turns":1},{"damage":0,"enemies":"Snecko","floor":80,"turns":1},{"damage":0,"enemies":"Book of Stabbing","floor":81,"turns":1},{"damage":0,"enemies":"hubris:MusketHawk","floor":84,"turns":2},{"damage":0,"enemies":"3 Darklings","floor":86,"turns":1},{"damage":0,"enemies":"3 Shapes","floor":88,"turns":1},{"damage":0,"enemies":"Writhing Mass","floor":89,"turns":1},{"damage":0,"enemies":"Reptomancer","floor":91,"turns":1},{"damage":0,"enemies":"Spire Growth","floor":92,"turns":1},{"damage":0,"enemies":"Giant Head","floor":95,"turns":2},{"damage":0,"enemies":"Transient","floor":96,"turns":1},{"damage":0,"enemies":"Sphere and 2 Shapes","floor":97,"turns":1},{"damage":0,"enemies":"Writhing Mass","floor":99,"turns":1},{"damage":0,"enemies":"Time Eater","floor":101,"turns":2},{"damage":0,"enemies":"Jaw Worm","floor":103,"turns":1}],"seed_played":"-1222581231023659691","potions_obtained":[{"floor":1,"key":"Swift Potion"},{"floor":10,"key":"LiquidBronze"},{"floor":16,"key":"Block Potion"},{"floor":18,"key":"BottledMiracle"},{"floor":33,"key":"sneckomod:MuddlingPotion"},{"floor":35,"key":"Block Potion"},{"floor":47,"key":"Block Potion"},{"floor":52,"key":"infinitespire:BlackPotion"},{"floor":67,"key":"LiquidBronze"},{"floor":68,"key":"Guardian:BlockOnCardUsePotion"},{"floor":71,"key":"BlessingOfTheForge"},{"floor":74,"key":"BlessingOfTheForge"},{"floor":81,"key":"SpeedPotion"},{"floor":91,"key":"Swift Potion"},{"floor":95,"key":"Venom Potion"},{"floor":97,"key":"GamblersBrew"},{"floor":99,"key":"PowerPotion"},{"floor":101,"key":"AttackPotion"}],"is_trial":false,"path_per_floor":["M","$","M","T","M","R","E","R","T","E","?","?","$","M","R","B",null,"M","M","?","M","M","NM","R","?","T","$","R","$","R","E","R","B",null,"M","M","?","M","M","R","$","E","T","M","M","M","M","NS","R","B",null,"?","?","T","?","?","E","T","?","T","?","?","?","T","?","T","B",null,"?","?","?","T","?","E","?","T","T","?","?","?","E","T","T","B",null,"?","T","?","?","?","E","?","T","T","E","?","?","AVR","?","T","B",null,"?"],"character_chosen":"WATCHER","items_purchased":["Bronze Scales","CutThroughFate","Mayhem","Whetstone","hubris:EmptyBottle","Dream Catcher","Frozen Eye","Bottled Tornado","expansioncontent:QuickStudy","Brilliance","hubris:Insight","Ambrosia","CultistPotion","Dexterity Potion","Turnip","hubris:PeanutButter","MasterReality","ReplayTheSpireMod:Brewmster","expansioncontent:Chronoboost","WaveOfTheHand+1","BargainBundle","Shuriken","Girya","SandsOfTime","FollowUp","hubris:EnhanceAbility","Replay:Lucky Slots","CutThroughFate","FollowUp","Swift Strike","aspiration:Lifesprig","OrangePellets","Anchor","expansioncontent:DashGenerateEvil","FollowUp","Adaptation","Energy Potion","Chemical X","Regal Pillow","Singing Bowl","HandDrill","Replay:Bottled Eggs","Replay:Mystery Machine","Golden Egg","infinitespire:Joker Card","Centennial Puzzle","Toy Ornithopter","Potion Belt","Adrenaline Potion","BottledMiracle","Pet Ghost","infinitespire:FocusingShard","Omamori","Iron Hammer","aspiration:ChemicalBlood","War Paint","ReplayTheSpireMod:TigerMarble","infinitespire:Lucky Rock","Boot","Bag of Preparation"],"campfire_rested":1,"item_purchase_floors":[2,2,2,2,2,13,13,13,13,13,13,13,13,27,27,27,27,27,27,27,29,29,29,29,29,29,41,41,41,41,54,54,54,54,54,54,54,72,72,72,82,82,82,82,82,82,82,82,82,82,87,87,87,87,87,87,87,87,87,87],"current_hp_per_floor":[100,100,100,100,96,96,91,91,91,72,72,72,72,72,72,72,75,75,75,75,75,75,43,43,43,43,43,65,65,65,65,65,65,75,75,72,54,54,54,54,54,54,54,73,71,75,74,74,74,75,100,93,93,93,93,93,100,100,100,100,100,100,100,100,100,100,100,105,105,105,105,105,105,105,105,105,105,115,115,117,119,11,11,34,119,119,119,121,121,115,117,119,119,119,119,119,119,119,121,121,121,100,102,102],"gold":9403,"neow_bonus":"RANDOM_COMMON_RELIC","is_daily":false,"chose_seed":false,"campfire_upgraded":10,"win_rate":0.0,"timestamp":1608917515,"path_taken":["M","$","?","?","M","R","E","R","T","E","?","?","$","M","R","BOSS","M","M","?","M","M","NM","R","?","T","$","R","$","R","E","R","BOSS","M","M","?","M","?","R","$","E","T","M","M","M","M","NS","R","BOSS","?","?","T","?","?","E","T","?","T","?","?","?","T","?","T","BOSS","?","?","?","T","?","E","?","T","T","?","?","?","E","?","T","BOSS","?","T","?","?","?","E","?","T","T","E","?","?","AVR","?","T","BOSS","?"],"items_purchased_type":["Relic","Card","Card","Relic","Relic","Relic","Relic","Relic","Card","Card","Card","Potion","Potion","Potion","Relic","Relic","Card","Card","Card","Card","Relic","Relic","Relic","Card","Card","Card","Relic","Card","Card","Card","Relic","Relic","Relic","Card","Card","Card","Potion","Relic","Relic","Relic","Relic","Relic","Relic","Relic","Relic","Relic","Relic","Relic","Potion","Potion","Relic","Relic","Relic","Relic","Relic","Relic","Relic","Relic","Relic","Relic"],"build_version":"2020-12-22","purchased_purges":5,"victory":false,"max_hp_per_floor":[100,100,100,100,100,100,100,100,100,100,100,100,100,100,100,100,75,75,75,75,75,75,75,75,75,75,75,75,75,75,75,75,75,75,75,75,75,75,75,75,75,75,75,75,75,75,75,75,75,75,100,100,100,100,100,100,100,100,100,100,100,100,100,100,100,100,100,105,105,105,105,105,105,105,105,105,105,115,115,117,119,119,119,119,119,119,119,121,121,115,117,119,119,119,119,119,119,119,121,121,121,100,102,102],"card_choices":[{"not_picked":["WindmillStrike","ThirdEye"],"picked":"Halt","floor":1},{"not_picked":["FlurryOfBlows","Evaluate"],"picked":"JustLucky","floor":3},{"not_picked":["Replay:ManipulateFuture","Pray"],"picked":"Halt","floor":5},{"not_picked":["Protect","ClearTheMind"],"picked":"SignatureMove","floor":7},{"not_picked":["ReachHeaven","Fasting2"],"picked":"Crescendo","floor":10},{"not_picked":["ThirdEye","Sanctity"],"picked":"Study","floor":14},{"not_picked":["Ragnarok","DeusExMachina"],"picked":"DevaForm","floor":16},{"not_picked":["Replay:Vibes","Protect","Crescendo"],"picked":"SKIP","floor":18},{"not_picked":["Protect","Sanctity"],"picked":"SashWhip+1","floor":19},{"not_picked":["ThirdEye","WaveOfTheHand"],"picked":"JustLucky+1","floor":21},{"not_picked":["FearNoEvil","JustLucky"],"picked":"Vengeance","floor":22},{"not_picked":["infinitespire:Starlight","ReplayTheSpireMod:Haul"],"picked":"infinitespire:Collect","floor":23},{"not_picked":["EmptyFist","LessonLearned"],"picked":"Halt","floor":23},{"not_picked":["Crescendo","Replay:ManipulateFuture"],"picked":"Halt","floor":31},{"not_picked":["Replay:LoomingThreat","Brilliance"],"picked":"DevaForm","floor":33},{"not_picked":["ThirdEye","JustLucky"],"picked":"FlyingSleeves+1","floor":35},{"not_picked":["PathToVictory+1","Replay:BluntJabs+1"],"picked":"Wallop","floor":36},{"not_picked":["Halt","ThirdEye"],"picked":"Nirvana+1","floor":37},{"not_picked":["SandsOfTime","CutThroughFate"],"picked":"TalkToTheHand+1","floor":38},{"not_picked":["Consecrate+1","Protect"],"picked":"Tantrum","floor":39},{"not_picked":["Protect+1","Evaluate+1"],"picked":"Halt","floor":42},{"not_picked":["CrushJoints+1","Evaluate"],"picked":"Consecrate+1","floor":44},{"not_picked":["LikeWater","MasterReality","EmptyBody+1"],"picked":"SKIP","floor":45},{"not_picked":["EmptyBody+1","EmptyFist"],"picked":"CutThroughFate+1","floor":46},{"not_picked":["Collect","Crescendo"],"picked":"CrushJoints","floor":47},{"not_picked":["LessonLearned","DeusExMachina"],"picked":"Replay:AllIn","floor":50},{"not_picked":["CrushJoints","Indignation"],"picked":"BowlingBash","floor":52},{"not_picked":["Meditate","ClearTheMind"],"picked":"CutThroughFate","floor":53},{"not_picked":["DeceiveReality","LikeWater"],"picked":"CarveReality","floor":56},{"not_picked":["Adaptation","FlurryOfBlows"],"picked":"JustLucky","floor":57},{"not_picked":["Collect","Replay:Vibes","Protect"],"picked":"SKIP","floor":61},{"not_picked":["ThirdEye","PathToVictory"],"picked":"CutThroughFate","floor":62},{"not_picked":["CrushJoints","Protect"],"picked":"DevaForm","floor":63},{"not_picked":["JustLucky","EmptyFist"],"picked":"Crescendo","floor":65},{"not_picked":["infinitespire:TheBestDefense","infinitespire:DeathsTouch"],"picked":"hubris:Rewind","floor":67},{"not_picked":["Scrawl","Judgement"],"picked":"Ragnarok","floor":67},{"not_picked":["FlurryOfBlows","PathToVictory+1"],"picked":"WheelKick","floor":69},{"not_picked":["Protect","EmptyMind","Perseverance"],"picked":"SKIP","floor":71},{"not_picked":["DeceiveReality","Study+1"],"picked":"ConjureBlade","floor":73},{"not_picked":["EmptyMind+1","Halt"],"picked":"FollowUp","floor":74},{"not_picked":["Halt","FollowUp"],"picked":"WheelKick","floor":75},{"not_picked":["PathToVictory","BowlingBash"],"picked":"FlyingSleeves","floor":79},{"not_picked":["Replay:AtTheReady","BowlingBash","EmptyBody+1"],"picked":"Singing Bowl","floor":80},{"not_picked":["EmptyFist","FlyingSleeves","ReachHeaven"],"picked":"Singing Bowl","floor":81},{"not_picked":["Judgement","Vault"],"picked":"Omniscience","floor":84},{"not_picked":["CarveReality","CutThroughFate"],"picked":"Consecrate+1","floor":86},{"not_picked":["Worship","Crescendo","Replay:BluntJabs+1"],"picked":"Singing Bowl","floor":88},{"not_picked":["Meditate","Replay:ManipulateFuture+1"],"picked":"Consecrate","floor":89},{"not_picked":["Conclude+1","LikeWater+1","Replay:LoomingThreat"],"picked":"Singing Bowl","floor":91},{"not_picked":["Sanctity+1","BowlingBash+1","SignatureMove+1"],"picked":"Singing Bowl","floor":92},{"not_picked":["BowlingBash+1","Replay:Battleflow+1"],"picked":"FollowUp","floor":95},{"not_picked":["PathToVictory+1","Halt+1"],"picked":"BattleHymn","floor":96},{"not_picked":["Pray+1","BowlingBash"],"picked":"Weave+1","floor":97},{"not_picked":["Replay:BluntJabs","FlurryOfBlows","Perseverance"],"picked":"Singing Bowl","floor":99},{"not_picked":["MasterReality","Scrawl"],"picked":"Replay:AllIn","floor":101},{"not_picked":["Replay:ManipulateFuture","ThirdEye","ClearTheMind"],"picked":"Singing Bowl","floor":103}],"player_experience":98429,"relics_obtained":[{"floor":7,"key":"aspiration:DSix"},{"floor":9,"key":"hubris:OldNail"},{"floor":10,"key":"Chameleon Ring"},{"floor":23,"key":"ReplayFunnel"},{"floor":26,"key":"Kunai"},{"floor":31,"key":"hubris:Zylophone"},{"floor":42,"key":"Lantern"},{"floor":43,"key":"Bird Faced Urn"},{"floor":55,"key":"ReplayTheSpireMod:Ring of Collecting"},{"floor":55,"key":"Ring of Misfortune"},{"floor":57,"key":"hubris:ToyBattleship"},{"floor":60,"key":"Ring of Fury"},{"floor":60,"key":"Pen Nib"},{"floor":74,"key":"hubris:SlimyHat"},{"floor":77,"key":"Ring of Panic"},{"floor":77,"key":"Replay:Bottled Flurry"},{"floor":81,"key":"The Courier"},{"floor":83,"key":"Dead Branch"},{"floor":91,"key":"TungstenRod"},{"floor":94,"key":"ReplayTheSpireMod:Ring of Addiction"},{"floor":94,"key":"Replay:Rubber Ducky"},{"floor":94,"key":"SacredBark"},{"floor":94,"key":"White Beast Statue"},{"floor":95,"key":"infinitespire:Beetle Shell"}],"event_choices":[{"cards_removed":["Strike_P"],"damage_healed":0,"gold_gain":0,"player_choice":"Gave Gold","damage_taken":0,"max_hp_gain":0,"max_hp_loss":0,"event_name":"Beggar","floor":25,"gold_loss":75},{"damage_healed":0,"gold_gain":100,"player_choice":"Gold","damage_taken":0,"max_hp_gain":0,"max_hp_loss":0,"event_name":"Wheel of Change","floor":59,"gold_loss":0},{"cards_removed":["ConjureBlade"],"damage_healed":0,"gold_gain":0,"player_choice":"Offered Rare","damage_taken":0,"max_hp_gain":10,"max_hp_loss":0,"event_name":"Bonfire Elementals","floor":78,"gold_loss":0},{"damage_healed":0,"gold_gain":0,"player_choice":"Max HP","damage_taken":0,"max_hp_gain":0,"max_hp_loss":6,"event_name":"Winding Halls","floor":90,"gold_loss":0}],"is_beta":false,"boss_relics":[{"not_picked":["Replay:Bronze Core","hubris:Stopwatch"],"picked":"Replay:Drink Me"},{"not_picked":["aspiration:RunicSpoon","Cursed Key"],"picked":"aspiration:PoetsPen_weak"},{"not_picked":["hubris:Backtick","hubris:RunicObelisk"],"picked":"Painkiller Herb"},{"not_picked":["hubris:CrackedHourglass","hubris:VirtuousBlindfold"],"picked":"Tiny House"},{"not_picked":["aspiration:BeakedSkillbook","hubris:Stopwatch"],"picked":"Snecko Eye"},{"not_picked":["hubris:Backtick","Pandora\u0027s Box"],"picked":"Runic Dome"}],"items_purged_floors":[2,13,27,29,41],"is_endless":true,"potions_floor_spawned":[1,10,16,18,19,33,35,42,44,45,47,52,57,62,63,65,67,71,74,80,81,91,95,96,97,99,101,103],"killed_by":"Jaw Worm","ascension_level":0}}