{"host":"mq7pyadb5kndcn8l","time":1608884006,"event":{"mods":["AchievementEnabler","Aspiration","BaseMod","Better Altar","Better Match","Better Note","Better Sensory Stone","Better Skull","Better Third Choice","BetterRewards","Block Reminder","CCEM","Challenge The Spire","ChefMod","Colored Map","Colored Powertips","Conspire","Defuse TimeMaze Blight","Dio Mod","Displayed Cursed Tome","Dota2Spire","Duelist Mod","Energized Spire","Friendly Minions","GifTheSpireLib","Gremlin Skip","Highlight Path","Hubris","Ironclad Rager","Jedi Mod","Mad Scientist","Marked Mod","Mimic Mod","Minty Spire (QoL Compilation)","Permanent Neow","QueenMod","Quick Restart","Random Character Button","Rare Cards Sparkle","Relic Filter","Relic Sorter","Replay The Spire","Reworked Bosses","Shade Mod","Shop Mod","Spicy Shops","Spikes Relics","StSLib","Stuff the Spire","SuperFastMode","The Blue Laboratory","The Death Knight","The Exalted","The Necromancer","The Poker Player","TheBandit","Thieving Mod","Thrall Mod","Trackpad","Transform Curses","Unceasing Turn Reminder","Wandering Minibosses","vexMod"],"gold_per_floor":[109,109,109,123,137,170,170,182,182,182,182,199,199,254,254,375,375,388,388,388,602,622,660,170,170,219,219,253,207,222,14,14,135,135,148,51,866,891,102,102,27,27,77,77,77,91,91,131,131,131,131,131,49,85,85],"floor_reached":56,"playtime":3175,"items_purged":["Injury","DeathKnight:Strike_DeathKnight","DeathKnight:RuneTap","Pain","conspire:GhostlyDefend","conspire:GhostlyDefend"],"score":1786,"play_id":"f8e5829b-5e4d-420e-b6a1-3323d35d47b3","local_time":"20201225031326","is_ascension_mode":false,"campfire_choices":[{"data":"DeathKnight:DarkSuccor","floor":11,"key":"SMITH"},{"data":"conspire:GhostlyStrike","floor":15,"key":"PURGE"},{"data":"DeathKnight:DarkSuccor","floor":25,"key":"SMITH"},{"data":"DeathKnight:UnholyExperiment","floor":27,"key":"SMITH"},{"data":"DeathKnight:MutagenicPlague","floor":32,"key":"SMITH"},{"data":"DeathKnight:UnholyPresence","floor":40,"key":"SMITH"},{"data":"DeathKnight:RaiseAlly","floor":42,"key":"SMITH"},{"floor":45,"key":"RECALL"},{"data":"DeathKnight:PlagueStrike","floor":47,"key":"SMITH"},{"data":"DeathKnight:Runesurge","floor":52,"key":"SMITH"}],"circlet_count":0,"master_deck":["conspire:GhostlyDefend","conspire:GhostlyDefend+1","conspire:GhostlyDefend","DeathKnight:RuneStrike+1","DeathKnight:MutagenicPlague+1","DeathKnight:PlagueStrike+1","DeathKnight:MutagenicPlague+1","DeathKnight:DarkSuccor+1","DeathKnight:Hysteria+1","DeathKnight:UnholyExperiment+1","DeathKnight:ScourgeStrike","DeathKnight:GargoyleSkin+1","DeathKnight:DarkSuccor+1","DeathKnight:AntiMagicShell","DeathKnight:RaiseAlly+1","DeathKnight:UnholyPresence+1","DeathKnight:GargoyleSkin+1","DeathKnight:Outbreak+1","DeathKnight:DarkSuccor+1","DeathKnight:Runesurge+1","DeathKnight:FesteringStrike+1"],"relics":["DeathKnight:BrokenRuneblade","Dota2Spire:DrumOfEndurance","Lizard Tail","MerchantsRug","Dota2Spire:Vanguard","vexMod:PlasmaPancake","MiniBlackHole","Dota2Spire:Mjollnir","Replay:Rubber Ducky","StuffTheSpire:MayFlowers","Incense Burner","Golden Idol","jedi:crownofsimplicity","energizedSpire:DeadBattery","vexMod:FocusSash","SpikesRelics:DaevaFist","Turnip","jedi:arcanewood","DeathKnight:SylvanasMusicBox","trackpad:StolenKidneys","wanderingMiniBosses:MasterThiefsPresence","Chemical X","Dota2Spire:EtherealBlade","Replay:Bottled Flurry","hubris:Metronome","ReplayFunnel","Unceasing Top"],"acts_visited":["Exordium","TheCity","TheBeyond","TheEnding"],"potions_floor_usage":[6,23,23,29,29,29,29,33,33,38,55,55],"damage_taken":[{"damage":0,"enemies":"Small Slimes","floor":1,"turns":1},{"damage":0,"enemies":"Jaw Worm","floor":4,"turns":2},{"damage":0,"enemies":"conspire:RoseBush","floor":5,"turns":1},{"damage":4,"enemies":"Lagavulin","floor":6,"turns":4},{"damage":0,"enemies":"2 Fungi Beasts","floor":8,"turns":2},{"damage":0,"enemies":"Large Slime","floor":12,"turns":13},{"damage":1,"enemies":"Slime Boss","floor":16,"turns":7},{"damage":0,"enemies":"Chosen","floor":18,"turns":3},{"damage":0,"enemies":"Shell Parasite","floor":22,"turns":3},{"damage":4,"enemies":"theDuelist:KaibaA2","floor":23,"turns":4},{"damage":0,"enemies":"Replay:Snechameleon","floor":28,"turns":5},{"damage":9,"enemies":"Cultist and Chosen","floor":29,"turns":6},{"damage":0,"enemies":"conspire:HollyBat","floor":30,"turns":5},{"damage":1,"enemies":"Pondfish","floor":33,"turns":6},{"damage":0,"enemies":"3 Darklings","floor":35,"turns":4},{"damage":0,"enemies":"3 Shapes","floor":37,"turns":6},{"damage":0,"enemies":"Sphere and 2 Shapes","floor":38,"turns":6},{"damage":0,"enemies":"Transient","floor":43,"turns":5},{"damage":0,"enemies":"Transient","floor":46,"turns":5},{"damage":0,"enemies":"R_Hoarder","floor":48,"turns":6},{"damage":0,"enemies":"hubris:GrandSnecko","floor":50,"turns":5},{"damage":4,"enemies":"Shield and Spear","floor":54,"turns":6},{"damage":15,"enemies":"The Heart","floor":55,"turns":7}],"seed_played":"-5970129817938589285","potions_obtained":[{"floor":1,"key":"blueLaboratory:HorrorPotion"},{"floor":4,"key":"blueLaboratory:Moonshine"},{"floor":22,"key":"blueLaboratory:RememoryPotion"},{"floor":23,"key":"Fruit Juice"}],"is_trial":false,"path_per_floor":["M","?","?","M","M","E","?","M","T","?","R","M","?","T","R_BF","B",null,"M","?","?","?","M","E","$","R","T","R","E","M","M","$","R","B",null,"M","$","M","M","$","R","?","R","MIM","T","R","M","R","E","R_BF","B",null,"R","$","E","B",null],"character_chosen":"DEATH_KNIGHT","items_purchased":["DeathKnight:MutagenicPlague+1","Lizard Tail","MerchantsRug","CCEMRelics:WrappedPresent","Dota2Spire:Vanguard","vexMod:PlasmaPancake","DeathKnight:PlagueStrike","DeathKnight:DarkSuccor","Turnip","Dota2Spire:DrumOfEndurance","DeathKnight:UnholyPresence","DeathKnight:GargoyleSkin+1","Chemical X","Dota2Spire:EtherealBlade","ReplayFunnel"],"campfire_rested":0,"item_purchase_floors":[0,0,0,0,0,0,0,24,24,31,36,36,39,39,53],"current_hp_per_floor":[46,43,27,27,27,23,23,23,23,23,23,29,29,29,29,34,75,75,75,75,30,30,31,31,31,31,31,34,30,33,33,33,35,80,80,80,80,80,80,80,80,80,80,80,80,80,80,80,80,80,80,80,80,80,71],"gold":85,"neow_bonus":"","is_daily":false,"chose_seed":false,"campfire_upgraded":8,"win_rate":0.0,"timestamp":1608884006,"path_taken":["M","?","?","?","M","E","?","M","T","?","R","M","?","?","R_BF","BOSS","M","?","?","?","M","E","$","R","T","R","E","M","M","$","R","BOSS","M","$","M","?","?","R","?","R","MIM","?","R","M","?","E","R_BF","BOSS","R","$","E","BOSS"],"items_purchased_type":["Card","Relic","Relic","Relic","Relic","Relic","Card","Card","Relic","Relic","Card","Card","Relic","Relic","Relic"],"build_version":"2020-12-22","purchased_purges":6,"victory":true,"max_hp_per_floor":[81,81,81,81,81,81,81,81,81,81,81,81,75,75,75,75,75,75,75,75,75,75,80,80,80,80,80,80,80,80,80,80,80,80,80,80,80,80,80,80,80,80,80,80,80,80,80,80,80,80,80,80,80,80,80],"card_choices":[{"not_picked":["DeathKnight:Parry","DeathKnight:RunicCorruption"],"picked":"DeathKnight:MutagenicPlague","floor":1},{"not_picked":["DeathKnight:BladedArmor","DeathKnight:BludPresence"],"picked":"DeathKnight:DarkSuccor","floor":4},{"not_picked":["DeathKnight:RunicCorruption","DeathKnight:BloodPact","DeathKnight:HowlingBlast"],"picked":"SKIP","floor":5},{"not_picked":["DeathKnight:ShatteringStrikes","DeathKnight:Parry","DeathKnight:BloodBoil"],"picked":"SKIP","floor":6},{"not_picked":["DeathKnight:UnholyFrenzy","DeathKnight:Frostscythe"],"picked":"DeathKnight:Hysteria","floor":8},{"not_picked":["DeathKnight:DeathRune","DeathKnight:DeathAndDecay","DeathKnight:Marrowrend"],"picked":"SKIP","floor":12},{"not_picked":["DeathKnight:ReapingStrike","DeathKnight:RunicDetonation"],"picked":"DeathKnight:UnholyExperiment","floor":16},{"not_picked":["DeathKnight:FrostStrike+1","DeathKnight:Lichborne"],"picked":"DeathKnight:ScourgeStrike","floor":18},{"not_picked":["DeathKnight:BoneSpear","DeathKnight:MindFreeze","DeathKnight:BladedArmor"],"picked":"SKIP","floor":22},{"not_picked":["DeathKnight:UnholyAssault","DeathKnight:DeathAndDecay"],"picked":"DeathKnight:GargoyleSkin+1","floor":23},{"not_picked":["DeathKnight:DeathStrike+1","DeathKnight:IceboundArmor","DeathKnight:ShatteringStrikes"],"picked":"SKIP","floor":28},{"not_picked":["DeathKnight:DeathStrike","DeathKnight:PillarOfFrost+1"],"picked":"DeathKnight:AntiMagicShell","floor":29},{"not_picked":["DeathKnight:RunicCorruption","DeathKnight:PlagueStrike+1"],"picked":"DeathKnight:RaiseAlly","floor":30},{"not_picked":["DeathKnight:HornOfWinter","DeathKnight:PlagueStrike+1","DeathKnight:BladedArmor"],"picked":"SKIP","floor":35},{"not_picked":["DeathKnight:FrosPresence","DeathKnight:UnholyAssault","DeathKnight:BloodStrike"],"picked":"SKIP","floor":37},{"not_picked":["DeathKnight:FrosPresence","DeathKnight:UnholyAssault","DeathKnight:BloodStrike"],"picked":"SKIP","floor":37},{"not_picked":["DeathKnight:DeathStrike+1","DeathKnight:MindFreeze","DeathKnight:Hemostasis"],"picked":"SKIP","floor":38},{"not_picked":["DeathKnight:VampiricBlood","DeathKnight:MarkOfBlood"],"picked":"DeathKnight:Outbreak+1","floor":41},{"not_picked":["DeathKnight:RunicCorruption","DeathKnight:Obliterate+1"],"picked":"DeathKnight:DarkSuccor+1","floor":43},{"not_picked":["DeathKnight:IceboundArmor","DeathKnight:HowlingBlast+1","DeathKnight:DeathGrip"],"picked":"SKIP","floor":46},{"not_picked":["DeathKnight:RunicCorruption+1","DeathKnight:FrosPresence"],"picked":"DeathKnight:Runesurge","floor":48},{"not_picked":["DeathKnight:Pestilence+1","DeathKnight:Ossuary+1"],"picked":"DeathKnight:FesteringStrike+1","floor":54}],"player_experience":894838,"relics_obtained":[{"floor":0,"key":"MiniBlackHole"},{"floor":0,"key":"Dota2Spire:Mjollnir"},{"floor":6,"key":"StuffTheSpire:MayFlowers"},{"floor":9,"key":"Incense Burner"},{"floor":14,"key":"jedi:crownofsimplicity"},{"floor":23,"key":"SpikesRelics:DaevaFist"},{"floor":26,"key":"jedi:arcanewood"},{"floor":28,"key":"DeathKnight:SylvanasMusicBox"},{"floor":37,"key":"wanderingMiniBosses:MasterThiefsPresence"},{"floor":44,"key":"Replay:Bottled Flurry"},{"floor":48,"key":"hubris:Metronome"},{"floor":54,"key":"Unceasing Top"}],"event_choices":[{"damage_healed":0,"gold_gain":0,"player_choice":"Relic ","damage_taken":3,"max_hp_gain":0,"max_hp_loss":0,"event_name":"betterThird:BetterScrap","floor":2,"gold_loss":0,"cards_obtained":["conspire:DoublingDagger"]},{"damage_healed":43,"gold_gain":0,"player_choice":"Upgrade","damage_taken":16,"max_hp_gain":0,"max_hp_loss":81,"event_name":"betterThird:BetterShining","floor":3,"gold_loss":0,"cards_upgraded":["DeathKnight:RuneStrike","DeathKnight:Defend_DeathKnight"]},{"damage_healed":0,"gold_gain":0,"player_choice":"Agree","damage_taken":0,"max_hp_gain":0,"max_hp_loss":0,"event_name":"conspire:LoneGhost","floor":7,"gold_loss":0},{"damage_healed":0,"gold_gain":0,"player_choice":"Lose Max HP","damage_taken":0,"relics_obtained":["Golden Idol"],"max_hp_gain":0,"max_hp_loss":6,"event_name":"Golden Idol","floor":13,"gold_loss":0},{"cards_removed":["DeathKnight:Hysteria"],"damage_healed":0,"gold_gain":0,"player_choice":"Give","damage_taken":0,"max_hp_gain":0,"max_hp_loss":0,"event_name":"betterNote:BetterNote","floor":19,"gold_loss":0,"cards_obtained":["Strike_R"]},{"damage_healed":0,"gold_gain":0,"player_choice":"Ignored","damage_taken":0,"max_hp_gain":0,"max_hp_loss":0,"event_name":"Ghosts","floor":20,"gold_loss":0},{"damage_healed":0,"gold_gain":214,"player_choice":"RE GO GO UP ","damage_taken":51,"relics_obtained":["vexMod:FocusSash"],"max_hp_gain":0,"max_hp_loss":0,"event_name":"betterSkull:BetterSkull","floor":21,"gold_loss":0,"cards_upgraded":["conspire:GhostlyStrike"]},{"damage_healed":0,"gold_gain":0,"player_choice":"1","damage_taken":0,"max_hp_gain":0,"max_hp_loss":0,"event_name":"betterMatch:BetterMatch","floor":41,"gold_loss":0,"cards_obtained":["betterMatch:ColorlessRareCard","betterMatch:RareCard","betterMatch:ColorlessRareCard"]}],"is_beta":false,"boss_relics":[{"not_picked":["conspire:SlowCooker","vexMod:NewClearReactor"],"picked":"energizedSpire:DeadBattery"},{"not_picked":["Calling Bell","aspiration:WatcherSkillbook"],"picked":"trackpad:StolenKidneys"}],"items_purged_floors":[0,0,24,31,39,39],"is_endless":false,"potions_floor_spawned":[1,4,5,22,23,35,38,48,54],"ascension_level":0}}