{"host":"5jn3rki867005t18","time":1608887251,"event":{"mods":["AchievementEnabler","BaseMod","Colored Map","DeckTracker","Highlight Path","Minty Spire (QoL Compilation)","Permanent Neow","Quick Restart","StSLib","SuperFastMode"],"gold_per_floor":[18,18,36,111,126,126,140,240,285,285,104,147,147,170,170,291,291,307,307,327,338,288,288,288,288],"floor_reached":24,"playtime":1078,"items_purged":["Strike_P"],"score":196,"play_id":"505bb648-5b09-4491-9b2a-7a2721fb5335","local_time":"20201225180731","is_ascension_mode":false,"campfire_choices":[{"data":"Eruption","floor":6,"key":"SMITH"},{"floor":10,"key":"REST"},{"floor":13,"key":"REST"},{"floor":15,"key":"REST"},{"data":"Adaptation","floor":23,"key":"SMITH"}],"circlet_count":0,"master_deck":["Strike_P","Strike_P","Strike_P","Defend_P","Defend_P","Defend_P","Defend_P","Eruption+1","Vigilance","Meditate","WheelKick","SashWhip","Adaptation+1","Halt","Brilliance","BowlingBash","Establishment","Crescendo","Perseverance","FlurryOfBlows"],"relics":["PureWater","Bloody Idol","Lantern","Bronze Scales","Cursed Key"],"acts_visited":["Exordium","TheCity"],"potions_floor_usage":[3,7,16,18,21],"damage_taken":[{"damage":4,"enemies":"Small Slimes","floor":1,"turns":3},{"damage":1,"enemies":"Jaw Worm","floor":3,"turns":3},{"damage":7,"enemies":"2 Louse","floor":5,"turns":3},{"damage":6,"enemies":"Gremlin Gang","floor":7,"turns":4},{"damage":41,"enemies":"Lagavulin","floor":12,"turns":6},{"damage":2,"enemies":"2 Fungi Beasts","floor":14,"turns":3},{"damage":64,"enemies":"The Guardian","floor":16,"turns":7},{"damage":9,"enemies":"Chosen","floor":18,"turns":2},{"damage":22,"enemies":"3 Byrds","floor":20,"turns":2},{"damage":15,"enemies":"Snake Plant","floor":21,"turns":3},{"damage":54,"enemies":"Book of Stabbing","floor":24,"turns":4}],"seed_played":"-7454660904189475391","potions_obtained":[{"floor":1,"key":"DuplicationPotion"},{"floor":3,"key":"BottledMiracle"},{"floor":12,"key":"SteroidPotion"},{"floor":16,"key":"AttackPotion"},{"floor":18,"key":"Energy Potion"}],"is_trial":false,"path_per_floor":["M","?","M","?","M","R","M","?","T","R","$","E","R","M","R","B",null,"M","?","M","M","?","R","E"],"character_chosen":"WATCHER","items_purchased":["Adaptation","Halt"],"campfire_rested":3,"item_purchase_floors":[11,11],"current_hp_per_floor":[82,61,60,49,42,42,36,36,36,61,61,20,45,43,68,4,86,77,77,60,50,50,50,0,0],"gold":288,"neow_bonus":"TWENTY_PERCENT_HP_BONUS","is_daily":false,"chose_seed":false,"campfire_upgraded":2,"win_rate":0.0,"timestamp":1608887251,"path_taken":["M","?","M","?","M","R","M","?","T","R","$","E","R","?","R","BOSS","M","?","M","M","?","R","E"],"items_purchased_type":["Card","Card"],"build_version":"2020-12-22","purchased_purges":1,"victory":false,"max_hp_per_floor":[86,86,86,86,86,86,86,86,86,86,86,86,86,86,86,86,86,86,86,86,86,86,86,86,86],"card_choices":[{"not_picked":["Pray","EmptyBody"],"picked":"Meditate","floor":1},{"not_picked":["SandsOfTime","BowlingBash"],"picked":"WheelKick","floor":3},{"not_picked":["Protect","Perseverance"],"picked":"SashWhip","floor":5},{"not_picked":["Fasting2","EmptyMind","Vengeance"],"picked":"SKIP","floor":7},{"not_picked":["Study","Evaluate"],"picked":"Brilliance","floor":12},{"not_picked":["ReachHeaven","Halt"],"picked":"BowlingBash","floor":14},{"not_picked":["MasterReality","SpiritShield"],"picked":"Establishment","floor":16},{"not_picked":["FlyingSleeves+1","Wireheading"],"picked":"Crescendo","floor":18},{"not_picked":["JustLucky","Evaluate"],"picked":"Perseverance","floor":20},{"not_picked":["WindmillStrike+1","WreathOfFlame+1"],"picked":"FlurryOfBlows","floor":21}],"player_experience":130512,"relics_obtained":[{"floor":9,"key":"Lantern"},{"floor":12,"key":"Bronze Scales"}],"event_choices":[{"damage_healed":0,"gold_gain":0,"player_choice":"Take Damage","damage_taken":21,"relics_obtained":["Golden Idol"],"max_hp_gain":0,"max_hp_loss":0,"event_name":"Golden Idol","floor":2,"gold_loss":0},{"damage_healed":0,"gold_gain":75,"player_choice":"Gather Gold","damage_taken":11,"max_hp_gain":0,"max_hp_loss":0,"event_name":"World of Goop","floor":4,"gold_loss":0},{"damage_healed":0,"gold_gain":100,"player_choice":"Pray","damage_taken":0,"max_hp_gain":0,"max_hp_loss":0,"event_name":"Golden Shrine","floor":8,"gold_loss":0},{"damage_healed":0,"gold_gain":0,"player_choice":"Gave Idol","damage_taken":0,"relics_obtained":["Bloody Idol"],"max_hp_gain":0,"max_hp_loss":0,"event_name":"Forgotten Altar","floor":19,"relics_lost":["Golden Idol"],"gold_loss":0},{"damage_healed":0,"gold_gain":0,"player_choice":"Bet on Murderer","damage_taken":0,"max_hp_gain":0,"max_hp_loss":0,"event_name":"The Joust","floor":22,"gold_loss":50}],"is_beta":false,"boss_relics":[{"not_picked":["Astrolabe","Coffee Dripper"],"picked":"Cursed Key"}],"items_purged_floors":[11],"is_endless":false,"potions_floor_spawned":[1,3,12,16,18],"killed_by":"Book of Stabbing","ascension_level":0}}