{"host":"4mphejzs0ycavab3","time":1608889624,"event":{"mods":["BaseMod","Colored Map","Colored Powertips","Marisa£®ÏF”Í°°ƒß¿Ì…≥£©","Minty Spire (QoL Compilation)","Quick Restart","StSLib","The Bug Knight","The Cursed","The Necromancer","The Servant 0.9.4"],"gold_per_floor":[114,114,129,89,104,134,149,179,179,209,284,314,326,353,365,477,489,516,528,83,182,32,32,71,71,121,160,101,125,164,164,173,282,282,306,56,56,81,81,120,120,159,159,159,189,39,78,93,102,102],"floor_reached":51,"playtime":2097,"items_purged":[],"score":1318,"play_id":"ce289713-f40b-405f-a2f4-6c44dd3613f6","local_time":"20201225174704","daily_mods":["Draft","Hoarder","Elite Swarm"],"is_ascension_mode":false,"campfire_choices":[{"floor":13.0,"key":"REST"},{"floor":15.0,"key":"REST"},{"floor":23,"key":"REST"},{"data":"Backstab","floor":25,"key":"SMITH"},{"floor":32,"key":"REST"},{"floor":41,"key":"REST"},{"data":"Backstab","floor":44,"key":"SMITH"},{"floor":49,"key":"REST"}],"circlet_count":0,"master_deck":["PiercingWail","PiercingWail","PiercingWail","Dagger Throw","Dagger Throw","Dagger Throw","Backstab","Backstab+1","Backstab+1","Sucker Punch","Sucker Punch","Sucker Punch","Blur","Blur","Blur","Poisoned Stab","Poisoned Stab","Poisoned Stab","PiercingWail","PiercingWail","PiercingWail","Blade Dance","Blade Dance","Blade Dance","Blur","Blur","Dagger Throw","Dagger Throw","Dagger Throw","Prepared","Prepared","Prepared","Crippling Poison","Crippling Poison","Crippling Poison","Blade Dance","Blade Dance","Blade Dance","Dagger Spray","Dagger Spray","Dagger Spray","Outmaneuver","Outmaneuver","Outmaneuver","Accuracy","Accuracy","Accuracy","Decay","Decay","Dagger Spray","Dagger Spray","Dagger Spray","Heel Hook","Heel Hook","Heel Hook","Dagger Spray","Dagger Spray","Dagger Spray","Burst","Burst","Burst","Prepared","Prepared","Prepared","Die Die Die","Die Die Die","Die Die Die","Bullet Time","Bullet Time","Bullet Time","Adrenaline","Adrenaline","Adrenaline","PiercingWail","PiercingWail","PiercingWail","Venomology","Venomology","Venomology","Dodge and Roll+1","Dodge and Roll+1","Dodge and Roll+1","Discovery","Discovery","Discovery","Adrenaline","Adrenaline","Adrenaline","Envenom","Envenom","Envenom","Glass Knife","Glass Knife","Glass Knife","Escape Plan","Escape Plan","Escape Plan","Prepared+1","Prepared+1","Prepared+1","Tools of the Trade","Tools of the Trade","Tools of the Trade","Infinite Blades","Infinite Blades","Infinite Blades","Adrenaline","Adrenaline","Adrenaline","Sucker Punch+1","Sucker Punch+1","Sucker Punch+1","Doppelganger","Doppelganger","Doppelganger","Storm of Steel","Storm of Steel","Storm of Steel","Die Die Die","Die Die Die","Die Die Die","Quick Slash+1","Quick Slash+1","Quick Slash+1"],"relics":["Ring of the Snake","Lantern","Ancient Tea Set","Mercury Hourglass","Question Card","MawBank","Black Star","MutagenicStrength","Happy Flower","HandDrill","CeramicFish","Anchor","Gremlin Horn","Omamori","Mango","CaptainsWheel","Bottled Tornado","Dream Catcher","Busted Crown","Letter Opener","Strawberry","PreservedInsect","Thread and Needle","Calipers","Regal Pillow","Art of War","Peace Pipe","TungstenRod","Snake Skull","Toy Ornithopter","Blue Candle"],"acts_visited":["Exordium","TheCity","TheBeyond"],"potions_floor_usage":[18,30,33,50,50,50,50],"damage_taken":[{"damage":7.0,"enemies":"Small Slimes","floor":1.0,"turns":2.0},{"damage":0.0,"enemies":"Cultist","floor":3.0,"turns":2.0},{"damage":0.0,"enemies":"2 Louse","floor":5.0,"turns":1.0},{"damage":10.0,"enemies":"HollowMod:MossKnight","floor":6.0,"turns":7.0},{"damage":0.0,"enemies":"Large Slime","floor":7.0,"turns":3.0},{"damage":0.0,"enemies":"Gremlin Nob","floor":8.0,"turns":2.0},{"damage":15.0,"enemies":"Lagavulin","floor":10.0,"turns":4.0},{"damage":0.0,"enemies":"Gremlin Nob","floor":12.0,"turns":2.0},{"damage":2.0,"enemies":"Exordium Wildlife","floor":14.0,"turns":2.0},{"damage":33.0,"enemies":"The Guardian","floor":16.0,"turns":9.0},{"damage":19,"enemies":"Shell Parasite","floor":18,"turns":3},{"damage":0,"enemies":"Gremlin Leader","floor":24,"turns":4},{"damage":19,"enemies":"Book of Stabbing","floor":27,"turns":5},{"damage":0,"enemies":"Spheric Guardian","floor":29,"turns":2},{"damage":6,"enemies":"HollowMod:Nosk","floor":30,"turns":5},{"damage":49,"enemies":"Champ","floor":33,"turns":7},{"damage":0,"enemies":"3 Darklings","floor":35,"turns":3},{"damage":24,"enemies":"Reptomancer","floor":40,"turns":3},{"damage":5,"enemies":"Giant Head","floor":42,"turns":5},{"damage":0,"enemies":"Reptomancer","floor":45,"turns":3},{"damage":28,"enemies":"Nemesis","floor":47,"turns":3},{"damage":0,"enemies":"Orb Walker","floor":48,"turns":2},{"damage":7,"enemies":"Awakened One","floor":50,"turns":8}],"seed_played":"-567031674859551473","potions_obtained":[{"floor":5.0,"key":"Energy Potion"},{"floor":7.0,"key":"FearPotion"},{"floor":8.0,"key":"Regen Potion"},{"floor":12.0,"key":"Block Potion"},{"floor":16.0,"key":"Swift Potion"},{"floor":33,"key":"SneckoOil"}],"is_trial":false,"path_per_floor":["M","?","M","$","M","E","M","E","T","E","?","E","R","M","R","B",null,"M","?","$","?","$","R","E","R","T","E","$","M","E","?","R","B",null,"M","$","?","T","?","E","R","E","T","R","E","$","E","M","R","B",null],"character_chosen":"THE_SILENT","items_purchased":["Heel Hook","Discovery","Happy Flower","Adrenaline","HandDrill","CeramicFish","Escape Plan","Letter Opener","Snake Skull"],"campfire_rested":6,"item_purchase_floors":[4,20,20,20,20,22,28,36,46],"current_hp_per_floor":[63,63,63,63,63,53,53,53,53,38,27,32,53,51,70,37,70,51,51,51,51,51,70,70,70,70,65,65,65,59,59,84,35,84,84,84,84,91,91,67,91,86,86,86,86,86,58,58,91,86],"gold":102,"neow_bonus":"","is_daily":true,"chose_seed":false,"campfire_upgraded":2,"win_rate":0.0,"timestamp":1608889624,"path_taken":["M","?","?","$","M","E","M","E","T","E","?","E","R","M","R","BOSS","M","?","$","?","$","R","E","R","T","E","?","?","E","?","R","BOSS","M","$","?","?","?","E","R","E","T","R","E","$","E","?","R","BOSS"],"items_purchased_type":["Card","Card","Relic","Card","Relic","Relic","Card","Relic","Relic"],"build_version":"2020-12-22","purchased_purges":0,"victory":true,"max_hp_per_floor":[70,70,70,70,70,70,70,70,70,70,70,70,70,70,70,70,70,70,70,70,70,70,70,70,70,70,84,84,84,84,84,84,84,84,84,84,84,91,91,91,91,91,91,91,91,91,91,91,91,91],"card_choices":[{"not_picked":["Outmaneuver","Slice"],"picked":"PiercingWail","floor":0.0},{"not_picked":["Heel Hook","Choke"],"picked":"Dagger Throw","floor":0.0},{"not_picked":["Predator","Dodge and Roll"],"picked":"Backstab","floor":0.0},{"not_picked":["Backstab","Slice"],"picked":"Sucker Punch","floor":0.0},{"not_picked":["PiercingWail","Deadly Poison"],"picked":"Blur","floor":0.0},{"not_picked":["Concentrate","Backflip"],"picked":"Poisoned Stab","floor":0.0},{"not_picked":["Outmaneuver","Deflect"],"picked":"PiercingWail","floor":0.0},{"not_picked":["Eviscerate","PiercingWail"],"picked":"Blade Dance","floor":0.0},{"not_picked":["Outmaneuver","Masterful Stab"],"picked":"Blur","floor":0.0},{"not_picked":["Quick Slash","Prepared"],"picked":"Dagger Throw","floor":0.0},{"not_picked":["Calculated Gamble","Backflip"],"picked":"Prepared","floor":0.0},{"not_picked":["Prepared","Flechettes"],"picked":"Crippling Poison","floor":0.0},{"not_picked":["Dagger Throw","Eviscerate"],"picked":"Blade Dance","floor":0.0},{"not_picked":["PiercingWail","Dagger Throw"],"picked":"Dagger Spray","floor":0.0},{"not_picked":["Well Laid Plans","Prepared"],"picked":"Outmaneuver","floor":0.0},{"not_picked":["Concentrate","Eviscerate"],"picked":"Accuracy","floor":1.0},{"not_picked":["Poisoned Stab","Slice"],"picked":"Dagger Spray","floor":3.0},{"not_picked":["PiercingWail","All Out Attack"],"picked":"Dagger Spray","floor":5.0},{"not_picked":["Night Terror","Bullet Time"],"picked":"Burst","floor":6.0},{"not_picked":["Heel Hook","Outmaneuver"],"picked":"Prepared","floor":7.0},{"not_picked":["Night Terror","After Image"],"picked":"Die Die Die","floor":8.0},{"not_picked":["Corpse Explosion","Wraith Form v2"],"picked":"Bullet Time","floor":10.0},{"not_picked":["Burst","After Image","Unload"],"picked":"Adrenaline","floor":12.0},{"not_picked":["Deadly Poison","Backflip","Catalyst"],"picked":"PiercingWail","floor":14.0},{"not_picked":["Burst","Corpse Explosion","Tools of the Trade"],"picked":"Venomology","floor":16.0},{"not_picked":["Terror","Expertise","Sucker Punch"],"picked":"Dodge and Roll+1","floor":18},{"not_picked":["Die Die Die","Unload","Doppelganger"],"picked":"Envenom","floor":24},{"not_picked":["Bullet Time","Grand Finale","Venomology"],"picked":"Glass Knife","floor":27},{"not_picked":["Backflip","Quick Slash","PiercingWail"],"picked":"Prepared+1","floor":29},{"not_picked":["Glass Knife","Envenom","Venomology"],"picked":"Tools of the Trade","floor":30},{"not_picked":["Expertise","Quick Slash","Cloak And Dagger"],"picked":"Infinite Blades","floor":32},{"not_picked":["Unload","Grand Finale","Phantasmal Killer"],"picked":"Adrenaline","floor":33},{"not_picked":["Dagger Spray"],"picked":"Sucker Punch+1","floor":35},{"not_picked":["After Image"],"picked":"Doppelganger","floor":40},{"not_picked":["Tools of the Trade"],"picked":"Storm of Steel","floor":42},{"not_picked":["Night Terror","Bullet Time"],"picked":"SKIP","floor":45},{"not_picked":["Venomology"],"picked":"Die Die Die","floor":47},{"not_picked":["Cloak And Dagger","Prepared"],"picked":"SKIP","floor":48},{"not_picked":["Sucker Punch"],"picked":"Quick Slash+1","floor":49}],"player_experience":245430,"relics_obtained":[{"floor":6.0,"key":"Lantern"},{"floor":8.0,"key":"Ancient Tea Set"},{"floor":9.0,"key":"Mercury Hourglass"},{"floor":10.0,"key":"Question Card"},{"floor":12.0,"key":"MawBank"},{"floor":24,"key":"Anchor"},{"floor":24,"key":"Gremlin Horn"},{"floor":26,"key":"Omamori"},{"floor":27,"key":"Mango"},{"floor":27,"key":"CaptainsWheel"},{"floor":30,"key":"Bottled Tornado"},{"floor":30,"key":"Dream Catcher"},{"floor":38,"key":"Strawberry"},{"floor":40,"key":"PreservedInsect"},{"floor":40,"key":"Thread and Needle"},{"floor":42,"key":"Calipers"},{"floor":42,"key":"Regal Pillow"},{"floor":43,"key":"Art of War"},{"floor":45,"key":"Peace Pipe"},{"floor":45,"key":"TungstenRod"},{"floor":47,"key":"Toy Ornithopter"},{"floor":47,"key":"Blue Candle"}],"event_choices":[{"damage_healed":0.0,"max_hp_gain":0.0,"max_hp_loss":0.0,"gold_gain":0.0,"event_name":"Wheel of Change","player_choice":"Cursed","floor":2.0,"gold_loss":0.0,"damage_taken":0.0,"cards_obtained":["Decay"]},{"damage_healed":0.0,"max_hp_gain":0.0,"max_hp_loss":0.0,"gold_gain":75.0,"event_name":"World of Goop","player_choice":"Gather Gold","floor":11.0,"gold_loss":0.0,"damage_taken":11.0},{"damage_healed":0,"gold_gain":0,"player_choice":"Inject Mutagens","damage_taken":0,"relics_obtained":["MutagenicStrength"],"max_hp_gain":0,"max_hp_loss":0,"event_name":"Drug Dealer","floor":19,"gold_loss":0},{"damage_healed":0,"gold_gain":99,"player_choice":"Stole From Cult","damage_taken":0,"max_hp_gain":0,"max_hp_loss":0,"event_name":"Nest","floor":21,"gold_loss":0},{"cards_removed":["Decay"],"damage_healed":0,"gold_gain":0,"player_choice":"Elegance","damage_taken":0,"max_hp_gain":0,"max_hp_loss":0,"event_name":"Back to Basics","floor":31,"gold_loss":0},{"cards_removed":["Blur"],"damage_healed":0,"gold_gain":0,"player_choice":"Removed Skill","damage_taken":0,"max_hp_gain":0,"max_hp_loss":0,"event_name":"Falling","floor":37,"gold_loss":0},{"damage_healed":0,"gold_gain":0,"player_choice":"Ignored","damage_taken":0,"max_hp_gain":0,"max_hp_loss":0,"event_name":"SecretPortal","floor":39,"gold_loss":0}],"is_beta":false,"boss_relics":[{"not_picked":["SacredBark","Astrolabe"],"picked":"Black Star"},{"not_picked":["Cursed Key","Coffee Dripper"],"picked":"Busted Crown"}],"items_purged_floors":[],"is_endless":false,"potions_floor_spawned":[5,7,8,12,16,30,33,40,45],"ascension_level":0}}