{"host":"5bdt6s51dmpd4l3v","time":1608893497,"event":{"mods":["AchievementEnabler","BaseMod","Colored Map","Colored Powertips","Highlight Path","Minty Spire (QoL Compilation)","Quick Restart","Rare Cards Sparkle","StSLib"],"gold_per_floor":[114,24,42,55,55,55,65,84,111,111,111,123,135,180,192,204,204],"floor_reached":16,"playtime":340,"items_purged":[],"score":180,"play_id":"8e7cb56a-573f-40ba-866c-6dc07875d7d7","local_time":"20201225185137","is_ascension_mode":true,"campfire_choices":[{"data":"Limit Break","floor":6,"key":"SMITH"},{"data":"Inflame","floor":10,"key":"SMITH"},{"data":"Warcry","floor":12,"key":"SMITH"},{"floor":15,"key":"REST"}],"circlet_count":0,"master_deck":["AscendersBane","Strike_R","Strike_R","Strike_R","Strike_R","Strike_R","Defend_R","Defend_R","Defend_R","Defend_R","Bash","Inflame+1","Twin Strike","Limit Break+1","Warcry+1","Flex"],"relics":["Burning Blood","NeowsBlessing","Dream Catcher","MawBank","Juzu Bracelet"],"acts_visited":["Exordium"],"potions_floor_usage":[8,16],"damage_taken":[{"damage":0.0,"enemies":"2 Louse","floor":1.0,"turns":1.0},{"damage":0.0,"enemies":"Cultist","floor":3.0,"turns":1.0},{"damage":0.0,"enemies":"Jaw Worm","floor":4.0,"turns":1.0},{"damage":15,"enemies":"2 Fungi Beasts","floor":7,"turns":3},{"damage":17,"enemies":"Looter","floor":8,"turns":3},{"damage":25,"enemies":"3 Sentries","floor":14,"turns":7},{"damage":49,"enemies":"The Guardian","floor":16,"turns":8}],"seed_played":"-7795186451415078526","potions_obtained":[{"floor":7,"key":"FearPotion"},{"floor":14,"key":"Weak Potion"}],"is_trial":false,"path_per_floor":["M","$","M","M","?","R","M","M","T","R","?","R","$","E","R","B"],"character_chosen":"IRONCLAD","items_purchased":["Inflame"],"campfire_rested":1,"item_purchase_floors":[2],"current_hp_per_floor":[74,74,75,75,75,75,66,55,55,55,44,44,44,25,47,0,0],"gold":204,"neow_bonus":"THREE_ENEMY_KILL","is_daily":false,"chose_seed":false,"campfire_upgraded":3,"win_rate":0.0,"timestamp":1608893497,"path_taken":["M","$","M","M","?","R","M","?","T","R","?","R","$","E","R","BOSS"],"items_purchased_type":["Card"],"build_version":"2020-12-22","purchased_purges":0,"victory":false,"max_hp_per_floor":[75,75,75,75,75,75,75,75,75,75,75,75,75,75,75,75,75],"card_choices":[{"not_picked":["Heavy Blade","Uppercut","Fire Breathing"],"picked":"SKIP","floor":1.0},{"not_picked":["Feel No Pain","Havoc","Sever Soul"],"picked":"SKIP","floor":3.0},{"not_picked":["Havoc","Rage"],"picked":"Twin Strike","floor":4.0},{"not_picked":["Combust","Body Slam"],"picked":"Warcry","floor":7},{"not_picked":["Wild Strike","Brutality","Anger"],"picked":"SKIP","floor":8},{"not_picked":["Wild Strike","Headbutt"],"picked":"Flex","floor":14}],"player_experience":233494,"relics_obtained":[{"floor":9,"key":"Dream Catcher"},{"floor":14,"key":"Juzu Bracelet"}],"event_choices":[{"damage_healed":0,"gold_gain":0,"player_choice":"1 cards matched","damage_taken":0,"max_hp_gain":0,"max_hp_loss":0,"event_name":"Match and Keep!","floor":5,"gold_loss":0,"cards_obtained":["Limit Break"]},{"damage_healed":0,"gold_gain":0,"player_choice":"Success","damage_taken":11,"relics_obtained":["MawBank"],"max_hp_gain":0,"max_hp_loss":0,"event_name":"Scrap Ooze","floor":11,"gold_loss":0}],"is_beta":false,"boss_relics":[],"items_purged_floors":[],"is_endless":false,"potions_floor_spawned":[7,14],"killed_by":"The Guardian","ascension_level":16}}