{"host":"uwh382mre4waz4ff","time":1608858651,"event":{"mods":["AchievementEnabler","BaseMod","Better Note","Better Third Choice","BetterRewards","Minty Spire (QoL Compilation)","StSLib"],"gold_per_floor":[118,118,43,43,58,58,83,83,83,118,30,64,79,92,92,92,92],"floor_reached":16,"playtime":1277,"items_purged":["Strike_B","Regret"],"score":168,"play_id":"e1f5ea72-4b2f-4dbf-b236-b9435289dfb8","local_time":"20201225091051","is_ascension_mode":false,"campfire_choices":[{"data":"Coolheaded","floor":6,"key":"SMITH"},{"data":"Zap","floor":8,"key":"SMITH"},{"data":"Dualcast","floor":15,"key":"SMITH"}],"circlet_count":0,"master_deck":["Strike_B","Strike_B","Defend_B","Defend_B","Defend_B","Defend_B","Zap+1","Dualcast+1","Double Energy","Coolheaded+1","Conserve Battery"],"relics":["Cracked Core","MealTicket","Unceasing Top","Happy Flower","Regal Pillow","Vajra","Boot","MawBank","Blood Vial"],"acts_visited":["Exordium"],"potions_floor_usage":[10,10,12,12,16,16],"damage_taken":[{"damage":0,"enemies":"Small Slimes","floor":1,"turns":2},{"damage":3,"enemies":"Cultist","floor":5,"turns":3},{"damage":47,"enemies":"Lagavulin","floor":7,"turns":7},{"damage":20,"enemies":"Gremlin Nob","floor":10,"turns":3},{"damage":2,"enemies":"Lagavulin","floor":12,"turns":7},{"damage":0,"enemies":"2 Louse","floor":13,"turns":2},{"damage":3,"enemies":"Large Slime","floor":14,"turns":7},{"damage":17,"enemies":"Hexaghost","floor":16,"turns":11}],"seed_played":"8566683622531983600","potions_obtained":[{"floor":1,"key":"PowerPotion"},{"floor":5,"key":"EntropicBrew"},{"floor":14,"key":"SkillPotion"}],"is_trial":false,"path_per_floor":["M","?","$","?","M","R","E","R","T","E","$","E","M","M","R","B"],"character_chosen":"DEFECT","items_purchased":["Happy Flower"],"campfire_rested":0,"item_purchase_floors":[0],"current_hp_per_floor":[56,56,71,71,68,68,21,21,21,1,16,14,16,15,15,0,0],"gold":92,"neow_bonus":"","is_daily":false,"chose_seed":false,"campfire_upgraded":3,"win_rate":0.0,"timestamp":1608858651,"path_taken":["M","?","?","?","M","R","E","R","T","E","$","E","M","M","R","BOSS"],"items_purchased_type":["Relic"],"build_version":"2020-12-22","purchased_purges":2,"victory":false,"max_hp_per_floor":[75,75,75,75,75,75,75,75,75,75,75,75,75,75,75,75,75],"card_choices":[{"not_picked":["Undo","Go for the Eyes","Rebound"],"picked":"SKIP","floor":1},{"not_picked":["Compile Driver","Rebound"],"picked":"Coolheaded","floor":5},{"not_picked":["Beam Cell","Steam Power","Compile Driver"],"picked":"SKIP","floor":7},{"not_picked":["Chill","Redo","Recycle"],"picked":"SKIP","floor":10},{"not_picked":["Buffer","Redo","Cold Snap"],"picked":"SKIP","floor":12},{"not_picked":["Steam","Glacier"],"picked":"Conserve Battery","floor":13},{"not_picked":["Undo","Barrage","Steam"],"picked":"SKIP","floor":14}],"player_experience":55722,"relics_obtained":[{"floor":7,"key":"Vajra"},{"floor":9,"key":"Boot"},{"floor":10,"key":"MawBank"},{"floor":12,"key":"Blood Vial"}],"event_choices":[{"damage_healed":0,"gold_gain":0,"cards_transformed":["Strike_B"],"player_choice":"Transformed","damage_taken":0,"max_hp_gain":0,"max_hp_loss":0,"event_name":"Transmorgrifier","floor":2,"gold_loss":0,"cards_obtained":["Double Energy"]},{"damage_healed":0,"gold_gain":0,"player_choice":"Box","damage_taken":0,"relics_obtained":["Regal Pillow"],"max_hp_gain":0,"max_hp_loss":0,"event_name":"Big Fish","floor":4,"gold_loss":0,"cards_obtained":["Regret"]}],"is_beta":false,"boss_relics":[],"items_purged_floors":[3,11],"is_endless":false,"potions_floor_spawned":[1,5,14],"killed_by":"Hexaghost","ascension_level":0}}