{"host":"fevvm7bbzuh4s1jc","time":1608919653,"event":{"mods":["BaseMod","Highlight Path","Minty Spire (QoL Compilation)","Relic Stats"],"gold_per_floor":[119,130,130,144,144,144,169,187,187,187,187,217,217,249,249,323,323,342,267,35,35,53,53,71,71,71],"floor_reached":25,"playtime":925,"items_purged":["Strike_R"],"score":518,"play_id":"39f98db2-1b2a-49be-a782-87f2602742b6","local_time":"20201225130733","is_ascension_mode":true,"campfire_choices":[{"data":"Combust","floor":6,"key":"SMITH"},{"floor":10,"key":"REST"},{"floor":13,"key":"REST"},{"data":"Hemokinesis","floor":15,"key":"SMITH"},{"data":"Blood for Blood","floor":23,"key":"SMITH"}],"circlet_count":0,"master_deck":["AscendersBane","Strike_R+1","Strike_R+1","Strike_R","Defend_R+1","Defend_R","Defend_R","Defend_R","Bash+1","Cleave","Combust+1","Twin Strike","Blood for Blood+1","Hemokinesis+1","Impervious","Clothesline","RitualDagger","Burning Pact","Battle Trance"],"relics":["Burning Blood","Whetstone","Boot","Ice Cream","Odd Mushroom","Torii","Philosopher\u0027s Stone","Sling"],"acts_visited":["Exordium","TheCity"],"potions_floor_usage":[7,12,14,25,25],"damage_taken":[{"damage":4,"enemies":"Jaw Worm","floor":1,"turns":3},{"damage":9,"enemies":"Small Slimes","floor":2,"turns":4},{"damage":4,"enemies":"2 Louse","floor":4,"turns":2},{"damage":25,"enemies":"Gremlin Nob","floor":7,"turns":4},{"damage":14,"enemies":"Exordium Wildlife","floor":8,"turns":5},{"damage":1,"enemies":"The Mushroom Lair","floor":12,"turns":2},{"damage":24,"enemies":"Lagavulin","floor":14,"turns":5},{"damage":9,"enemies":"Slime Boss","floor":16,"turns":6},{"damage":22,"enemies":"Spheric Guardian","floor":18,"turns":4},{"damage":2,"enemies":"Chosen","floor":22,"turns":4},{"damage":34,"enemies":"Snake Plant","floor":24,"turns":4},{"damage":16,"enemies":"Slavers","floor":25,"turns":1}],"seed_played":"140598144880363866","potions_obtained":[{"floor":4,"key":"Ancient Potion"},{"floor":7,"key":"Fire Potion"},{"floor":8,"key":"Fire Potion"},{"floor":16,"key":"FearPotion"},{"floor":22,"key":"Strength Potion"}],"is_trial":false,"path_per_floor":["M","M","?","M","?","R","E","M","T","R","?","?","R","E","R","B",null,"M","?","$","?","M","R","M","E"],"character_chosen":"IRONCLAD","items_purchased":["Sling"],"campfire_rested":2,"item_purchase_floors":[20],"current_hp_per_floor":[70,67,67,69,43,43,24,16,16,38,15,20,42,24,24,21,62,46,46,46,40,44,44,16,0,0],"gold":71,"neow_bonus":"RANDOM_COMMON_RELIC","is_daily":false,"chose_seed":false,"campfire_upgraded":3,"win_rate":0.0,"timestamp":1608919653,"path_taken":["M","M","?","M","?","R","E","M","T","R","?","?","R","E","R","BOSS","M","?","$","?","M","R","M","E"],"items_purchased_type":["Relic"],"build_version":"2020-12-22","purchased_purges":1,"victory":false,"max_hp_per_floor":[75,75,75,75,75,75,75,75,75,75,75,75,75,75,75,75,75,75,75,75,75,75,75,75,75,75],"relic_stats":{"Torii":6,"counters":[12,44],"Whetstone":["Bash","Strike_R"],"Boot":[9],"obtain_stats":[{"Ice Cream":7,"Torii":14,"Philosopher\u0027s Stone":17,"Whetstone":0,"Odd Mushroom":12,"Boot":5,"Sling":20,"Burning Blood":0},{"Ice Cream":4,"Torii":7,"Philosopher\u0027s Stone":8,"Whetstone":0,"Odd Mushroom":6,"Boot":3,"Sling":9,"Burning Blood":0},{"Ice Cream":13,"Torii":25,"Philosopher\u0027s Stone":31,"Whetstone":0,"Odd Mushroom":20,"Boot":9,"Sling":35,"Burning Blood":0}],"Burning Blood":66},"card_choices":[{"not_picked":["Rage","Shrug It Off"],"picked":"Cleave","floor":1},{"not_picked":["Rupture","Feel No Pain"],"picked":"Combust","floor":2},{"not_picked":["Armaments","Evolve"],"picked":"Twin Strike","floor":4},{"not_picked":["Dark Embrace","Entrench","Cleave"],"picked":"SKIP","floor":7},{"not_picked":["Warcry","Bludgeon","Cleave"],"picked":"SKIP","floor":8},{"not_picked":["Sword Boomerang","Thunderclap"],"picked":"Blood for Blood","floor":12},{"not_picked":["Body Slam","Armaments"],"picked":"Hemokinesis","floor":14},{"not_picked":["Juggernaut","Barricade"],"picked":"Impervious","floor":16},{"not_picked":["Wild Strike","Thunderclap"],"picked":"Clothesline","floor":18},{"not_picked":["Combust","Perfected Strike"],"picked":"Burning Pact","floor":22},{"not_picked":["Heavy Blade","Burning Pact"],"picked":"Battle Trance","floor":24}],"player_experience":2579654,"relics_obtained":[{"floor":7,"key":"Ice Cream"},{"floor":12,"key":"Odd Mushroom"},{"floor":14,"key":"Torii"}],"event_choices":[{"damage_healed":0,"gold_gain":0,"player_choice":"Ignored","damage_taken":0,"max_hp_gain":0,"max_hp_loss":0,"event_name":"Liars Game","floor":3,"gold_loss":0},{"damage_healed":0,"gold_gain":0,"player_choice":"Success","damage_taken":26,"relics_obtained":["Boot"],"max_hp_gain":0,"max_hp_loss":0,"event_name":"Scrap Ooze","floor":5,"gold_loss":0},{"damage_healed":0,"gold_gain":0,"player_choice":"Entered Light","damage_taken":23,"max_hp_gain":0,"max_hp_loss":0,"event_name":"Shining Light","floor":11,"gold_loss":0,"cards_upgraded":["Strike_R","Defend_R"]},{"damage_healed":0,"gold_gain":0,"player_choice":"Fought Mushrooms","damage_taken":0,"max_hp_gain":0,"max_hp_loss":0,"event_name":"Mushrooms","floor":12,"gold_loss":0},{"cards_removed":["Strike_R"],"damage_healed":0,"gold_gain":0,"player_choice":"Gave Gold","damage_taken":0,"max_hp_gain":0,"max_hp_loss":0,"event_name":"Beggar","floor":19,"gold_loss":75},{"damage_healed":0,"gold_gain":0,"player_choice":"Joined the Cult","damage_taken":6,"max_hp_gain":0,"max_hp_loss":0,"event_name":"Nest","floor":21,"gold_loss":0,"cards_obtained":["RitualDagger"]}],"is_beta":false,"boss_relics":[{"not_picked":["Tiny House","SacredBark"],"picked":"Philosopher\u0027s Stone"}],"items_purged_floors":[20],"is_endless":false,"potions_floor_spawned":[4,7,8,16,22],"killed_by":"Slavers","ascension_level":20}}