{"host":"0e3sjn8nzeyxegex","time":1608917034,"event":{"mods":["Act Like it!","AlwaysNeverKeys","BaseMod","Better Altar","Better Note","Better Sensory Stone","Better Skull","Better Third Choice","Better Vampires","Colored Map","Friendly Minions","Minty Spire (QoL Compilation)","Permanent Neow","Quick Restart","StSLib","The Alterego"],"gold_per_floor":[110,126,51,71,85,85,116,136,136,311,311,311,330,363,363,439,439,454,364,419,67,79,79,105,120,143,143,161,161,172,206,206,206,206],"floor_reached":33,"playtime":1700,"items_purged":["alterego_mod:Strike","alterego_mod:Defend"],"score":572,"play_id":"53317c14-fad0-4f71-a1d5-d6fc728e7179","local_time":"20201225122354","is_ascension_mode":true,"campfire_choices":[{"data":"alterego_mod:Belts","floor":6.0,"key":"SMITH"},{"data":"alterego_mod:BigMeatyClaws","floor":12.0,"key":"SMITH"},{"data":"alterego_mod:Venus","floor":15.0,"key":"SMITH"},{"data":"alterego_mod:PerceptionDisorder","floor":23.0,"key":"SMITH"},{"data":"alterego_mod:Pet","floor":27,"key":"SMITH"},{"data":"alterego_mod:Nekomimi","floor":32,"key":"SMITH"}],"circlet_count":0,"master_deck":["AscendersBane","alterego_mod:Strike","alterego_mod:Strike","alterego_mod:Defend+1","alterego_mod:BigMeatyClaws+1","alterego_mod:BrynhildrsRune","alterego_mod:Collar","alterego_mod:Belts+1","alterego_mod:Vow","alterego_mod:Birthday","alterego_mod:Bounce","alterego_mod:Birthday","alterego_mod:Venus+1","alterego_mod:Rake","alterego_mod:BiFurious","alterego_mod:PerceptionDisorder+1","alterego_mod:Pet+1","alterego_mod:Bounce+1","alterego_mod:SakuraFive","alterego_mod:Bounce+1","alterego_mod:GoddessCore","alterego_mod:Nekomimi+1"],"relics":["alterego_mod:MasochisticConstitution","Pear","Tiny Chest","MealTicket","Runic Dome","Happy Flower","Chemical X","Mercury Hourglass","Blood Vial","CeramicFish"],"acts_visited":["Exordium","TheCity"],"potions_floor_usage":[33],"damage_taken":[{"damage":3.0,"enemies":"Small Slimes","floor":1.0,"turns":6.0},{"damage":7.0,"enemies":"Jaw Worm","floor":2.0,"turns":7.0},{"damage":6.0,"enemies":"Cultist","floor":4.0,"turns":5.0},{"damage":9.0,"enemies":"Red Slaver","floor":5.0,"turns":6.0},{"damage":0.0,"enemies":"Lagavulin","floor":7.0,"turns":5.0},{"damage":14.0,"enemies":"3 Louse","floor":8.0,"turns":4.0},{"damage":3.0,"enemies":"2 Fungi Beasts","floor":13.0,"turns":3.0},{"damage":19.0,"enemies":"Gremlin Nob","floor":14.0,"turns":6.0},{"damage":36.0,"enemies":"Hexaghost","floor":16.0,"turns":11.0},{"damage":14.0,"enemies":"2 Thieves","floor":18.0,"turns":2.0},{"damage":12.0,"enemies":"Chosen","floor":22.0,"turns":3.0},{"damage":12.0,"enemies":"Book of Stabbing","floor":24.0,"turns":4.0},{"damage":18,"enemies":"Centurion and Healer","floor":25,"turns":2},{"damage":0,"enemies":"Snecko","floor":28,"turns":2},{"damage":4,"enemies":"Cultist and Chosen","floor":30,"turns":4},{"damage":47,"enemies":"Slavers","floor":31,"turns":4},{"damage":38,"enemies":"Champ","floor":33,"turns":6}],"seed_played":"2500900839745016912","potions_obtained":[{"floor":2.0,"key":"SpeedPotion"},{"floor":5.0,"key":"Swift Potion"},{"floor":7.0,"key":"Swift Potion"},{"floor":16.0,"key":"Energy Potion"},{"floor":24.0,"key":"EssenceOfSteel"}],"is_trial":false,"path_per_floor":["M","M","$","M","M","R","E","M","T","?","?","R","M","E","R","B",null,"M","?","T","$","M","R","E","M","T","R","M","?","M","E","R","B"],"character_chosen":"The_Alterego","items_purchased":["Chemical X","alterego_mod:PerceptionDisorder","alterego_mod:Pet"],"campfire_rested":0,"item_purchase_floors":[21,21,21],"current_hp_per_floor":[64,65,65,67,66,66,76,80,80,80,73,73,81,70,70,39,72,63,63,63,78,69,69,63,46,46,46,52,52,62,29,29,0,0],"gold":206,"neow_bonus":"TRANSFORM_CARD","is_daily":false,"chose_seed":false,"campfire_upgraded":6,"win_rate":0.0,"timestamp":1608917034,"path_taken":["M","M","$","M","M","R","E","M","T","?","?","R","M","E","R","BOSS","M","?","?","$","M","R","E","?","T","R","M","?","M","E","R","BOSS"],"items_purchased_type":["Relic","Card","Card"],"build_version":"2020-12-22","purchased_purges":2,"victory":false,"max_hp_per_floor":[66,67,67,68,69,69,79,80,80,80,80,80,81,82,82,83,83,84,84,84,84,85,85,86,87,87,87,87,87,88,89,89,89,89],"card_choices":[{"not_picked":["alterego_mod:Undulate","alterego_mod:IndependentAction","alterego_mod:Maid"],"picked":"SKIP","floor":1.0},{"not_picked":["alterego_mod:Complex","alterego_mod:PerceptionDisorder"],"picked":"alterego_mod:Belts","floor":2.0},{"not_picked":["alterego_mod:Cooking","alterego_mod:Smother","alterego_mod:DustData"],"picked":"SKIP","floor":4.0},{"not_picked":["alterego_mod:Belts","alterego_mod:GoddessCore"],"picked":"alterego_mod:Vow","floor":5.0},{"not_picked":["alterego_mod:MaintainEyeContact","alterego_mod:1TonWallop"],"picked":"alterego_mod:Birthday","floor":7.0},{"not_picked":["alterego_mod:Smother","alterego_mod:GoddessCore"],"picked":"alterego_mod:Bounce","floor":8.0},{"not_picked":["alterego_mod:DeftHands","alterego_mod:1TonWallop"],"picked":"alterego_mod:Birthday","floor":13.0},{"not_picked":["alterego_mod:Cycle","alterego_mod:DeftHands"],"picked":"alterego_mod:Venus","floor":14.0},{"not_picked":["alterego_mod:ClassAdvantage","alterego_mod:Vow"],"picked":"alterego_mod:Rake","floor":16.0},{"not_picked":["alterego_mod:Punishment+1","alterego_mod:Stockings"],"picked":"alterego_mod:BiFurious","floor":18.0},{"not_picked":["alterego_mod:DeftHands","alterego_mod:Clap"],"picked":"alterego_mod:Bounce+1","floor":22.0},{"not_picked":["alterego_mod:TrashNCrash","alterego_mod:Complex+1"],"picked":"alterego_mod:SakuraFive","floor":24.0},{"not_picked":["alterego_mod:DiscoLights","alterego_mod:BiFurious","alterego_mod:Nekomimi"],"picked":"SKIP","floor":25},{"not_picked":["alterego_mod:MagicResistance","alterego_mod:DiscoLights"],"picked":"alterego_mod:Bounce+1","floor":28},{"not_picked":["alterego_mod:Maid","alterego_mod:Jiggle","alterego_mod:HighServant"],"picked":"SKIP","floor":30},{"not_picked":["alterego_mod:Undulate","alterego_mod:Cooking","alterego_mod:Stockings"],"picked":"SKIP","floor":31}],"player_experience":1131537,"relics_obtained":[{"floor":7.0,"key":"Pear"},{"floor":9.0,"key":"Tiny Chest"},{"floor":14.0,"key":"MealTicket"},{"floor":20.0,"key":"Happy Flower"},{"floor":24.0,"key":"Mercury Hourglass"},{"floor":26,"key":"Blood Vial"},{"floor":31,"key":"CeramicFish"}],"event_choices":[{"damage_healed":0.0,"max_hp_gain":0.0,"max_hp_loss":0.0,"gold_gain":175.0,"event_name":"betterThird:BetterSerpent","player_choice":"AGREE","floor":10.0,"gold_loss":0.0,"damage_taken":136.0},{"cards_removed":["Doubt"],"damage_healed":0.0,"max_hp_gain":0.0,"max_hp_loss":0.0,"gold_gain":0.0,"event_name":"Golden Wing","player_choice":"Card Removal","floor":11.0,"gold_loss":0.0,"damage_taken":7.0},{"cards_removed":["alterego_mod:Defend"],"damage_healed":0.0,"max_hp_gain":0.0,"max_hp_loss":0.0,"gold_gain":0.0,"event_name":"Designer","player_choice":"Upgrade and Remove","floor":19.0,"gold_loss":90.0,"damage_taken":0.0,"cards_upgraded":["alterego_mod:Defend"]},{"damage_healed":0,"gold_gain":0,"cards_transformed":["alterego_mod:Strike","alterego_mod:Defend"],"player_choice":"Became Test Subject","damage_taken":0,"max_hp_gain":0,"max_hp_loss":0,"event_name":"Drug Dealer","floor":29,"gold_loss":0,"cards_obtained":["alterego_mod:GoddessCore","alterego_mod:Nekomimi"]}],"is_beta":false,"boss_relics":[{"not_picked":["Busted Crown","Ectoplasm"],"picked":"Runic Dome"}],"items_purged_floors":[3,21],"is_endless":false,"potions_floor_spawned":[2,5,7,16,24,30],"killed_by":"Champ","ascension_level":14}}