{"host":"6xsbn6ynqlzwllfm","time":1608916924,"event":{"mods":["2.2 Compatiblity","BaseMod","Bestiary","Colored Map","Colored Powertips","Curses Come First","Downfall","Highlight Path","Keyboard Shortcuts","Minty Spire (QoL Compilation)","Quick Restart","Relic Stats","Slay the Relics Exporter","StSLib","SuperFastMode"],"gold_per_floor":[112,25,25,25,25,64,64,88,159,197,197,210,254,254,254],"floor_reached":14,"playtime":284,"items_purged":[],"score":262,"play_id":"031446ec-64f2-4965-abcc-4eb725a2eb48","local_time":"20201225122204","is_ascension_mode":true,"campfire_choices":[{"data":"Spot Weakness","floor":7,"key":"SMITH"},{"data":"Bloodletting","floor":11,"key":"SMITH"}],"circlet_count":0,"master_deck":["AscendersBane","Strike_R","Strike_R","Strike_R","Strike_R","Strike_R","Defend_R","Defend_R","Defend_R","Defend_R","Bash","Thunderclap","Spot Weakness+1","Regret","Wild Strike","Shrug It Off","Bloodletting+1","Limit Break"],"relics":["Burning Blood","NeowsBlessing","Champion Belt","Golden Idol","WingedGreaves","Meat on the Bone","Darkstone Periapt","Molten Egg 2"],"acts_visited":["Exordium"],"potions_floor_usage":[13,14],"damage_taken":[{"damage":0,"enemies":"Cultist","floor":1,"turns":1},{"damage":0,"enemies":"3 Sentries","floor":6,"turns":1},{"damage":0,"enemies":"Jaw Worm","floor":8,"turns":1},{"damage":28,"enemies":"Lagavulin","floor":10,"turns":6},{"damage":1,"enemies":"Small Slimes","floor":12,"turns":3},{"damage":47,"enemies":"3 Sentries","floor":13,"turns":8},{"damage":36,"enemies":"Gremlin Nob","floor":14,"turns":3}],"seed_played":"1370572248425730165","potions_obtained":[{"floor":1,"key":"BloodPotion"},{"floor":8,"key":"Fire Potion"}],"is_trial":false,"path_per_floor":["M","$","?","?","$","E","R","M","T","E","R","M","E","E"],"character_chosen":"IRONCLAD","items_purchased":["Spot Weakness"],"campfire_rested":0,"item_purchase_floors":[2],"current_hp_per_floor":[74,74,74,68,68,68,68,68,68,46,46,51,22,0,0],"gold":254,"neow_bonus":"THREE_ENEMY_KILL","is_daily":false,"chose_seed":false,"campfire_upgraded":2,"win_rate":0.0,"timestamp":1608916924,"path_taken":["M","?","?","?","$","E","R","M","T","E","R","M","E","E"],"items_purchased_type":["Card"],"build_version":"2020-12-22","purchased_purges":0,"victory":false,"max_hp_per_floor":[75,75,75,68,68,68,68,68,68,68,68,68,68,68,68],"relic_stats":{"Darkstone Periapt":0,"counters":[7,23],"Golden Idol":33,"Champion Belt":[8],"obtain_stats":[{"Darkstone Periapt":10,"NeowsBlessing":0,"Golden Idol":4,"Molten Egg 2":13,"WingedGreaves":6,"Champion Belt":3,"Burning Blood":0,"Meat on the Bone":9},{"Darkstone Periapt":4,"NeowsBlessing":0,"Golden Idol":1,"Molten Egg 2":6,"WingedGreaves":2,"Champion Belt":1,"Burning Blood":0,"Meat on the Bone":3},{"Darkstone Periapt":9,"NeowsBlessing":0,"Golden Idol":1,"Molten Egg 2":20,"WingedGreaves":2,"Champion Belt":1,"Burning Blood":0,"Meat on the Bone":3}],"Burning Blood":24,"Meat on the Bone":12},"card_choices":[{"not_picked":["Seeing Red","Body Slam"],"picked":"Thunderclap","floor":1},{"not_picked":["Flex","Hemokinesis"],"picked":"Wild Strike","floor":6},{"not_picked":["Thunderclap","Iron Wave"],"picked":"Shrug It Off","floor":8},{"not_picked":["Sever Soul","Body Slam"],"picked":"Bloodletting","floor":10},{"not_picked":["Perfected Strike+1","Heavy Blade+1"],"picked":"Limit Break","floor":13}],"player_experience":1254567,"relics_obtained":[{"floor":6,"key":"WingedGreaves"},{"floor":9,"key":"Meat on the Bone"},{"floor":10,"key":"Darkstone Periapt"},{"floor":13,"key":"Molten Egg 2"}],"event_choices":[{"damage_healed":0,"gold_gain":0,"player_choice":"Box","damage_taken":0,"relics_obtained":["Champion Belt"],"max_hp_gain":0,"max_hp_loss":0,"event_name":"Big Fish","floor":3,"gold_loss":0,"cards_obtained":["Regret"]},{"damage_healed":0,"gold_gain":0,"player_choice":"Lose Max HP","damage_taken":0,"relics_obtained":["Golden Idol"],"max_hp_gain":0,"max_hp_loss":7,"event_name":"Golden Idol","floor":4,"gold_loss":0}],"is_beta":false,"boss_relics":[],"items_purged_floors":[],"is_endless":false,"potions_floor_spawned":[1,8],"killed_by":"Gremlin Nob","ascension_level":20}}