{"host":"tpbmol9dayg75a5s","time":1608856100,"event":{"mods":["2.2 Compatiblity","BaseMod","Bestiary","Block Reminder","Colored Powertips","Downfall","Minty Spire (QoL Compilation)","Relic Stats","StSLib"],"gold_per_floor":[99,109,128,140,154,254,254,254,254,254],"floor_reached":8,"playtime":830,"items_purged":[],"score":55,"play_id":"9ccd81a4-07cf-4b21-9758-b1a227fc9f34","local_time":"20201224212820","is_ascension_mode":true,"campfire_choices":[{"floor":1,"key":"RECALL"}],"circlet_count":0,"master_deck":["champ:Strike","champ:Strike","champ:Strike","champ:Strike","champ:Defend","champ:Defend","champ:Defend","champ:Defend","champ:Execute","champ:Taunt","Blind","champ:RageSigil","champ:FlashCut","champ:Balance","champ:TornadoPunch","champ:DefensiveShout"],"relics":["champ:ChampionCrown","CloakClasp","Centennial Puzzle"],"acts_visited":["Exordium"],"potions_floor_usage":[],"damage_taken":[{"damage":10,"enemies":"Cultist","floor":2,"turns":5},{"damage":7,"enemies":"Jaw Worm","floor":3,"turns":4},{"damage":8,"enemies":"2 Louse","floor":4,"turns":2},{"damage":28,"enemies":"Gremlin Gang","floor":5,"turns":5},{"damage":60,"enemies":"Gremlin Gang","floor":6,"turns":15},{"damage":35,"enemies":"Gremlin Nob","floor":8,"turns":4}],"seed_played":"5004528595040193773","potions_obtained":[{"floor":3,"key":"Weak Potion"}],"is_trial":false,"path_per_floor":["R","M","M","M","M","?","T","E"],"character_chosen":"THE_CHAMP","items_purchased":[],"campfire_rested":0,"item_purchase_floors":[],"current_hp_per_floor":[90,90,88,80,57,26,26,0,0,0],"gold":254,"neow_bonus":"RANDOM_COLORLESS","is_daily":false,"chose_seed":false,"campfire_upgraded":0,"win_rate":0.0,"timestamp":1608856100,"path_taken":["R","M","?","M","M","?","T","E"],"items_purchased_type":[],"build_version":"2020-12-22","purchased_purges":0,"victory":false,"max_hp_per_floor":[90,90,90,90,90,90,90,90,90,90],"relic_stats":{"Centennial Puzzle":[3],"counters":[6,35],"CloakClasp":[11],"obtain_stats":[{"Centennial Puzzle":7,"champ:ChampionCrown":0,"CloakClasp":6},{"Centennial Puzzle":5,"champ:ChampionCrown":0,"CloakClasp":5},{"Centennial Puzzle":31,"champ:ChampionCrown":0,"CloakClasp":31}]},"card_choices":[{"not_picked":["Purity","expansioncontent:DarkVoid"],"picked":"Blind","floor":0},{"not_picked":["champ:BerserkersShout","champ:ShieldSigil"],"picked":"champ:RageSigil","floor":2},{"not_picked":["champ:BladeFlurry","champ:PerfectedStrike"],"picked":"champ:FlashCut","floor":3},{"not_picked":["champ:DefensiveShout","champ:AdrenalArmor"],"picked":"champ:Balance","floor":4},{"not_picked":["champ:RecklessLeap","champ:PerfectedStrike"],"picked":"champ:TornadoPunch","floor":5},{"not_picked":["champ:BringItOn","champ:GladiatorsShout"],"picked":"champ:DefensiveShout","floor":6}],"player_experience":978935,"relics_obtained":[{"floor":6,"key":"CloakClasp"},{"floor":7,"key":"Centennial Puzzle"}],"event_choices":[],"is_beta":false,"boss_relics":[],"items_purged_floors":[],"is_endless":false,"potions_floor_spawned":[3],"killed_by":"Gremlin Nob","ascension_level":3}}