{"host":"t7mx8yfj1no5p62f","time":1608870336,"event":{"mods":["BaseMod","Colored Map","Colored Powertips","Minty Spire (QoL Compilation)","Relic Stats","StSLib"],"gold_per_floor":[114,114,127,127,137,162,44,44,44,54,54,67,105,105,105,105,105],"floor_reached":16,"playtime":403,"items_purged":["Strike_B"],"score":220,"play_id":"a35a777e-5585-4106-8f90-0a0bcac5b984","local_time":"20201224232536","is_ascension_mode":true,"campfire_choices":[{"floor":8,"key":"REST"},{"data":"Doom and Gloom","floor":11,"key":"SMITH"},{"data":"Leap","floor":15,"key":"SMITH"}],"circlet_count":0,"master_deck":["AscendersBane","Strike_B","Strike_B","Strike_B+1","Defend_B","Defend_B+1","Defend_B","Defend_B","Zap","Dualcast","Compile Driver","Leap+1","Ball Lightning","Biased Cognition","Doom and Gloom+1","Redo"],"relics":["Cracked Core","CultistMask","StrikeDummy","InkBottle","CeramicFish"],"acts_visited":["Exordium"],"potions_floor_usage":[6,13,16],"damage_taken":[{"damage":3,"enemies":"2 Louse","floor":1,"turns":3},{"damage":0,"enemies":"Small Slimes","floor":3,"turns":3},{"damage":1,"enemies":"Cultist","floor":5,"turns":3},{"damage":38,"enemies":"Gremlin Nob","floor":6,"turns":4},{"damage":9,"enemies":"Exordium Thugs","floor":10,"turns":3},{"damage":0,"enemies":"2 Fungi Beasts","floor":12,"turns":2},{"damage":5,"enemies":"3 Sentries","floor":13,"turns":5},{"damage":19,"enemies":"The Guardian","floor":16,"turns":8}],"seed_played":"3399551974227087533","potions_obtained":[{"floor":3,"key":"FearPotion"},{"floor":10,"key":"GamblersBrew"},{"floor":12,"key":"BlessingOfTheForge"}],"is_trial":false,"path_per_floor":["M","?","M","?","M","E","$","R","T","M","R","M","E","T","R","B"],"character_chosen":"DEFECT","items_purchased":["Doom and Gloom"],"campfire_rested":1,"item_purchase_floors":[7],"current_hp_per_floor":[68,45,45,45,44,6,6,29,29,20,20,20,15,15,15,0,0],"gold":105,"neow_bonus":"TEN_PERCENT_HP_BONUS","is_daily":false,"chose_seed":false,"campfire_upgraded":2,"win_rate":0.0,"timestamp":1608870336,"path_taken":["M","?","M","?","M","E","$","R","T","?","R","M","E","?","R","BOSS"],"items_purchased_type":["Card"],"build_version":"2020-12-22","purchased_purges":1,"victory":false,"max_hp_per_floor":[78,78,78,78,78,78,78,78,78,78,78,78,78,78,78,78,78],"relic_stats":{"counters":[8,31],"CeramicFish":9,"obtain_stats":[{"CeramicFish":13,"CultistMask":4,"Cracked Core":0,"StrikeDummy":6,"InkBottle":9},{"CeramicFish":7,"CultistMask":2,"Cracked Core":0,"StrikeDummy":4,"InkBottle":4},{"CeramicFish":23,"CultistMask":6,"Cracked Core":0,"StrikeDummy":13,"InkBottle":13}],"InkBottle":[4]},"card_choices":[{"not_picked":["Beam Cell","Barrage"],"picked":"Compile Driver","floor":1},{"not_picked":["Storm","Hologram"],"picked":"Leap","floor":3},{"not_picked":["Coolheaded","Scrape"],"picked":"Ball Lightning","floor":5},{"not_picked":["Gash","Self Repair"],"picked":"Biased Cognition","floor":6},{"not_picked":["Rip and Tear","Redo","BootSequence"],"picked":"SKIP","floor":10},{"not_picked":["Aggregate","Blizzard","Stack"],"picked":"SKIP","floor":12},{"not_picked":["Stack","Blizzard"],"picked":"Redo","floor":13}],"player_experience":1587589,"relics_obtained":[{"floor":6,"key":"StrikeDummy"},{"floor":9,"key":"InkBottle"},{"floor":13,"key":"CeramicFish"}],"event_choices":[{"damage_healed":0,"gold_gain":0,"player_choice":"Entered Light","damage_taken":23,"max_hp_gain":0,"max_hp_loss":0,"event_name":"Shining Light","floor":2,"gold_loss":0,"cards_upgraded":["Strike_B","Defend_B"]},{"damage_healed":0,"gold_gain":0,"player_choice":"Trade","damage_taken":0,"relics_obtained":["CultistMask"],"max_hp_gain":0,"max_hp_loss":0,"event_name":"FaceTrader","floor":4,"gold_loss":0}],"is_beta":false,"boss_relics":[],"items_purged_floors":[7],"is_endless":false,"potions_floor_spawned":[3,10,12],"killed_by":"The Guardian","ascension_level":20}}