{"host":"njruw0b0uprlitpx","time":1608855304,"event":{"mods":["2.2 Compatiblity","Astrologer","Bartender","BaseMod","Better Altar","Better Match","Better Note","Better Sensory Stone","Better Skull","Better Third Choice","BetterRewards","Block Reminder","Chen","Colored Map","Colored Powertips","Jedi Mod","Keyboard Shortcuts","Magitek Elite","Minty Spire (QoL Compilation)","Quick Restart","Relic Stats","Replay The Spire","SacredBarkPlus","Spicy Shops","StSLib","SuperFastMode","The Disciple","The Evolution","The Forsaken","The Marked","The Mystic","The Necromancer","The Spell Scribe","TheVelvet","Wandering Minibosses"],"gold_per_floor":[118,118,118,189,206,206,231,231,231,243,6,6,48,77,77,176,176,193,193,193,193],"floor_reached":20,"playtime":1640,"items_purged":[],"score":274,"play_id":"5d255e55-8407-48e6-b8e1-cc29e991f64c","local_time":"20201224181504","is_ascension_mode":true,"campfire_choices":[{"data":"Chen:GlitterPoke","floor":6.0,"key":"SMITH"},{"data":"Chen:SelfControl","floor":8.0,"key":"SMITH"},{"data":"Chen:ResistTemptation","floor":12.0,"key":"SMITH"},{"floor":15.0,"key":"REST"}],"circlet_count":0,"master_deck":["Chen:PounceTurnTail","Chen:GlitterPoke+1","Chen:Catseye+1","Chen:TauntHiss","Chen:SelfControl+1","Chen:Sweep","Chen:Salvo","Chen:ResistTemptation+1","Chen:Copycat","Chen:StudySharpen","Chen:CurlUp","Chen:PhoenixEgg","Chen:SurpriseAttack","Chen:Unpredictable","Chen:Catseye","Chen:ShikigamiForm","Chen:EvasiveFireShift","Chen:FinalSpellCard","Chen:EvasiveFireShift","Chen:RecklessLeap","Chen:Adaptability","evolutionmod:Stampede+1"],"relics":["Chen:Catnip","NeowsBlessing","Ornamental Fan","Vajra","Replay:Kaleidoscope","Lee\u0027s Waffle","Iron Hammer","Pandora\u0027s Box"],"acts_visited":["Exordium","TheCity"],"potions_floor_usage":[],"damage_taken":[{"damage":0.0,"enemies":"Small Slimes","floor":1.0,"turns":1.0},{"damage":0.0,"enemies":"2 Louse","floor":5.0,"turns":2.0},{"damage":0.0,"enemies":"Lagavulin","floor":7.0,"turns":1.0},{"damage":0.0,"enemies":"Cultist","floor":10.0,"turns":3.0},{"damage":14.0,"enemies":"Gremlin Nob","floor":14.0,"turns":4.0},{"damage":29.0,"enemies":"The Guardian","floor":16.0,"turns":6.0},{"damage":0,"enemies":"Chosen","floor":18,"turns":4},{"damage":0,"enemies":"3 Byrds","floor":20,"turns":2}],"seed_played":"8757673678966209298","potions_obtained":[{"floor":1.0,"key":"Cursed Concoction"},{"floor":5.0,"key":"BlessingOfTheForge"},{"floor":13.0,"key":"Fire Potion"},{"floor":13.0,"key":"PowerPotion"}],"is_trial":false,"path_per_floor":["M","?","?","T","M","R","E","R","T","M","$","R","?","E","R","B",null,"M","?","M"],"character_chosen":"CHEN","items_purchased":["Chen:Salvo","Chen:ResistTemptation","Lee\u0027s Waffle"],"campfire_rested":1,"item_purchase_floors":[11,11,11],"current_hp_per_floor":[63,63,63,63,63,63,63,63,63,63,77,77,47,33,56,27,65,65,65,65,65],"gold":193,"neow_bonus":"THREE_ENEMY_KILL","is_daily":false,"chose_seed":false,"campfire_upgraded":3,"win_rate":0.0,"timestamp":1608855304,"path_taken":["M","?","?","?","?","R","E","R","T","M","$","R","?","E","R","BOSS","M","?","M"],"items_purchased_type":["Card","Card","Relic"],"build_version":"2020-12-22","purchased_purges":0,"victory":false,"max_hp_per_floor":[70,70,70,70,70,70,70,70,70,70,77,77,77,77,77,77,77,77,77,77,77],"relic_stats":{"Lee\u0027s Waffle":14,"counters":[57,165],"Ornamental Fan":[152],"Pandora\u0027s Box":["Chen:PhoenixEgg","Chen:SurpriseAttack","Chen:Unpredictable","Chen:Catseye","Chen:ShikigamiForm","Chen:EvasiveFireShift","Chen:FinalSpellCard","Chen:EvasiveFireShift","Chen:RecklessLeap"],"obtain_stats":[{"Replay:Accelerometer":43,"Vajra":45,"jedi:command_rare":24,"Ginger":14,"wanderingMiniBosses:OtherGremlinHorn":22,"Whetstone":39,"Boot":38,"Ring of Searing":2,"Replay:Wanted Poster":17,"Lizard Tail":0,"DollysMirror":39,"jedi:paperlyon":34,"Strawberry":36,"Philosopher\u0027s Stone":17,"Iron Hammer":47,"Kunai":56,"Replay:Wax Seal":0,"Toxic Egg 2":0,"Girya":0,"ReplayTheSpireMod:CursedCoin":31,"Blue Candle":26,"Astrolabe":36,"Eternal Feather":9,"Pen Nib":26,"Letter Opener":46,"Replay:Kaleidoscope":9,"Du-Vu Doll":39,"Replay:Baseball":7,"Molten Egg 2":2,"Simple Rune":0,"Pandora\u0027s Box":17,"StrikeDummy":31,"ReplayFunnel":28,"ReplayTheSpireMod:Ring of Exchange":46,"Lantern":0,"StoneCalendar":28,"Bag of Preparation":39,"Replay:Mystery Machine":9,"Replay:Bandana":0,"Chameleon Ring":10,"Chen:Catnip":0,"Toolbox":14,"Tiny Chest":28,"Chemical X":14,"Lee\u0027s Waffle":22,"BargainBundle":28,"NeowsBlessing":0,"Guide Book":0,"Quantum Egg":47,"Thread and Needle":42,"Replay:WaspNest":30,"Omamori":41,"MawBank":13,"Replay:Arrowhead":0,"Strange Spoon":28,"jedi:ominousloannote":39,"Ornamental Fan":4,"Ring of Fury":46,"Another Sword":24,"Durian":0,"Membership Card":0},{"Replay:Accelerometer":42,"Vajra":19,"jedi:command_rare":8,"Ginger":6,"wanderingMiniBosses:OtherGremlinHorn":34,"Whetstone":41,"Boot":41,"Ring of Searing":24,"Replay:Wanted Poster":31,"Lizard Tail":23,"DollysMirror":16,"jedi:paperlyon":39,"Strawberry":40,"Philosopher\u0027s Stone":7,"Iron Hammer":45,"Kunai":22,"Replay:Wax Seal":23,"Toxic Egg 2":47,"Girya":47,"ReplayTheSpireMod:CursedCoin":12,"Blue Candle":9,"Astrolabe":15,"Eternal Feather":4,"Pen Nib":36,"Letter Opener":45,"Replay:Kaleidoscope":52,"Du-Vu Doll":16,"Replay:Baseball":26,"Molten Egg 2":1,"Simple Rune":47,"Pandora\u0027s Box":55,"StrikeDummy":38,"ReplayFunnel":37,"ReplayTheSpireMod:Ring of Exchange":19,"Lantern":23,"StoneCalendar":10,"Bag of Preparation":16,"Replay:Mystery Machine":27,"Replay:Bandana":23,"Chameleon Ring":5,"Chen:Catnip":0,"Toolbox":30,"Tiny Chest":37,"Chemical X":30,"Lee\u0027s Waffle":8,"BargainBundle":37,"NeowsBlessing":49,"Guide Book":23,"Quantum Egg":45,"Thread and Needle":18,"Replay:WaspNest":12,"Omamori":42,"MawBank":30,"Replay:Arrowhead":47,"Strange Spoon":37,"jedi:ominousloannote":16,"Ornamental Fan":50,"Ring of Fury":19,"Another Sword":8,"Durian":23,"Membership Card":23},{"Replay:Accelerometer":121,"Vajra":58,"jedi:command_rare":27,"Ginger":18,"wanderingMiniBosses:OtherGremlinHorn":102,"Whetstone":119,"Boot":119,"Ring of Searing":76,"Replay:Wanted Poster":92,"Lizard Tail":74,"DollysMirror":50,"jedi:paperlyon":115,"Strawberry":117,"Philosopher\u0027s Stone":23,"Iron Hammer":129,"Kunai":68,"Replay:Wax Seal":74,"Toxic Egg 2":135,"Girya":135,"ReplayTheSpireMod:CursedCoin":38,"Blue Candle":30,"Astrolabe":47,"Eternal Feather":11,"Pen Nib":106,"Letter Opener":129,"Replay:Kaleidoscope":146,"Du-Vu Doll":50,"Replay:Baseball":80,"Molten Egg 2":2,"Simple Rune":135,"Pandora\u0027s Box":159,"StrikeDummy":111,"ReplayFunnel":109,"ReplayTheSpireMod:Ring of Exchange":58,"Lantern":74,"StoneCalendar":33,"Bag of Preparation":50,"Replay:Mystery Machine":81,"Replay:Bandana":74,"Chameleon Ring":16,"Chen:Catnip":0,"Toolbox":87,"Tiny Chest":109,"Chemical X":87,"Lee\u0027s Waffle":27,"BargainBundle":109,"NeowsBlessing":142,"Guide Book":74,"Quantum Egg":129,"Thread and Needle":55,"Replay:WaspNest":38,"Omamori":121,"MawBank":87,"Replay:Arrowhead":135,"Strange Spoon":109,"jedi:ominousloannote":50,"Ornamental Fan":143,"Ring of Fury":58,"Another Sword":27,"Durian":74,"Membership Card":74}]},"card_choices":[{"not_picked":["Chen:Excitement","Chen:Recuperate"],"picked":"Chen:Catseye","floor":1.0},{"not_picked":["Chen:RecklessLeap","Chen:PentagramFlight"],"picked":"Chen:TauntHiss","floor":5.0},{"not_picked":["Chen:Scratch","Chen:Honk"],"picked":"Chen:SelfControl","floor":7.0},{"not_picked":["Chen:TauntHiss","Chen:PentagramFlight"],"picked":"Chen:Sweep","floor":10.0},{"not_picked":["Chen:TauntHiss","Chen:Sweep"],"picked":"Chen:Copycat","floor":13.0},{"not_picked":["Chen:Sneak","Chen:EvasiveFireShift"],"picked":"Chen:StudySharpen","floor":14.0},{"not_picked":["Chen:Gash","Chen:Nimbleness"],"picked":"Chen:CurlUp","floor":16.0},{"not_picked":["Chen:Barrier","Chen:Instinct"],"picked":"Chen:Adaptability","floor":18}],"player_experience":1756694,"relics_obtained":[{"floor":4.0,"key":"Ornamental Fan"},{"floor":7.0,"key":"Vajra"},{"floor":9.0,"key":"Replay:Kaleidoscope"},{"floor":14.0,"key":"Iron Hammer"}],"event_choices":[{"damage_healed":0.0,"max_hp_gain":0.0,"max_hp_loss":0.0,"gold_gain":0.0,"event_name":"Living Wall","player_choice":"Grow","floor":3.0,"gold_loss":0.0,"damage_taken":0.0,"cards_upgraded":["Chen:Catseye"]},{"cards_removed":["Chen:FinalSpellCard"],"damage_healed":0,"gold_gain":0,"player_choice":"Take \u0026 Give","damage_taken":0,"max_hp_gain":0,"max_hp_loss":0,"event_name":"betterNote:BetterNote","floor":19,"gold_loss":0,"cards_obtained":["evolutionmod:Stampede"]}],"is_beta":false,"boss_relics":[{"not_picked":["Honey Jar","Replay:Drink Me"],"picked":"Pandora\u0027s Box"}],"items_purged_floors":[],"is_endless":false,"potions_floor_spawned":[1,5],"killed_by":"3 Byrds","ascension_level":7}}