{"host":"a4s27ghlnr83kbqz","time":1608895011,"event":{"mods":["AchievementEnabler","BaseMod","Colored Map","Minty Spire (QoL Compilation)","Permanent Neow","SuperFastMode"],"gold_per_floor":[111,122,47,65,85,85,110,120,169,180,180,180,192,203,203,203,203],"floor_reached":16,"playtime":450,"items_purged":["Strike_B"],"score":175,"play_id":"08ea99dd-0599-4cc4-8a05-69e968811dff","local_time":"20201225191651","is_ascension_mode":true,"campfire_choices":[{"data":"Dualcast","floor":6,"key":"SMITH"},{"data":"Zap","floor":12,"key":"SMITH"},{"data":"Darkness","floor":15,"key":"SMITH"}],"circlet_count":0,"master_deck":["AscendersBane","Strike_B","Strike_B","Defend_B","Defend_B","Defend_B","Defend_B","Zap+1","Dualcast+1","Static Discharge+1","Cold Snap","Conserve Battery","Coolheaded","Chill","Darkness+1"],"relics":["Cracked Core","DataDisk","Happy Flower"],"acts_visited":["Exordium"],"potions_floor_usage":[],"damage_taken":[{"damage":1,"enemies":"Cultist","floor":1,"turns":4},{"damage":7,"enemies":"2 Louse","floor":2,"turns":3},{"damage":9,"enemies":"Small Slimes","floor":4,"turns":4},{"damage":7,"enemies":"Exordium Wildlife","floor":5,"turns":4},{"damage":21,"enemies":"Gremlin Nob","floor":7,"turns":5},{"damage":0,"enemies":"Large Slime","floor":8,"turns":7},{"damage":2,"enemies":"Blue Slaver","floor":10,"turns":5},{"damage":2,"enemies":"2 Fungi Beasts","floor":13,"turns":3},{"damage":0,"enemies":"3 Louse","floor":14,"turns":3},{"damage":25,"enemies":"Hexaghost","floor":16,"turns":12}],"seed_played":"-1543647282724506083","potions_obtained":[{"floor":1,"key":"Strength Potion"},{"floor":10,"key":"SteroidPotion"}],"is_trial":false,"path_per_floor":["M","M","$","M","M","R","E","M","T","M","?","R","M","M","R","B"],"character_chosen":"DEFECT","items_purchased":[],"campfire_rested":0,"item_purchase_floors":[],"current_hp_per_floor":[67,60,60,51,44,44,23,23,23,21,21,21,19,19,19,0,0],"gold":203,"neow_bonus":"TRANSFORM_CARD","is_daily":false,"chose_seed":false,"campfire_upgraded":3,"win_rate":0.0,"timestamp":1608895011,"path_taken":["M","M","?","M","M","R","E","M","T","?","?","R","?","M","R","BOSS"],"items_purchased_type":[],"build_version":"2020-12-22","purchased_purges":1,"victory":false,"max_hp_per_floor":[75,75,75,75,75,75,75,75,75,75,75,75,75,75,75,75,75],"card_choices":[{"not_picked":["Blizzard","Fusion"],"picked":"Cold Snap","floor":1},{"not_picked":["Barrage","Stack"],"picked":"Conserve Battery","floor":2},{"not_picked":["Gash","Stack"],"picked":"Coolheaded","floor":4},{"not_picked":["Chill","Leap","Reinforced Body"],"picked":"SKIP","floor":5},{"not_picked":["Redo","Conserve Battery"],"picked":"Chill","floor":7},{"not_picked":["Hologram","Auto Shields","Barrage"],"picked":"SKIP","floor":8},{"not_picked":["Rebound","FTL"],"picked":"Darkness","floor":10},{"not_picked":["Stack","Darkness","Rainbow"],"picked":"SKIP","floor":13},{"not_picked":["Redo","Aggregate","Stack"],"picked":"SKIP","floor":14}],"player_experience":1045713,"relics_obtained":[{"floor":7,"key":"DataDisk"},{"floor":9,"key":"Happy Flower"}],"event_choices":[{"damage_healed":0,"gold_gain":0,"player_choice":"Upgraded","damage_taken":0,"max_hp_gain":0,"max_hp_loss":0,"event_name":"Upgrade Shrine","floor":11,"gold_loss":0,"cards_upgraded":["Static Discharge"]}],"is_beta":false,"boss_relics":[],"items_purged_floors":[3],"is_endless":false,"potions_floor_spawned":[1,10,13],"killed_by":"Hexaghost","ascension_level":13}}