{"host":"gkh5j5k5w4qf7k7n","time":1608875252,"event":{"mods":["2.2 Compatiblity","AchievementEnabler","Arknights The Spire","BaseMod","Colored Map","Colored Powertips","GifTheSpireLib","Keyboard Shortcuts","Minty Spire (QoL Compilation)","Quick Restart","StSLib","SuperFastMode","The Construct","The Dragon Tamer","The Marked","TheBandit","¡¼?Úª?ø«¡½REMEMod"],"gold_per_floor":[119,119,134,66,83,83,111,111,111,127,144,144,99,109,109,109,109],"floor_reached":16,"playtime":1325,"items_purged":[],"score":102,"play_id":"765de96a-188e-4fcb-b1f1-2e1871facc97","local_time":"20201225144732","is_ascension_mode":false,"campfire_choices":[{"data":"ats:Emotion Absorption","floor":6,"key":"SMITH"},{"data":"ats:Counter Healing Mode","floor":8,"key":"SMITH"},{"data":"ats:Part Time Job","floor":12,"key":"SMITH"},{"data":"ats:Armor Crushing Shot","floor":15,"key":"SMITH"}],"circlet_count":0,"master_deck":["ats:Strike C","ats:Strike S","ats:Armor Crushing Shot+1","ats:Defend","ats:Defend","ats:Defend","ats:Defend+1","ats:Emotion Absorption+1","DeusExMachina","ats:Counter Healing Mode+1","ats:Healing Drone","ats:Shell Defense","ats:Revitalization+1","ats:Part Time Job+1","ats:Thermite Blade","ats:Assault Order"],"relics":["ats:Sanity","REME_ComplimentaryCards","ats:Originium","War Paint"],"acts_visited":["Exordium"],"potions_floor_usage":[7,7,16],"damage_taken":[{"damage":2.0,"enemies":"2 Louse","floor":1.0,"turns":4.0},{"damage":7,"enemies":"Cultist","floor":3,"turns":5},{"damage":25,"enemies":"Jaw Worm","floor":5,"turns":8},{"damage":87,"enemies":"Lagavulin","floor":7,"turns":16},{"damage":26,"enemies":"3 Louse","floor":10,"turns":14},{"damage":54,"enemies":"Large Slime","floor":11,"turns":19},{"damage":20,"enemies":"Looter","floor":13,"turns":5},{"damage":48,"enemies":"Exordium Thugs","floor":14,"turns":8},{"damage":199,"enemies":"Hexaghost","floor":16,"turns":20}],"seed_played":"8601943992872377004","potions_obtained":[{"floor":1.0,"key":"Fruit Juice"},{"floor":5,"key":"ColorlessPotion"},{"floor":14,"key":"DistilledChaos"}],"is_trial":false,"path_per_floor":["M","?","M","$","M","R","E","R","T","M","M","R","M","M","R","B"],"character_chosen":"DOCTOR_CLASS","items_purchased":["ats:Healing Drone"],"campfire_rested":0,"item_purchase_floors":[4],"current_hp_per_floor":[70,70,63,63,54,54,13,13,13,77,77,77,77,76,76,0,0],"gold":109,"neow_bonus":"REMOVE_CARD","is_daily":false,"chose_seed":false,"campfire_upgraded":4,"win_rate":0.0,"timestamp":1608875252,"path_taken":["M","?","?","$","M","R","E","R","T","M","?","R","M","M","R","BOSS"],"items_purchased_type":["Card"],"build_version":"2020-12-22","purchased_purges":0,"victory":false,"max_hp_per_floor":[72,72,72,72,72,72,77,77,77,77,77,77,77,77,77,77,77],"card_choices":[{"not_picked":["ats:Leaping Hammer","ats:Flame Of Heaven"],"picked":"ats:Counter Healing Mode","floor":1.0},{"not_picked":["ats:Directed Diagnosis","ats:Assault Order","ats:Consecutive Shot Auto"],"picked":"SKIP","floor":3},{"not_picked":["ats:Counter Healing Mode","ats:Apocalypse"],"picked":"ats:Shell Defense","floor":5},{"not_picked":["ats:Flexible Camouflage","ats:Magnetic Hammer"],"picked":"ats:Revitalization","floor":7},{"not_picked":["ats:Mental Burst","ats:Directed Diagnosis"],"picked":"ats:Part Time Job","floor":10},{"not_picked":["ats:Sunburst","ats:Hammer On","ats:Explosion Area Strengthen"],"picked":"SKIP","floor":11},{"not_picked":["ats:Apocalypse","ats:Healing Drone"],"picked":"ats:Thermite Blade","floor":13},{"not_picked":["ats:Hammer On","ats:Childhood Dance"],"picked":"ats:Assault Order","floor":14}],"player_experience":929741,"relics_obtained":[{"floor":7,"key":"ats:Originium"},{"floor":7,"key":"War Paint"}],"event_choices":[{"cards_removed":["ats:Strike V"],"damage_healed":0,"gold_gain":0,"player_choice":"Purged","damage_taken":0,"max_hp_gain":0,"max_hp_loss":0,"event_name":"Purifier","floor":2,"gold_loss":0}],"is_beta":false,"boss_relics":[],"items_purged_floors":[],"is_endless":false,"potions_floor_spawned":[1,5,14],"killed_by":"Hexaghost","ascension_level":0}}