{"host":"8g24zuco0epbjwbo","time":1608933574,"event":{"mods":["BaseMod","Downfall","Minty Spire (QoL Compilation)","Relic Stats","StSLib"],"gold_per_floor":[99,99,99,99,99,124,204,240,69,96,96,121,147,156,169,280,330,255,276,297,28,28,38,90,111,141,66,106,106,149,149,159,266,275,275,295,304,163,163,175,175,175,197,251,176,194,300,327,344,344,344,344],"floor_reached":50,"playtime":2890,"items_purged":["champ:Strike","champ:Defend","champ:Defend"],"score":615,"play_id":"884ed033-6e66-4d1b-8590-d15cd1943cca","local_time":"20201225165934","is_ascension_mode":true,"campfire_choices":[{"floor":1.0,"key":"RECALL"},{"data":"champ:LastStand","floor":18.0,"key":"SMITH"},{"floor":27.0,"key":"REST"},{"floor":29.0,"key":"REST"},{"data":"champ:Devastate","floor":35.0,"key":"SMITH"},{"data":"champ:PerfectForm","floor":42.0,"key":"SMITH"},{"data":"champ:SwordThrow","floor":45.0,"key":"SMITH"}],"circlet_count":0,"master_deck":["champ:Strike","champ:Defend","champ:Execute","champ:Taunt","champ:Encircle","champ:Duel","champ:CrookedStrike+1","champ:BerserkersShout","champ:ShieldSigil","champ:Control","expansioncontent:QuickStudy","champ:LastStand+1","champ:RecklessLeap","champ:DeathBlow","champ:SwordThrow+1","champ:CheapShot","champ:CrookedStrike+1","champ:ArenaPreparation","expansioncontent:StudyTheSpire","champ:AdrenalArmor+1","champ:Devastate+1","champ:FocusedBerserking+1","champ:PerfectForm+1","CurseOfTheBell","expansioncontent:Chronoboost","champ:BerserkerStyle","champ:EndlessRage","champ:PerfectForm","champ:GladiatorStyle"],"relics":["champ:ChampionCrown","downfall:HeartsMalice","Akabeko","Mercury Hourglass","CeramicFish","Tiny House","downfall:HeartBlessingRed","Tiny Chest","Darkstone Periapt","downfall:HeartBlessingGreen","Bottled Flame","champ:DefensiveTrainingManual","Calling Bell","Vajra","Eternal Feather","Unceasing Top","Boot","downfall:HeartBlessingBlue","Membership Card","Kunai"],"acts_visited":["Exordium","TheCity","TheBeyond"],"potions_floor_usage":[],"damage_taken":[{"damage":0.0,"enemies":"2 Louse","floor":2.0,"turns":1.0},{"damage":0.0,"enemies":"Small Slimes","floor":3.0,"turns":1.0},{"damage":0.0,"enemies":"Cultist","floor":4.0,"turns":1.0},{"damage":34.0,"enemies":"Gremlin Nob","floor":6.0,"turns":5.0},{"damage":36.0,"enemies":"Lagavulin","floor":8.0,"turns":4.0},{"damage":15.0,"enemies":"downfall:FleeingMerchant","floor":9.0,"turns":4.0},{"damage":1.0,"enemies":"3 Louse","floor":10.0,"turns":2.0},{"damage":11.0,"enemies":"Blue Slaver","floor":12.0,"turns":3.0},{"damage":0.0,"enemies":"2 Fungi Beasts","floor":13.0,"turns":2.0},{"damage":20.0,"enemies":"Large Slime","floor":15.0,"turns":3.0},{"damage":42.0,"enemies":"downfall:Watcher","floor":16.0,"turns":6.0},{"damage":47.0,"enemies":"3 Byrds","floor":19.0,"turns":6.0},{"damage":46.0,"enemies":"Shell Parasite","floor":20.0,"turns":4.0},{"damage":32.0,"enemies":"downfall:FleeingMerchant","floor":21.0,"turns":4.0},{"damage":19.0,"enemies":"Sentry and Sphere","floor":23.0,"turns":5.0},{"damage":27.0,"enemies":"Centurion and Healer","floor":25.0,"turns":5.0},{"damage":32.0,"enemies":"Slavers","floor":26.0,"turns":4.0},{"damage":65.0,"enemies":"Book of Stabbing","floor":28.0,"turns":6.0},{"damage":34.0,"enemies":"Slavers","floor":30.0,"turns":8.0},{"damage":33.0,"enemies":"Chosen and Byrds","floor":32.0,"turns":6.0},{"damage":56.0,"enemies":"downfall:Defect","floor":33.0,"turns":6.0},{"damage":4.0,"enemies":"Orb Walker","floor":36.0,"turns":4.0},{"damage":45.0,"enemies":"downfall:FleeingMerchant","floor":38.0,"turns":5.0},{"damage":92.0,"enemies":"3 Darklings","floor":40.0,"turns":8.0},{"damage":76.0,"enemies":"Transient","floor":43.0,"turns":5.0},{"damage":48.0,"enemies":"4 Shapes","floor":46.0,"turns":8.0},{"damage":15.0,"enemies":"downfall:FleeingMerchant","floor":47.0,"turns":1.0},{"damage":39.0,"enemies":"Reptomancer","floor":48.0,"turns":5.0},{"damage":53.0,"enemies":"Sphere and 2 Shapes","floor":49.0,"turns":3.0},{"damage":43,"enemies":"downfall:Silent","floor":50,"turns":2}],"seed_played":"-1109734653160076812","potions_obtained":[{"floor":6.0,"key":"AttackPotion"},{"floor":8.0,"key":"Guardian:BlockOnCardUsePotion"},{"floor":10.0,"key":"DuplicationPotion"},{"floor":17.0,"key":"EntropicBrew"},{"floor":22.0,"key":"CultistPotion"}],"is_trial":false,"path_per_floor":["R","M","M","M","?","E","T","E","$","M","?","M","M","?","M","B",null,"R","M","M","$","?","M","T","M","E","R","E","R","E","?","M","B",null,"R","M","?","$","?","M","T","R","M","T","R","M","$","E","M","B"],"character_chosen":"THE_CHAMP","items_purchased":["expansioncontent:QuickStudy","expansioncontent:StudyTheSpire","champ:BerserkerStyle","Membership Card","champ:GladiatorStyle"],"campfire_rested":2,"item_purchase_floors":[9,21,38,47,47],"current_hp_per_floor":[90,90,90,90,90,63,63,49,49,48,48,42,42,42,42,22,95,95,79,60,55,55,50,50,45,29,57,30,58,36,67,57,33,101,101,100,100,100,100,58,58,73,56,56,81,60,60,54,41,0,0,0],"gold":344,"neow_bonus":"THREE_ENEMY_KILL","is_daily":false,"chose_seed":false,"campfire_upgraded":4,"win_rate":0.0,"timestamp":1608933574,"path_taken":["R","M","M","M","?","E","T","E","$","M","?","M","?","?","M","BOSS","R","M","M","$","?","M","T","M","E","R","E","R","E","?","M","BOSS","R","M","?","$","?","M","T","R","M","?","R","M","$","E","M","BOSS"],"items_purchased_type":["Card","Card","Card","Relic","Card"],"build_version":"2020-12-22","purchased_purges":3,"victory":false,"max_hp_per_floor":[90,90,90,90,90,90,90,90,90,90,90,90,90,90,90,90,95,95,95,95,95,95,95,95,95,95,95,95,95,95,95,95,95,101,101,101,101,101,101,101,101,101,101,101,111,111,111,111,111,111,111,111],"relic_stats":{"Darkstone Periapt":6,"counters":[30,122],"CeramicFish":189,"Tiny Chest":1,"Eternal Feather":30,"Kunai":[1],"Boot":[0],"obtain_stats":[{"Darkstone Periapt":26,"Tiny House":17,"downfall:HeartBlessingRed":18,"CeramicFish":8,"Vajra":34,"champ:ChampionCrown":0,"downfall:HeartsMalice":0,"downfall:HeartBlessingGreen":27,"Eternal Feather":34,"Boot":44,"Akabeko":6,"Mercury Hourglass":7,"Calling Bell":34,"Bottled Flame":28,"champ:DefensiveTrainingManual":30,"downfall:HeartBlessingBlue":45,"Tiny Chest":24,"Membership Card":47,"Kunai":48,"Unceasing Top":34},{"Darkstone Periapt":17,"Tiny House":11,"downfall:HeartBlessingRed":11,"CeramicFish":5,"Vajra":21,"champ:ChampionCrown":0,"downfall:HeartsMalice":0,"downfall:HeartBlessingGreen":17,"Eternal Feather":21,"Boot":25,"Akabeko":4,"Mercury Hourglass":4,"Calling Bell":21,"Bottled Flame":18,"champ:DefensiveTrainingManual":19,"downfall:HeartBlessingBlue":25,"Tiny Chest":15,"Membership Card":27,"Kunai":28,"Unceasing Top":21},{"Darkstone Periapt":56,"Tiny House":29,"downfall:HeartBlessingRed":29,"CeramicFish":9,"Vajra":82,"champ:ChampionCrown":0,"downfall:HeartsMalice":0,"downfall:HeartBlessingGreen":56,"Eternal Feather":82,"Boot":104,"Akabeko":5,"Mercury Hourglass":5,"Calling Bell":82,"Bottled Flame":62,"champ:DefensiveTrainingManual":70,"downfall:HeartBlessingBlue":104,"Tiny Chest":48,"Membership Card":113,"Kunai":118,"Unceasing Top":82}],"Unceasing Top":[0],"Mercury Hourglass":[463]},"card_choices":[{"not_picked":["champ:AdrenalArmor","champ:RageSigil"],"picked":"champ:Encircle","floor":2.0},{"not_picked":["champ:AdrenalArmor","champ:HeartStrike"],"picked":"champ:Duel","floor":3.0},{"not_picked":["champ:BringItOn","champ:FightOn"],"picked":"champ:CrookedStrike","floor":4.0},{"not_picked":["champ:Duel","champ:FanOfKnives"],"picked":"champ:BerserkersShout","floor":6.0},{"not_picked":["champ:CrookedStrike","champ:TornadoPunch"],"picked":"champ:ShieldSigil","floor":8.0},{"not_picked":["champ:GladiatorStyle","champ:RageSigil"],"picked":"champ:Control","floor":9.0},{"not_picked":["champ:Backstep","champ:EnGarde"],"picked":"champ:LastStand","floor":10.0},{"not_picked":["champ:PreciseThrust","champ:AdrenalArmor"],"picked":"champ:RecklessLeap","floor":12.0},{"not_picked":["champ:TornadoPunch","champ:GutPunch"],"picked":"champ:DeathBlow","floor":13.0},{"not_picked":["champ:AdrenalArmor","champ:FocusedBerserking","champ:Lariat"],"picked":"SKIP","floor":15.0},{"not_picked":["champ:IgnorePain","champ:EnchantSword"],"picked":"champ:CheapShot","floor":16.0},{"not_picked":["champ:BerserkersShout","champ:ShieldSigil"],"picked":"champ:CrookedStrike+1","floor":19.0},{"not_picked":["champ:RageSigil","champ:GutPunch"],"picked":"champ:ArenaPreparation","floor":20.0},{"not_picked":["champ:CheapShot","champ:Lariat+1","champ:Backstep"],"picked":"SKIP","floor":21.0},{"not_picked":["champ:GladiatorStyle","champ:RageSigil","champ:BladeFlurry+1"],"picked":"SKIP","floor":23.0},{"not_picked":["champ:Riposte","champ:HeartStrike"],"picked":"champ:AdrenalArmor+1","floor":25.0},{"not_picked":["champ:AdrenalArmor","champ:ShieldSigil","champ:Riposte+1"],"picked":"SKIP","floor":26.0},{"not_picked":["champ:CheapShot","champ:Duel"],"picked":"champ:Devastate","floor":28.0},{"not_picked":["champ:ShieldWall+1","champ:HeavySlash"],"picked":"champ:FocusedBerserking+1","floor":30.0},{"not_picked":["champ:ShieldSigil+1","champ:PerfectedStrike","champ:FlashCut"],"picked":"SKIP","floor":32.0},{"not_picked":["champ:IgnorePain","champ:EnchantCrown"],"picked":"champ:PerfectForm","floor":33.0},{"not_picked":["champ:Backstep","champ:TornadoPunch+1","champ:FocusedBerserking"],"picked":"SKIP","floor":36.0},{"not_picked":["expansioncontent:PrepareCrush","expansioncontent:Hexaburn"],"picked":"expansioncontent:Chronoboost","floor":37.0},{"not_picked":["champ:HeartStrike","champ:RapidStrikes","champ:BerserkersShout"],"picked":"SKIP","floor":38.0},{"not_picked":["champ:Backstep","champ:IronFortress+1","champ:GladiatorsShout"],"picked":"SKIP","floor":40.0},{"not_picked":["champ:CalledShot+1","champ:SkillfulDodge"],"picked":"champ:EndlessRage","floor":43.0},{"not_picked":["champ:StanceDance+1","champ:FanOfKnives+1","champ:Riposte"],"picked":"SKIP","floor":46.0},{"not_picked":["champ:PerfectedStrike+1","champ:FocusedGladiator+1"],"picked":"champ:PerfectForm","floor":47.0},{"not_picked":["champ:EnGarde+1","champ:Circumvent","champ:BerserkersShout"],"picked":"SKIP","floor":48.0},{"not_picked":["champ:DeathBlow+1","champ:TornadoPunch","champ:CrookedStrike"],"picked":"SKIP","floor":49.0}],"player_experience":436139,"relics_obtained":[{"floor":6.0,"key":"Akabeko"},{"floor":7.0,"key":"Mercury Hourglass"},{"floor":8.0,"key":"CeramicFish"},{"floor":24.0,"key":"Tiny Chest"},{"floor":26.0,"key":"Darkstone Periapt"},{"floor":28.0,"key":"Bottled Flame"},{"floor":30.0,"key":"champ:DefensiveTrainingManual"},{"floor":34.0,"key":"Vajra"},{"floor":34.0,"key":"Eternal Feather"},{"floor":34.0,"key":"Unceasing Top"},{"floor":44.0,"key":"Boot"},{"floor":48.0,"key":"Kunai"}],"event_choices":[{"cards_removed":["champ:Strike"],"damage_healed":0.0,"max_hp_gain":0.0,"max_hp_loss":0.0,"gold_gain":0.0,"event_name":"Bonfire Elementals","player_choice":"Offered Basic","floor":11.0,"gold_loss":0.0,"damage_taken":0.0},{"damage_healed":0.0,"max_hp_gain":0.0,"max_hp_loss":0.0,"gold_gain":0.0,"cards_transformed":["champ:Defend"],"event_name":"Living Wall","player_choice":"Change","floor":14.0,"gold_loss":0.0,"damage_taken":0.0,"cards_obtained":["champ:SwordThrow"]},{"damage_healed":31.0,"max_hp_gain":0.0,"max_hp_loss":0.0,"gold_gain":0.0,"event_name":"The Library","player_choice":"Heal","floor":31.0,"gold_loss":0.0,"damage_taken":0.0},{"cards_removed":["champ:Strike"],"damage_healed":0.0,"max_hp_gain":0.0,"max_hp_loss":0.0,"gold_gain":0.0,"event_name":"Falling","player_choice":"Removed Attack","floor":39.0,"gold_loss":0.0,"damage_taken":0.0}],"is_beta":false,"boss_relics":[{"not_picked":["Runic Dome","Coffee Dripper"],"picked":"Tiny House"},{"not_picked":["Philosopher\u0027s Stone","Busted Crown"],"picked":"Calling Bell"}],"items_purged_floors":[21,38,47],"is_endless":false,"potions_floor_spawned":[6,8,10,16,20,23,28,30,32,36,43,48],"killed_by":"downfall:Silent","ascension_level":1}}