{"host":"opgesw7sb5n0ordz","time":1608871978,"event":{"mods":["BaseMod","Better Note","Colored Powertips","Downfall","Minty Spire (QoL Compilation)","Relic Stats","StSLib","Unceasing Turn Reminder"],"gold_per_floor":[99,99,118,138,155,155,155,172,200,200,233,233,249,259,279,279,279,279],"floor_reached":16,"playtime":846,"items_purged":[],"score":114,"play_id":"835acd71-54e7-4b41-8f6b-ae409362fb56","local_time":"20201224235258","is_ascension_mode":false,"campfire_choices":[{"data":"champ:FocusedDefense","floor":1,"key":"SMITH"},{"data":"champ:Control","floor":6,"key":"SMITH"},{"floor":10,"key":"REST"}],"circlet_count":0,"master_deck":["champ:Execute","champ:Taunt","champ:FanOfKnives","champ:PerfectForm","champ:FightOn","champ:Devastate","champ:Control+1","champ:FocusedDefense+1","champ:ShieldThrow","champ:DefensiveStyle","champ:Circumvent","champ:BringItOn","champ:BerserkerStyle","champ:LastStand","champ:CalledShot","champ:Haymaker","champ:TornadoPunch","champ:Backstep"],"relics":["Pandora\u0027s Box","Matryoshka","Juzu Bracelet","Letter Opener"],"acts_visited":["Exordium"],"potions_floor_usage":[16,16],"damage_taken":[{"damage":12,"enemies":"Small Slimes","floor":3,"turns":5},{"damage":13,"enemies":"Cultist","floor":4,"turns":3},{"damage":7,"enemies":"Jaw Worm","floor":5,"turns":4},{"damage":16,"enemies":"Blue Slaver","floor":8,"turns":4},{"damage":45,"enemies":"3 Sentries","floor":9,"turns":7},{"damage":25,"enemies":"Gremlin Nob","floor":11,"turns":5},{"damage":23,"enemies":"Red Slaver","floor":13,"turns":3},{"damage":0,"enemies":"Large Slime","floor":14,"turns":3},{"damage":3,"enemies":"Blue Slaver","floor":15,"turns":3},{"damage":5,"enemies":"downfall:Defect","floor":16,"turns":4}],"seed_played":"4191803407753304455","potions_obtained":[{"floor":3,"key":"CultistPotion"},{"floor":5,"key":"AttackPotion"},{"floor":8,"key":"SmokeBomb"},{"floor":13,"key":"SkillPotion"}],"is_trial":false,"path_per_floor":["R","?","M","M","M","R","T","M","E","R","E","?","M","M","M","B"],"character_chosen":"THE_CHAMP","items_purchased":[],"campfire_rested":1,"item_purchase_floors":[],"current_hp_per_floor":[90,90,78,78,71,71,71,59,21,48,26,26,5,5,2,0,0,0],"gold":279,"neow_bonus":"BOSS_RELIC","is_daily":false,"chose_seed":false,"campfire_upgraded":2,"win_rate":0.0,"timestamp":1608871978,"path_taken":["R","?","?","M","M","R","T","M","E","R","E","?","M","M","M","BOSS"],"items_purchased_type":[],"build_version":"2020-12-22","purchased_purges":0,"victory":false,"max_hp_per_floor":[90,90,90,90,90,90,90,90,90,90,90,90,90,90,90,90,90,90],"relic_stats":{"counters":[10,41],"Pandora\u0027s Box":["champ:FanOfKnives","champ:PerfectForm","champ:FightOn","champ:FocusedBerserking","champ:Devastate","champ:Control","champ:FocusedDefense","champ:ShieldThrow"],"Juzu Bracelet":0,"Letter Opener":[9],"obtain_stats":[{"Matryoshka":7,"champ:ChampionCrown":0,"Pandora\u0027s Box":0,"Juzu Bracelet":9,"Letter Opener":11},{"Matryoshka":3,"champ:ChampionCrown":0,"Pandora\u0027s Box":0,"Juzu Bracelet":5,"Letter Opener":6},{"Matryoshka":12,"champ:ChampionCrown":0,"Pandora\u0027s Box":0,"Juzu Bracelet":23,"Letter Opener":28}]},"card_choices":[{"not_picked":["champ:EndlessRage","champ:BringItOn"],"picked":"champ:DefensiveStyle","floor":3},{"not_picked":["champ:Control","champ:StanceDance"],"picked":"champ:Circumvent","floor":4},{"not_picked":["champ:HeartStrike","champ:StanceDance"],"picked":"champ:BringItOn","floor":5},{"not_picked":["champ:BladeFlurry","champ:DefensiveStyle"],"picked":"champ:BerserkerStyle","floor":8},{"not_picked":["champ:FightOn","champ:EnGarde"],"picked":"champ:LastStand","floor":9},{"not_picked":["champ:BladeFlurry","champ:BerserkerStyle"],"picked":"champ:CalledShot","floor":11},{"not_picked":["champ:GutPunch","champ:DefensiveShout"],"picked":"champ:Haymaker","floor":13},{"not_picked":["champ:FlashCut","champ:RecklessLeap"],"picked":"champ:TornadoPunch","floor":14},{"not_picked":["champ:Circumvent","champ:Riposte"],"picked":"champ:Backstep","floor":15}],"player_experience":731621,"relics_obtained":[{"floor":7,"key":"Matryoshka"},{"floor":9,"key":"Juzu Bracelet"},{"floor":11,"key":"Letter Opener"}],"event_choices":[{"cards_removed":["champ:FocusedBerserking"],"damage_healed":0,"gold_gain":0,"player_choice":"Purged","damage_taken":0,"max_hp_gain":0,"max_hp_loss":0,"event_name":"Purifier","floor":2,"gold_loss":0}],"is_beta":false,"boss_relics":[],"items_purged_floors":[],"is_endless":false,"potions_floor_spawned":[3,5,8,13,14],"killed_by":"downfall:Defect","ascension_level":0}}