{"host":"30t73aj4w3oq1hk8","time":1608865207,"event":{"mods":["BaseMod","Colored Map","Colored Powertips","Minty Spire (QoL Compilation)","Random Character Button","StSLib"],"gold_per_floor":[110,285,285,303,313,342,342,367,367,367,442,461,461,486,486,589,589,607,607,140,152,8,36,36,53,76,76,76,76,90,15,15,117,117,133,133,133,1132,1148,1248,1262,1279,1302,1302,281,292,309,323,323,323],"floor_reached":51,"playtime":1420,"items_purged":["Normality"],"score":805,"play_id":"b61cfeb7-1f6d-47c5-b284-e87dde7ecda3","local_time":"20201224220007","is_ascension_mode":true,"campfire_choices":[{"floor":7,"key":"REST"},{"floor":10,"key":"REST"},{"floor":15,"key":"REST"},{"floor":24,"key":"REST"},{"data":"Defragment","floor":28,"key":"SMITH"},{"floor":32,"key":"REST"},{"floor":49,"key":"REST"}],"circlet_count":0,"master_deck":["Strike_B+1","Strike_B+1","Strike_B+1","Strike_B+1","Defend_B+1","Defend_B+1","Defend_B+1","Defend_B+1","Zap+1","Dualcast","Conserve Battery","Go for the Eyes","Ball Lightning","Conserve Battery","Redo","Leap","Chaos","Echo Form","Chaos+1","Electrodynamics","Defragment+1","Defragment+1","Sweeping Beam+1","Go for the Eyes+1","Glacier","Turbo+1","Thunder Strike+1","Capacitor+1","Aggregate","Good Instincts","The Bomb","Parasite","Hello World+1","Undo+1"],"relics":["Cracked Core","StrikeDummy","Ice Cream","StoneCalendar","Meat on the Bone","Juzu Bracelet","Nuclear Battery","Molten Egg 2","OrangePellets","Bronze Scales","Omamori","DataDisk","TungstenRod","Sozu","Vajra","Emotion Chip","Question Card","Cauldron"],"acts_visited":["Exordium","TheCity","TheBeyond"],"potions_floor_usage":[6,14,16,23,33,50],"damage_taken":[{"damage":0,"enemies":"Small Slimes","floor":1,"turns":3},{"damage":1,"enemies":"2 Louse","floor":4,"turns":3},{"damage":0,"enemies":"Cultist","floor":5,"turns":3},{"damage":36,"enemies":"Gremlin Nob","floor":6,"turns":4},{"damage":34,"enemies":"Lagavulin","floor":8,"turns":7},{"damage":6,"enemies":"Exordium Wildlife","floor":12,"turns":3},{"damage":10,"enemies":"3 Sentries","floor":14,"turns":5},{"damage":17,"enemies":"The Guardian","floor":16,"turns":8},{"damage":17,"enemies":"Chosen","floor":18,"turns":6},{"damage":0,"enemies":"Spheric Guardian","floor":21,"turns":5},{"damage":23,"enemies":"Gremlin Leader","floor":23,"turns":6},{"damage":11,"enemies":"3 Cultists","floor":25,"turns":4},{"damage":11,"enemies":"Snake Plant","floor":30,"turns":4},{"damage":1,"enemies":"Collector","floor":33,"turns":7},{"damage":11,"enemies":"Orb Walker","floor":35,"turns":3},{"damage":11,"enemies":"3 Darklings","floor":39,"turns":3},{"damage":18,"enemies":"Sphere and 2 Shapes","floor":41,"turns":3},{"damage":0,"enemies":"Maw","floor":42,"turns":7},{"damage":5,"enemies":"Writhing Mass","floor":46,"turns":5},{"damage":14,"enemies":"Transient","floor":47,"turns":5},{"damage":0,"enemies":"Sphere and 2 Shapes","floor":48,"turns":4},{"damage":49,"enemies":"Donu and Deca","floor":50,"turns":7}],"seed_played":"-4180743498267015286","potions_obtained":[{"floor":1,"key":"FearPotion"},{"floor":5,"key":"GamblersBrew"},{"floor":8,"key":"LiquidBronze"},{"floor":12,"key":"ColorlessPotion"},{"floor":18,"key":"AttackPotion"},{"floor":30,"key":"Ancient Potion"}],"is_trial":false,"path_per_floor":["M","?","?","M","M","E","R","E","T","R","?","M","T","E","R","B",null,"M","?","$","M","$","E","R","M","T","?","R","?","M","?","R","B",null,"M","?","?","?","M","?","M","M","T","?","$","M","M","M","R","B",null],"character_chosen":"DEFECT","items_purchased":["Molten Egg 2","OrangePellets","Defragment","Bronze Scales","Emotion Chip","Question Card","Cauldron","Good Instincts","The Bomb"],"campfire_rested":6,"item_purchase_floors":[20,20,20,22,45,45,45,45,45],"current_hp_per_floor":[82,82,82,81,81,45,69,35,35,59,48,42,42,44,68,51,82,65,65,65,65,65,42,66,55,55,55,55,55,44,44,68,67,82,71,71,71,71,60,60,42,42,42,42,42,49,47,47,70,33],"gold":323,"neow_bonus":"TEN_PERCENT_HP_BONUS","is_daily":false,"chose_seed":false,"campfire_upgraded":1,"win_rate":0.0,"timestamp":1608865207,"path_taken":["M","?","?","?","M","E","R","E","T","R","?","M","?","E","R","BOSS","M","?","$","M","$","E","R","M","T","?","R","?","M","?","R","BOSS","M","?","?","?","M","?","M","M","T","?","$","M","M","M","R","BOSS"],"items_purchased_type":["Relic","Relic","Card","Relic","Relic","Relic","Relic","Card","Card"],"build_version":"2020-12-22","purchased_purges":1,"victory":true,"max_hp_per_floor":[82,82,82,82,82,82,82,82,82,82,82,82,82,82,82,82,82,82,82,82,82,82,82,82,82,82,82,82,82,82,82,82,82,82,82,78,78,78,78,78,78,78,78,78,78,78,78,78,78,78],"card_choices":[{"not_picked":["Melter","Darkness"],"picked":"Conserve Battery","floor":1},{"not_picked":["Redo","Rebound"],"picked":"Go for the Eyes","floor":4},{"not_picked":["Turbo","Go for the Eyes"],"picked":"Ball Lightning","floor":5},{"not_picked":["Steam","Force Field"],"picked":"Conserve Battery","floor":6},{"not_picked":["Streamline","Fusion"],"picked":"Redo","floor":8},{"not_picked":["Lockon","Chaos"],"picked":"Leap","floor":12},{"not_picked":["Gash","Aggregate"],"picked":"Chaos","floor":14},{"not_picked":["Rainbow","Seek"],"picked":"Echo Form","floor":16},{"not_picked":["Blizzard","Rebound"],"picked":"Chaos+1","floor":18},{"not_picked":["Coolheaded","Melter+1"],"picked":"Sweeping Beam+1","floor":21},{"not_picked":["Ball Lightning+1","Stack"],"picked":"Go for the Eyes+1","floor":23},{"not_picked":["Cold Snap+1","Gash+1"],"picked":"Glacier","floor":25},{"not_picked":["FTL+1","Capacitor"],"picked":"Turbo+1","floor":30},{"not_picked":["All For One+1","Reboot"],"picked":"Thunder Strike+1","floor":33},{"not_picked":["Turbo+1","Ball Lightning+1"],"picked":"Capacitor+1","floor":35},{"not_picked":["Beam Cell+1","Lockon+1","Go for the Eyes+1"],"picked":"SKIP","floor":39},{"not_picked":["Rip and Tear+1","Heatsinks+1","Thunder Strike+1"],"picked":"SKIP","floor":41},{"not_picked":["Fusion","Redo"],"picked":"Aggregate","floor":42},{"not_picked":["Chill","Stack+1","Steam Power","Gash+1"],"picked":"SKIP","floor":46},{"not_picked":["Steam+1","Streamline+1","Cold Snap+1"],"picked":"Hello World+1","floor":47},{"not_picked":["Glacier","Barrage+1","Storm"],"picked":"Undo+1","floor":48}],"player_experience":682671,"relics_obtained":[{"floor":6,"key":"StrikeDummy"},{"floor":8,"key":"Ice Cream"},{"floor":9,"key":"StoneCalendar"},{"floor":13,"key":"Meat on the Bone"},{"floor":14,"key":"Juzu Bracelet"},{"floor":23,"key":"Omamori"},{"floor":26,"key":"DataDisk"},{"floor":43,"key":"Vajra"}],"event_choices":[{"damage_healed":0,"gold_gain":175,"player_choice":"AGREE","damage_taken":0,"max_hp_gain":0,"max_hp_loss":0,"event_name":"Liars Game","floor":2,"gold_loss":0,"cards_obtained":["Doubt"]},{"damage_healed":0,"gold_gain":0,"player_choice":"Forge","damage_taken":0,"max_hp_gain":0,"max_hp_loss":0,"event_name":"Accursed Blacksmith","floor":3,"gold_loss":0,"cards_upgraded":["Zap"]},{"damage_healed":0,"gold_gain":75,"player_choice":"Gather Gold","damage_taken":11,"max_hp_gain":0,"max_hp_loss":0,"event_name":"World of Goop","floor":11,"gold_loss":0},{"damage_healed":0,"gold_gain":0,"player_choice":"2 cards matched","damage_taken":0,"max_hp_gain":0,"max_hp_loss":0,"event_name":"Match and Keep!","floor":19,"gold_loss":0,"cards_obtained":["Electrodynamics","Defragment"]},{"damage_healed":0,"gold_gain":0,"player_choice":"Stole Relic","damage_taken":0,"relics_obtained":["TungstenRod"],"max_hp_gain":0,"max_hp_loss":0,"event_name":"Addict","floor":27,"gold_loss":0,"cards_obtained":["Shame"]},{"damage_healed":0,"gold_gain":0,"player_choice":"Simplicity","damage_taken":0,"max_hp_gain":0,"max_hp_loss":0,"event_name":"Back to Basics","floor":29,"gold_loss":0,"cards_upgraded":["Strike_B","Strike_B","Strike_B","Strike_B","Defend_B","Defend_B","Defend_B","Defend_B"]},{"cards_removed":["Doubt"],"damage_healed":0,"gold_gain":0,"player_choice":"Gave Gold","damage_taken":0,"max_hp_gain":0,"max_hp_loss":0,"event_name":"Beggar","floor":31,"gold_loss":75},{"damage_healed":0,"gold_gain":0,"player_choice":"Max HP","damage_taken":0,"max_hp_gain":0,"max_hp_loss":4,"event_name":"Winding Halls","floor":36,"gold_loss":0},{"damage_healed":0,"gold_gain":0,"player_choice":"Upgraded","damage_taken":0,"max_hp_gain":0,"max_hp_loss":0,"event_name":"Upgrade Shrine","floor":37,"gold_loss":0,"cards_upgraded":["Defragment"]},{"damage_healed":0,"gold_gain":999,"player_choice":"Gold","damage_taken":0,"max_hp_gain":0,"max_hp_loss":0,"event_name":"MindBloom","floor":38,"gold_loss":0,"cards_obtained":["Normality","Normality"]},{"damage_healed":0,"gold_gain":100,"player_choice":"Pray","damage_taken":0,"max_hp_gain":0,"max_hp_loss":0,"event_name":"Golden Shrine","floor":40,"gold_loss":0},{"damage_healed":0,"gold_gain":0,"player_choice":"Ignored","damage_taken":0,"max_hp_gain":0,"max_hp_loss":0,"event_name":"Tomb of Lord Red Mask","floor":44,"gold_loss":0}],"is_beta":false,"boss_relics":[{"not_picked":["Runic Dome","Runic Pyramid"],"picked":"Nuclear Battery"},{"not_picked":["SacredBark","Pandora\u0027s Box"],"picked":"Sozu"}],"items_purged_floors":[45],"is_endless":false,"potions_floor_spawned":[1,5,8,12,18,30,39,41,42],"ascension_level":3}}