{"host":"pjgcdp3h1plnbocs","time":1608929363,"event":{"mods":["AchievementEnabler","BaseMod","Colored Map","Highlight Path","Minty Spire (QoL Compilation)"],"gold_per_floor":[112,129,142,155,155,155,185,185,185,185,216,226,83,101,101,206,206,206,206],"floor_reached":18,"playtime":640,"items_purged":[],"score":241,"play_id":"3fa970b0-1461-48a0-8335-50f95ef8345d","local_time":"20201225214923","is_ascension_mode":true,"campfire_choices":[{"data":"Zap","floor":6,"key":"SMITH"},{"data":"Dualcast","floor":10,"key":"SMITH"},{"data":"Redo","floor":15,"key":"SMITH"}],"circlet_count":0,"master_deck":["Strike_B","Strike_B","Defend_B","Defend_B","Defend_B","Defend_B","Zap+1","Dualcast+1","Cold Snap","Conserve Battery","Glacier","Coolheaded","Redo+1","Protect","Burst"],"relics":["Cracked Core","Art of War","Turnip","White Beast Statue","Darkstone Periapt","PrismaticShard","Philosopher\u0027s Stone"],"acts_visited":["Exordium","TheCity"],"potions_floor_usage":[7,16],"damage_taken":[{"damage":0,"enemies":"Cultist","floor":1,"turns":4},{"damage":0,"enemies":"Jaw Worm","floor":2,"turns":4},{"damage":0,"enemies":"2 Louse","floor":3,"turns":3},{"damage":7,"enemies":"Exordium Wildlife","floor":4,"turns":7},{"damage":10,"enemies":"Gremlin Nob","floor":7,"turns":4},{"damage":9,"enemies":"Lagavulin","floor":11,"turns":11},{"damage":0,"enemies":"Looter","floor":12,"turns":3},{"damage":0,"enemies":"3 Louse","floor":14,"turns":5},{"damage":3,"enemies":"Hexaghost","floor":16,"turns":13},{"damage":17,"enemies":"3 Byrds","floor":18,"turns":2}],"seed_played":"1816966292379530510","potions_obtained":[{"floor":1,"key":"ColorlessPotion"},{"floor":4,"key":"EssenceOfDarkness"},{"floor":11,"key":"Dexterity Potion"},{"floor":12,"key":"CultistPotion"},{"floor":16,"key":"Explosive Potion"}],"is_trial":false,"path_per_floor":["M","M","M","M","?","R","E","?","T","R","E","M","$","M","R","B",null,"M"],"character_chosen":"DEFECT","items_purchased":["PrismaticShard"],"campfire_rested":0,"item_purchase_floors":[13],"current_hp_per_floor":[68,68,68,61,54,54,44,37,37,37,28,28,28,28,28,25,63,46,46],"gold":206,"neow_bonus":"REMOVE_CARD","is_daily":false,"chose_seed":false,"campfire_upgraded":3,"win_rate":0.0,"timestamp":1608929363,"path_taken":["M","?","M","M","?","R","E","?","T","R","E","M","$","M","R","BOSS","M"],"items_purchased_type":["Relic"],"build_version":"2020-12-22","purchased_purges":0,"victory":false,"max_hp_per_floor":[75,75,75,75,75,75,75,75,75,75,75,75,75,75,75,75,75,75,75],"card_choices":[{"not_picked":["Steam","Stack"],"picked":"Cold Snap","floor":1},{"not_picked":["Turbo","Conserve Battery","Hologram"],"picked":"SKIP","floor":2},{"not_picked":["Turbo","Hologram"],"picked":"Conserve Battery","floor":2},{"not_picked":["Streamline","Double Energy"],"picked":"Glacier","floor":3},{"not_picked":["Barrage","Sunder","Go for the Eyes"],"picked":"SKIP","floor":4},{"not_picked":["Amplify","Beam Cell"],"picked":"Coolheaded","floor":7},{"not_picked":["Rebound","White Noise","Barrage"],"picked":"SKIP","floor":11},{"not_picked":["Recycle","Steam"],"picked":"Redo","floor":12},{"not_picked":["Clothesline","Hologram"],"picked":"Protect","floor":14},{"not_picked":["HandOfGreed","Blasphemy"],"picked":"Burst","floor":16}],"player_experience":163246,"relics_obtained":[{"floor":7,"key":"Turnip"},{"floor":9,"key":"White Beast Statue"},{"floor":11,"key":"Darkstone Periapt"}],"event_choices":[{"damage_healed":0,"gold_gain":0,"player_choice":"Success","damage_taken":7,"relics_obtained":["Art of War"],"max_hp_gain":0,"max_hp_loss":0,"event_name":"Scrap Ooze","floor":5,"gold_loss":0},{"cards_removed":["Strike_B"],"damage_healed":0,"gold_gain":0,"player_choice":"Card Removal","damage_taken":7,"max_hp_gain":0,"max_hp_loss":0,"event_name":"Golden Wing","floor":8,"gold_loss":0}],"is_beta":false,"boss_relics":[{"not_picked":["Fusion Hammer","Velvet Choker"],"picked":"Philosopher\u0027s Stone"}],"items_purged_floors":[],"is_endless":false,"potions_floor_spawned":[1,4,11,12,14,16],"killed_by":"3 Byrds","ascension_level":8}}