{"host":"3wgbc8rrx8r5g476","time":1608939106,"event":{"mods":["2.2 Compatiblity","Act Like it!","BaseMod","Bestiary","Better Note","Better Third Choice","Colored Powertips","Dota2Spire","Downfall","Friendly Minions","Halation","Hubris","Infinite Spire","Minty Spire (QoL Compilation)","Replay The Spire","Shade Mod","Shedinja","Shop Mod","StSLib","The Alterego","The Death Knight","The Dragon Tamer","The Druid","The Marked","TheFirefly","Trackpad","Uncapped","Wandering Minibosses","vexMod"],"gold_per_floor":[99,99,24,24,24,24,24,51,51,77,62,79,109,123,134,233,233,158,158,173,186,213,225,225,225,245,278,297,320,334,334,345,446,546,546,546,546],"floor_reached":35,"playtime":2570,"items_purged":[],"score":505,"play_id":"34a8a7a5-1b01-41f3-a250-4d2858f6ded4","local_time":"20201226003146","is_ascension_mode":false,"campfire_choices":[{"floor":1.0,"key":"RECALL"},{"data":"champ:Taunt","floor":3.0,"key":"SMITH"},{"data":"champ:Execute","floor":5.0,"key":"SMITH"},{"data":"champ:AdrenalArmor","floor":25.0,"key":"SMITH"}],"circlet_count":0,"master_deck":["champ:Strike","champ:Strike","champ:Strike","champ:Strike","champ:Defend","champ:Defend","champ:Defend","champ:Defend","champ:Execute+1","champ:Taunt+1","CommonCold","champ:GutPunch+1","champ:ViciousMockery+1","champ:ShieldWall","champ:AdrenalArmor+1","champ:DefensiveStyle","champ:DefensiveStyle","champ:Improvising+1","Guardian:Orbwalk","champ:Encircle","champ:FocusedBerserking+1","champ:CalledShot","champ:BerserkersShout","champ:AdrenalArmor+1","champ:HoldFirm+1","CurseOfTheBell"],"relics":["champ:ChampionCrown","downfall:HeartsMalice","downfall:HeartBlessingRed","hubris:Towel","infinitespire:EmpoweringShard","Golden Egg","infinitespire:Satchel","Dota2Spire:BladeMail","Black Star","downfall:HeartBlessingGreen","trackpad:ByrdCharm","Tiny Chest","Counterbalance","hubris:Potato","hubris:GlazedTorus","Bronze Scales","halation:OrihimeAndHikoboshiSamaAndTears","Replay:Grab Bag","Replay:Wanted Poster","trackpad:Trackpad","Calling Bell","SlaversCollar","Pet Ghost","halation:WeightlessCrab","trackpad:HandOfMidas"],"acts_visited":["Exordium","TheCity","TheBeyond"],"potions_floor_usage":[],"damage_taken":[{"damage":0.0,"enemies":"3 Sentries","floor":8.0,"turns":1.0},{"damage":0.0,"enemies":"downfall:FleeingMerchant","floor":9.0,"turns":1.0},{"damage":0.0,"enemies":"Gremlin Nob","floor":10.0,"turns":1.0},{"damage":8.0,"enemies":"downfall:FleeingMerchant","floor":11.0,"turns":4.0},{"damage":6.0,"enemies":"Small Slimes","floor":12.0,"turns":3.0},{"damage":3.0,"enemies":"2 Louse","floor":14.0,"turns":2.0},{"damage":2.0,"enemies":"Jaw Worm","floor":15.0,"turns":3.0},{"damage":78.0,"enemies":"downfall:Defect","floor":16.0,"turns":7.0},{"damage":20.0,"enemies":"3 Byrds","floor":20.0,"turns":3.0},{"damage":41.0,"enemies":"3 Cultists","floor":21.0,"turns":6.0},{"damage":43.0,"enemies":"Gremlin Leader","floor":22.0,"turns":7.0},{"damage":23.0,"enemies":"Chosen and Byrds","floor":23.0,"turns":6.0},{"damage":23.0,"enemies":"Snake Plant","floor":26.0,"turns":4.0},{"damage":74.0,"enemies":"Nightmare","floor":27.0,"turns":7.0},{"damage":4.0,"enemies":"Centurion and Healer","floor":28.0,"turns":6.0},{"damage":17.0,"enemies":"Shelled Parasite and Fungi","floor":30.0,"turns":4.0},{"damage":19.0,"enemies":"Snake Plant","floor":32.0,"turns":4.0},{"damage":14.0,"enemies":"downfall:Watcher","floor":33.0,"turns":6.0}],"seed_played":"1334534614021894923","potions_obtained":[{"floor":12.0,"key":"Dexterity Potion"},{"floor":15.0,"key":"Dexterity Potion"},{"floor":16.0,"key":"Reflective Coating"},{"floor":26.0,"key":"Ancient Potion"},{"floor":30.0,"key":"PowerPotion"}],"is_trial":false,"path_per_floor":["R","?","R","?","R","?","T","E","$","E","$","M","?","M","M","B",null,"R","?","M","M","E","M","T","R","M","NM","M","T","M","T","M","B",null,"R"],"character_chosen":"THE_CHAMP","items_purchased":[],"campfire_rested":0,"item_purchase_floors":[],"current_hp_per_floor":[90,90,90,90,90,90,90,90,90,90,90,89,89,89,89,40,90,90,90,75,61,59,57,57,57,51,47,73,73,60,60,68,95,95,95,95,95],"gold":546,"neow_bonus":"THREE_ENEMY_KILL","is_daily":false,"chose_seed":false,"campfire_upgraded":3,"win_rate":0.0,"timestamp":1608939106,"path_taken":["R","?","R","?","R","?","T","E","?","E","$","M","?","M","M","BOSS","R","?","M","?","E","?","T","R","?","NM","M","?","M","?","M","BOSS","R"],"items_purchased_type":[],"build_version":"2020-12-22","purchased_purges":0,"victory":false,"max_hp_per_floor":[90,90,90,90,90,90,90,90,90,90,90,90,90,90,90,90,90,90,90,90,90,90,90,90,90,90,95,95,95,95,95,95,95,95,95,95,95],"card_choices":[{"not_picked":["champ:FanOfKnives","champ:BringItOn"],"picked":"champ:GutPunch","floor":8.0},{"not_picked":["champ:CrookedStrike","champ:TornadoPunch"],"picked":"champ:ViciousMockery","floor":9.0},{"not_picked":["champ:EnGarde","champ:FightOn"],"picked":"champ:ShieldWall","floor":10.0},{"not_picked":["champ:FaceSlap","champ:Haymaker","champ:GutPunch"],"picked":"SKIP","floor":11.0},{"not_picked":["champ:GladiatorsShout","champ:Shatter"],"picked":"champ:AdrenalArmor","floor":12.0},{"not_picked":["champ:AdrenalArmor","champ:FanOfKnives"],"picked":"champ:DefensiveStyle","floor":14.0},{"not_picked":["champ:Haymaker","champ:IronFortress"],"picked":"champ:DefensiveStyle","floor":15.0},{"not_picked":["champ:HeavySlash","champ:ShieldThrow"],"picked":"champ:Improvising","floor":16.0},{"not_picked":["champ:Backstep+1","champ:RapidStrikes+1"],"picked":"champ:Encircle","floor":20.0},{"not_picked":["champ:DefensiveShout","champ:FlashCut"],"picked":"champ:FocusedBerserking+1","floor":21.0},{"not_picked":["champ:FanOfKnives+1","champ:PerfectedStrike"],"picked":"champ:FightOn","floor":22.0},{"not_picked":["champ:CrookedStrike","champ:FocusedBerserking"],"picked":"champ:CalledShot","floor":23.0},{"not_picked":["champ:Circumvent","champ:BladeFlurry","champ:Backstep"],"picked":"SKIP","floor":26.0},{"not_picked":["champ:Circumvent","champ:BladeFlurry","champ:Backstep"],"picked":"SKIP","floor":26.0},{"not_picked":["champ:PerfectedStrike","champ:TornadoPunch+1"],"picked":"champ:BerserkersShout","floor":27.0},{"not_picked":["champ:Haymaker+1","champ:BringItOn","champ:SteelEdge"],"picked":"SKIP","floor":28.0},{"not_picked":["champ:FaceSlap+1","champ:DeathBlow"],"picked":"champ:AdrenalArmor+1","floor":30.0},{"not_picked":["champ:EnragedBash","champ:AdrenalArmor","champ:BringItOn"],"picked":"SKIP","floor":32.0},{"not_picked":["champ:ShieldSlam","champ:DancingMaster"],"picked":"champ:HoldFirm","floor":33.0}],"player_experience":511679,"relics_obtained":[{"floor":7.0,"key":"infinitespire:EmpoweringShard"},{"floor":8.0,"key":"Golden Egg"},{"floor":10.0,"key":"infinitespire:Satchel"},{"floor":22.0,"key":"trackpad:ByrdCharm"},{"floor":22.0,"key":"Tiny Chest"},{"floor":24.0,"key":"Counterbalance"},{"floor":27.0,"key":"hubris:Potato"},{"floor":27.0,"key":"hubris:GlazedTorus"},{"floor":29.0,"key":"Bronze Scales"},{"floor":31.0,"key":"halation:OrihimeAndHikoboshiSamaAndTears"},{"floor":34.0,"key":"Pet Ghost"},{"floor":34.0,"key":"halation:WeightlessCrab"},{"floor":34.0,"key":"trackpad:HandOfMidas"}],"event_choices":[{"cards_removed":["champ:ShieldWall"],"damage_healed":0.0,"max_hp_gain":0.0,"max_hp_loss":0.0,"gold_gain":0.0,"event_name":"betterNote:BetterNote","player_choice":"Take \u0026 Give","floor":19.0,"gold_loss":0.0,"damage_taken":0.0,"cards_obtained":["Guardian:Orbwalk"]}],"is_beta":false,"boss_relics":[{"not_picked":["halation:MonkeysPaw","Dota2Spire:RefresherOrb"],"picked":"Black Star"},{"not_picked":["halation:SmartPhone","hubris:BlackHole"],"picked":"Replay:Grab Bag"},{"not_picked":["Philosopher\u0027s Stone","halation:IncompleteEncyclopedia"],"picked":"Replay:Wanted Poster"},{"not_picked":["halation:ForbiddenBikini","hubris:CrackedHourglass"],"picked":"trackpad:Trackpad"},{"not_picked":["SacredBark","Ring of Chaos"],"picked":"Calling Bell"},{"not_picked":["halation:Risk","halation:HeavySnake"],"picked":"SlaversCollar"}],"items_purged_floors":[],"is_endless":true,"potions_floor_spawned":[12,15,16,21,26,28,30],"ascension_level":0}}