{"host":"sc0o2qwpf9j16a4i","time":1608939847,"event":{"mods":["AchievementEnabler","BaseMod","BetterRewards","Block Reminder","Colored Map","Colored Powertips","Custom Start","Highlight Path","Minty Spire (QoL Compilation)","Relic Stats"],"gold_per_floor":[115,126,126,146,163,163,192,205,229,229,244,274,274,289,289,289,289],"floor_reached":16,"playtime":461,"items_purged":[],"score":328,"play_id":"01e09011-bc03-4830-b1a4-818a0acb14dc","local_time":"20201226014407","is_ascension_mode":true,"campfire_choices":[{"floor":6,"key":"REST"},{"floor":10,"key":"REST"},{"floor":15,"key":"REST"}],"circlet_count":0,"master_deck":["AscendersBane","Strike_B","Strike_B","Strike_B+1","Strike_B","Defend_B","Defend_B","Defend_B","Defend_B","Zap","Dualcast","Rip and Tear+1","Leap","Compile Driver+1","Cold Snap","Fission","Ball Lightning","Conserve Battery","Glacier"],"relics":["Cracked Core","Bronze Scales","OrangePellets","Shovel","Ancient Tea Set","Whetstone","Anchor","Happy Flower"],"acts_visited":["Exordium"],"potions_floor_usage":[5,14],"damage_taken":[{"damage":0,"enemies":"Cultist","floor":1,"turns":3},{"damage":0,"enemies":"2 Louse","floor":2,"turns":2},{"damage":0,"enemies":"Small Slimes","floor":4,"turns":2},{"damage":8,"enemies":"Gremlin Gang","floor":5,"turns":3},{"damage":25,"enemies":"3 Sentries","floor":7,"turns":11},{"damage":0,"enemies":"2 Fungi Beasts","floor":8,"turns":2},{"damage":4,"enemies":"Large Slime","floor":11,"turns":3},{"damage":30,"enemies":"Lagavulin","floor":12,"turns":7},{"damage":16,"enemies":"Exordium Thugs","floor":14,"turns":3},{"damage":26,"enemies":"Hexaghost","floor":16,"turns":9}],"seed_played":"4031639513472476165","potions_obtained":[{"floor":4,"key":"Energy Potion"},{"floor":8,"key":"SneckoOil"},{"floor":11,"key":"Energy Potion"}],"is_trial":false,"path_per_floor":["M","M","?","M","M","R","E","M","T","R","M","E","?","M","R","B"],"character_chosen":"DEFECT","items_purchased":["Bronze Scales","OrangePellets","Shovel","Rip and Tear"],"campfire_rested":3,"item_purchase_floors":[0,0,0,0],"current_hp_per_floor":[42,42,42,42,34,55,30,30,30,51,47,17,17,1,22,0,0],"gold":289,"neow_bonus":"","is_daily":false,"chose_seed":false,"campfire_upgraded":0,"win_rate":0.0,"timestamp":1608939847,"path_taken":["M","?","?","M","M","R","E","M","T","R","M","E","?","M","R","BOSS"],"items_purchased_type":["Relic","Relic","Relic","Card"],"build_version":"2020-12-22","purchased_purges":0,"victory":false,"max_hp_per_floor":[71,71,71,71,71,71,71,71,71,71,71,71,71,71,71,71,71],"relic_stats":{"OrangePellets":[0],"Shovel":0,"Happy Flower":[4],"counters":[47,196],"Bronze Scales":[230],"Whetstone":["Strike_B","Compile Driver"],"obtain_stats":[{"Whetstone":9,"Ancient Tea Set":7,"Centennial Puzzle":9,"Shovel":0,"MealTicket":0,"Cracked Core":0,"InkBottle":13,"Potion Belt":26,"Girya":9,"Lee\u0027s Waffle":0,"Happy Flower":13,"Astrolabe":17,"Eternal Feather":2,"Pen Nib":23,"Omamori":7,"Orichalcum":23,"OrangePellets":0,"Anchor":0,"DataDisk":7,"Ornamental Fan":9,"Bronze Scales":12,"Molten Egg 2":12,"Black Star":17,"Membership Card":0,"Meat on the Bone":7},{"Whetstone":43,"Ancient Tea Set":42,"Centennial Puzzle":30,"Shovel":37,"MealTicket":0,"Cracked Core":0,"InkBottle":31,"Potion Belt":36,"Girya":5,"Lee\u0027s Waffle":25,"Happy Flower":45,"Astrolabe":9,"Eternal Feather":26,"Pen Nib":36,"Omamori":20,"Orichalcum":36,"OrangePellets":37,"Anchor":12,"DataDisk":29,"Ornamental Fan":20,"Bronze Scales":30,"Molten Egg 2":23,"Black Star":33,"Membership Card":12,"Meat on the Bone":5},{"Whetstone":174,"Ancient Tea Set":172,"Centennial Puzzle":118,"Shovel":151,"MealTicket":0,"Cracked Core":0,"InkBottle":124,"Potion Belt":147,"Girya":19,"Lee\u0027s Waffle":102,"Happy Flower":184,"Astrolabe":32,"Eternal Feather":105,"Pen Nib":147,"Omamori":78,"Orichalcum":147,"OrangePellets":151,"Anchor":46,"DataDisk":115,"Ornamental Fan":78,"Bronze Scales":118,"Molten Egg 2":92,"Black Star":134,"Membership Card":46,"Meat on the Bone":19}]},"card_choices":[{"not_picked":["Gash","Turbo"],"picked":"Leap","floor":1},{"not_picked":["Rebound","Go for the Eyes"],"picked":"Compile Driver","floor":2},{"not_picked":["White Noise","Go for the Eyes"],"picked":"Cold Snap","floor":4},{"not_picked":["Scrape","Aggregate","Leap"],"picked":"SKIP","floor":5},{"not_picked":["Aggregate","Chaos"],"picked":"Fission","floor":7},{"not_picked":["Hello World","Aggregate"],"picked":"Ball Lightning","floor":8},{"not_picked":["Compile Driver","Double Energy","Stack"],"picked":"SKIP","floor":11},{"not_picked":["Lockon","Sweeping Beam"],"picked":"Conserve Battery","floor":12},{"not_picked":["Hologram","Coolheaded"],"picked":"Glacier","floor":14}],"player_experience":375223,"relics_obtained":[{"floor":7,"key":"Ancient Tea Set"},{"floor":9,"key":"Whetstone"},{"floor":12,"key":"Anchor"}],"event_choices":[{"damage_healed":0,"gold_gain":0,"player_choice":"Grow","damage_taken":0,"max_hp_gain":0,"max_hp_loss":0,"event_name":"Living Wall","floor":3,"gold_loss":0,"cards_upgraded":["Rip and Tear"]},{"damage_healed":0,"gold_gain":0,"player_choice":"Gave Potion","damage_taken":0,"relics_obtained":["Happy Flower"],"max_hp_gain":0,"max_hp_loss":0,"event_name":"WeMeetAgain","floor":13,"gold_loss":0}],"is_beta":false,"boss_relics":[],"items_purged_floors":[],"is_endless":false,"potions_floor_spawned":[4,8,11],"killed_by":"Hexaghost","ascension_level":20}}