{"host":"hqvh779b89tfrjxy","time":1608909391,"event":{"mods":["Act Like it!","BaseMod","Better Third Choice","Downfall","Elementarium","Filter the Spire","GifTheSpireLib","Minty Spire (QoL Compilation)","Replay The Spire","Spicy Shops","StSLib"],"gold_per_floor":[117,117,133,153,173,173,204,204,231,262,262,276,303,321,321,422,422,442,460,523,448,461,461,496,496,496,507,538,619,650,388,388,527,527,565,596,596,656,352,401,401,429,454,454,487,487,558,618,618,648,648,648,187,254,282],"floor_reached":56,"playtime":1861,"items_purged":["Strike_R","Strike_R","Strike_R"],"score":2293,"play_id":"f97c7db5-b949-4eef-9365-728226d96c2e","local_time":"20201225161631","is_ascension_mode":true,"campfire_choices":[{"data":"Whirlwind","floor":6.0,"key":"SMITH"},{"data":"ReplayTheSpireMod:Limb From Limb","floor":8.0,"key":"SMITH"},{"data":"ReplayTheSpireMod:Limb From Limb","floor":11,"key":"SMITH"},{"data":"Immolate","floor":15,"key":"SMITH"},{"data":"Fiend Fire","floor":23,"key":"SMITH"},{"data":"Bash","floor":25,"key":"SMITH"},{"data":"Replay:SS_fish_3","floor":32,"key":"SMITH"},{"data":"Clothesline","floor":41,"key":"SMITH"},{"floor":44,"key":"RECALL"},{"data":"Crow Ritual","floor":49,"key":"SMITH"},{"data":"Fire Breathing","floor":52,"key":"SMITH"}],"circlet_count":0,"master_deck":["Strike_R+1","Defend_R+1","Defend_R","Defend_R","Defend_R+2","Bash+1","ReplayTheSpireMod:Limb From Limb+1","Barricade","Whirlwind+1","ReplayTheSpireMod:Limb From Limb+1","Immolate+1","Fiend Fire+1","Replay:SS_fish_3+1","AbeCurse","Clothesline+1","Fire Breathing+1","expansioncontent:FaceSlap","Crow Ritual+1","expansioncontent:DefensiveStance","ReplayUltimateDefense","Battle Trance+1"],"relics":["Snecko Eye","FaceOfCleric","Akabeko","Bag of Preparation","Replay:Mystery Machine","Replay:Bottled Steam","Coffee Dripper","Mummified Hand","MealTicket","Mango","HornCleat","Replay:Bandana","Membership Card","Abe\u0027s Treasure","Kunai","Replay:Accelerometer","TungstenRod","FossilizedHelix","CaptainsWheel","ReplayTheSpireMod:ShopPack","War Paint","Simple Rune","Lantern","BargainBundle","Bronze Scales"],"acts_visited":["Exordium","TheCity","TheBeyond","TheEnding"],"potions_floor_usage":[20,28,42,55,55],"damage_taken":[{"damage":6.0,"enemies":"2 Louse","floor":1.0,"turns":2.0},{"damage":1.0,"enemies":"Cultist","floor":3.0,"turns":3.0},{"damage":0.0,"enemies":"Jaw Worm","floor":4.0,"turns":1.0},{"damage":0.0,"enemies":"Blue Slaver","floor":5.0,"turns":2.0},{"damage":30.0,"enemies":"Lagavulin","floor":7.0,"turns":4.0},{"damage":0,"enemies":"3 Sentries","floor":10,"turns":1},{"damage":0,"enemies":"Gremlin Gang","floor":12,"turns":1},{"damage":0,"enemies":"Lagavulin","floor":13,"turns":3},{"damage":0,"enemies":"2 Fungi Beasts","floor":14,"turns":2},{"damage":0,"enemies":"Slime Boss","floor":16,"turns":2},{"damage":0,"enemies":"Shell Parasite","floor":18,"turns":1},{"damage":0,"enemies":"3 Byrds","floor":19,"turns":2},{"damage":0,"enemies":"Centurion and Healer","floor":22,"turns":2},{"damage":0,"enemies":"Replay:Snechameleon","floor":24,"turns":1},{"damage":0,"enemies":"Cultist and Chosen","floor":27,"turns":2},{"damage":12,"enemies":"Gremlin Leader","floor":28,"turns":1},{"damage":0,"enemies":"Slavers","floor":30,"turns":1},{"damage":21,"enemies":"Pondfish","floor":33,"turns":3},{"damage":0,"enemies":"3 Darklings","floor":35,"turns":2},{"damage":0,"enemies":"3 Shapes","floor":36,"turns":1},{"damage":0,"enemies":"Transient","floor":38,"turns":5},{"damage":3,"enemies":"R_Hoarder","floor":40,"turns":5},{"damage":0,"enemies":"Jaw Worm Horde","floor":42,"turns":1},{"damage":0,"enemies":"Sphere and 2 Shapes","floor":45,"turns":1},{"damage":0,"enemies":"Giant Head","floor":47,"turns":3},{"damage":0,"enemies":"Transient","floor":48,"turns":5},{"damage":30,"enemies":"Time Eater","floor":50,"turns":5},{"damage":0,"enemies":"Shield and Spear","floor":54,"turns":1},{"damage":36,"enemies":"The Heart","floor":55,"turns":5}],"seed_played":"-7554245615830895322","potions_obtained":[{"floor":3.0,"key":"Venom Potion"},{"floor":4.0,"key":"Milkshake"},{"floor":12,"key":"Elixir"},{"floor":13,"key":"Dexterity Potion"},{"floor":18,"key":"ColorlessPotion"},{"floor":20,"key":"Fruit Juice"},{"floor":20,"key":"Death Potion"},{"floor":28,"key":"DistilledChaos"}],"is_trial":false,"path_per_floor":["M","?","M","M","M","R","E","R","T","E","R","M","E","M","R","B",null,"M","M","?","?","M","R","E","R","T","M","E","T","E","$","R","B",null,"M","M","?","M","$","E","R","M","T","R","M","?","E","M","R","B",null,"R","$","E","B",null],"character_chosen":"IRONCLAD","items_purchased":["Membership Card","Replay:SS_fish_3","Kunai","Replay:Accelerometer","TungstenRod","CaptainsWheel","ReplayTheSpireMod:ShopPack","War Paint","Simple Rune","Lantern","BargainBundle","ColorlessPotion"],"campfire_rested":0,"item_purchase_floors":[31,31,39,39,39,53,53,53,53,53,53,53],"current_hp_per_floor":[66,66,66,67,68,68,39,39,39,40,40,41,42,43,43,44,78,79,80,63,63,64,64,65,65,65,66,69,69,70,85,85,65,103,104,105,105,106,113,111,111,112,112,112,113,104,105,106,106,77,109,109,119,120,85],"gold":282,"neow_bonus":"BOSS_RELIC","is_daily":false,"chose_seed":false,"campfire_upgraded":10,"win_rate":0.0,"timestamp":1608909391,"path_taken":["M","?","M","M","M","R","E","R","T","E","R","M","E","M","R","BOSS","M","?","?","?","M","R","E","R","T","M","E","?","E","$","R","BOSS","M","?","?","M","$","E","R","M","T","R","M","?","E","M","R","BOSS","R","$","E","BOSS"],"items_purchased_type":["Relic","Card","Relic","Relic","Relic","Relic","Relic","Relic","Relic","Relic","Relic","Potion"],"build_version":"2020-12-22","purchased_purges":3,"victory":true,"max_hp_per_floor":[80,80,81,82,83,83,84,84,84,85,85,86,87,88,88,89,89,90,91,96,96,97,97,98,98,98,99,114,114,115,115,115,116,116,117,118,112,113,113,114,114,115,115,115,116,116,117,118,118,119,119,119,119,120,121],"card_choices":[{"not_picked":["Clash","Anger","Flex"],"picked":"SKIP","floor":1.0},{"not_picked":["Pommel Strike","True Grit"],"picked":"ReplayTheSpireMod:Limb From Limb","floor":3.0},{"not_picked":["Havoc","Dropkick"],"picked":"Barricade","floor":4.0},{"not_picked":["Clash","Sever Soul"],"picked":"Whirlwind","floor":5.0},{"not_picked":["Replay:Undeath\u0027s Touch","Anger","Rampage"],"picked":"SKIP","floor":7.0},{"not_picked":["Intimidate","Clothesline"],"picked":"ReplayTheSpireMod:Limb From Limb","floor":10},{"not_picked":["Pommel Strike","Cleave","Twin Strike"],"picked":"SKIP","floor":12},{"not_picked":["Pommel Strike","Massacre"],"picked":"Immolate","floor":13},{"not_picked":["Hemokinesis","ReplayTheSpireMod:Muscle Training","Rampage"],"picked":"SKIP","floor":14},{"not_picked":["Impervious","Demonic Infusion"],"picked":"Fiend Fire","floor":16},{"not_picked":["Rage+1","Havoc+1","True Grit+1"],"picked":"SKIP","floor":18},{"not_picked":["Anger","Sword Boomerang","Seeing Red"],"picked":"SKIP","floor":19},{"not_picked":["Perfected Strike","ReplayTheSpireMod:Corrosion Curse","Burning Pact"],"picked":"SKIP","floor":22},{"not_picked":["Iron Wave","Evolve","Twin Strike"],"picked":"SKIP","floor":24},{"not_picked":["Hemokinesis","Thunderclap","Armaments"],"picked":"SKIP","floor":27},{"not_picked":["True Grit","Thunderclap","ReplayReversal+1"],"picked":"SKIP","floor":28},{"not_picked":["Spot Weakness+1","Metallicize","Eclipse"],"picked":"SKIP","floor":30},{"not_picked":["Anger+1","Flex+1","Shrug It Off+1"],"picked":"SKIP","floor":35},{"not_picked":["Clothesline","Whirlwind+1","Shrug It Off+1"],"picked":"SKIP","floor":36},{"not_picked":["Whirlwind+1","Shrug It Off+1"],"picked":"Clothesline","floor":36},{"not_picked":["Pommel Strike+1","Twin Strike+1","ReplayReversal+1"],"picked":"SKIP","floor":38},{"not_picked":["ReplayTheSpireMod:Strike From Hell","Perfected Strike","Body Slam+1"],"picked":"SKIP","floor":40},{"not_picked":["Havoc","Dual Wield+1","Searing Blow+1"],"picked":"SKIP","floor":42},{"not_picked":["ReplayTheSpireMod:Strike From Hell+1","Bloodletting"],"picked":"Fire Breathing","floor":45},{"not_picked":["expansioncontent:DonusPower","Replay:SS_forest_6"],"picked":"expansioncontent:FaceSlap","floor":46},{"not_picked":["expansioncontent:GoopSpray","ReplayTheSpireMod:Trickstab"],"picked":"Crow Ritual","floor":46},{"not_picked":["Headbutt+1","Brutality","Metallicize"],"picked":"SKIP","floor":47},{"not_picked":["Hemokinesis","Carnage+1","Flex"],"picked":"SKIP","floor":48},{"not_picked":["expansioncontent:Torchfire","Violence"],"picked":"expansioncontent:DefensiveStance","floor":53},{"not_picked":["Master of Strategy","Apotheosis"],"picked":"ReplayUltimateDefense","floor":53},{"not_picked":["Reaper","Shrug It Off+1","Battle Trance+1"],"picked":"SKIP","floor":54},{"not_picked":["Reaper","Shrug It Off+1"],"picked":"Battle Trance+1","floor":54}],"player_experience":178785,"relics_obtained":[{"floor":7.0,"key":"Akabeko"},{"floor":9.0,"key":"Bag of Preparation"},{"floor":10,"key":"Replay:Mystery Machine"},{"floor":13,"key":"Replay:Bottled Steam"},{"floor":24,"key":"Mummified Hand"},{"floor":26,"key":"MealTicket"},{"floor":28,"key":"Mango"},{"floor":29,"key":"HornCleat"},{"floor":30,"key":"Replay:Bandana"},{"floor":47,"key":"FossilizedHelix"},{"floor":54,"key":"Bronze Scales"}],"event_choices":[{"damage_healed":0.0,"max_hp_gain":0.0,"max_hp_loss":0.0,"gold_gain":0.0,"event_name":"FaceTrader","player_choice":"Trade","floor":2.0,"gold_loss":0.0,"damage_taken":0.0,"relics_obtained":["FaceOfCleric"]},{"cards_removed":["Strike_R"],"damage_healed":0,"gold_gain":0,"player_choice":"Gave Gold","damage_taken":0,"max_hp_gain":0,"max_hp_loss":0,"event_name":"Beggar","floor":21,"gold_loss":75},{"damage_healed":0,"gold_gain":0,"player_choice":"Max HP","damage_taken":0,"max_hp_gain":0,"max_hp_loss":6,"event_name":"Winding Halls","floor":37,"gold_loss":0},{"damage_healed":0,"gold_gain":0,"player_choice":"Memory 3","damage_taken":10,"max_hp_gain":0,"max_hp_loss":0,"event_name":"SensoryStone","floor":46,"gold_loss":0}],"is_beta":false,"boss_relics":[{"not_picked":["Ooze Armor","Replay:Grab Bag"],"picked":"Coffee Dripper"},{"not_picked":["Kintsugi","Electric Blood"],"picked":"Abe\u0027s Treasure"}],"items_purged_floors":[31,39,53],"is_endless":false,"potions_floor_spawned":[3,4,12,13,14,18,27,28,30,35,38,40,54],"ascension_level":6}}