{"host":"3jjxuhjpio8e4zkv","time":1608857789,"event":{"mods":["BaseMod","Colored Map","Highlight Path","Minty Spire (QoL Compilation)","Permanent Neow","Relic Stats","StSLib"],"gold_per_floor":[111,36,36,50,62,94,114,128,128,141,141,168,187,198,198,275,275,285,305,17,28,28,56,76,76,76],"floor_reached":25,"playtime":1109,"items_purged":["Defend_P"],"score":564,"play_id":"8ef67d26-184c-4ebd-b8e5-e1c6a6b34a9d","local_time":"20201224195629","is_ascension_mode":true,"campfire_choices":[{"data":"Fasting2","floor":11.0,"key":"SMITH"},{"data":"MentalFortress","floor":15.0,"key":"SMITH"}],"circlet_count":0,"master_deck":["AscendersBane","Strike_P","Strike_P","Strike_P","Defend_P","Defend_P","Eruption+1","Vigilance","CutThroughFate","Fasting2+1","FollowUp","FearNoEvil","Vengeance","FlyingSleeves","MentalFortress+1","Sanctity+1","Halt+1","BowlingBash","DeusExMachina+1","SashWhip+1","ClearTheMind+1","Halt+1","FlurryOfBlows"],"relics":["PureWater","Omamori","Toxic Egg 2","Gremlin Horn","Philosopher\u0027s Stone","Lee\u0027s Waffle","Bronze Scales"],"acts_visited":["Exordium","TheCity"],"potions_floor_usage":[18,25],"damage_taken":[{"damage":5.0,"enemies":"Small Slimes","floor":1.0,"turns":5.0},{"damage":0.0,"enemies":"Cultist","floor":4.0,"turns":2.0},{"damage":4.0,"enemies":"Jaw Worm","floor":5.0,"turns":2.0},{"damage":0.0,"enemies":"Gremlin Nob","floor":6.0,"turns":2.0},{"damage":1.0,"enemies":"Looter","floor":7.0,"turns":2.0},{"damage":2.0,"enemies":"Blue Slaver","floor":8.0,"turns":4.0},{"damage":14.0,"enemies":"Exordium Thugs","floor":10.0,"turns":4.0},{"damage":0.0,"enemies":"3 Sentries","floor":12.0,"turns":5.0},{"damage":10.0,"enemies":"3 Louse","floor":13.0,"turns":3.0},{"damage":1.0,"enemies":"Exordium Wildlife","floor":14.0,"turns":3.0},{"damage":29,"enemies":"The Guardian","floor":16,"turns":11},{"damage":0,"enemies":"Chosen","floor":18,"turns":3},{"damage":5,"enemies":"3 Byrds","floor":19,"turns":3},{"damage":24,"enemies":"Shelled Parasite and Fungi","floor":21,"turns":3},{"damage":46,"enemies":"Slavers","floor":23,"turns":6},{"damage":0,"enemies":"3 Cultists","floor":24,"turns":3},{"damage":11,"enemies":"Chosen and Byrds","floor":25,"turns":3}],"seed_played":"-4336828592822348250","potions_obtained":[{"floor":4.0,"key":"EntropicBrew"},{"floor":8.0,"key":"Regen Potion"},{"floor":10.0,"key":"Block Potion"},{"floor":12.0,"key":"Dexterity Potion"},{"floor":14.0,"key":"SpeedPotion"},{"floor":16,"key":"Fruit Juice"},{"floor":18,"key":"Energy Potion"}],"is_trial":false,"path_per_floor":["M","?","?","M","M","E","M","M","T","M","R","E","M","M","R","B",null,"M","M","$","M","?","E","M","M"],"character_chosen":"WATCHER","items_purchased":["Halt+1","Lee\u0027s Waffle"],"campfire_rested":0,"item_purchase_floors":[20,20],"current_hp_per_floor":[56,56,56,56,52,52,51,49,49,35,35,49,39,38,38,9,53,58,53,80,56,56,10,10,0,0],"gold":76,"neow_bonus":"UPGRADE_CARD","is_daily":false,"chose_seed":false,"campfire_upgraded":2,"win_rate":0.0,"timestamp":1608857789,"path_taken":["M","?","?","M","M","E","?","M","T","M","R","E","M","M","R","BOSS","M","?","$","M","?","E","M","M"],"items_purchased_type":["Card","Relic"],"build_version":"2020-12-22","purchased_purges":1,"victory":false,"max_hp_per_floor":[68,68,68,68,68,68,68,68,68,68,68,68,68,68,68,68,68,73,73,80,80,80,80,80,80,80],"relic_stats":{"Lee\u0027s Waffle":27,"Gremlin Horn":[11,11],"counters":[17,64],"Bronze Scales":[27],"obtain_stats":[{"Lee\u0027s Waffle":20,"Gremlin Horn":12,"Bronze Scales":23,"Philosopher\u0027s Stone":17,"Omamori":6,"PureWater":0,"Toxic Egg 2":9},{"Lee\u0027s Waffle":13,"Gremlin Horn":8,"Bronze Scales":15,"Philosopher\u0027s Stone":11,"Omamori":4,"PureWater":0,"Toxic Egg 2":6},{"Lee\u0027s Waffle":49,"Gremlin Horn":26,"Bronze Scales":58,"Philosopher\u0027s Stone":43,"Omamori":11,"PureWater":0,"Toxic Egg 2":17}]},"card_choices":[{"not_picked":["Halt","DeceiveReality"],"picked":"CutThroughFate","floor":1.0},{"not_picked":["CutThroughFate","Consecrate"],"picked":"Fasting2","floor":4.0},{"not_picked":["Crescendo","SashWhip"],"picked":"FollowUp","floor":5.0},{"not_picked":["Wish","CrushJoints"],"picked":"FearNoEvil","floor":6.0},{"not_picked":["EmptyFist","ForeignInfluence"],"picked":"Vengeance","floor":7.0},{"not_picked":["WheelKick","Fasting2"],"picked":"FlyingSleeves","floor":8.0},{"not_picked":["SashWhip","Indignation+1"],"picked":"MentalFortress","floor":10.0},{"not_picked":["Meditate+1","EmptyFist"],"picked":"Sanctity+1","floor":12.0},{"not_picked":["CrushJoints","Collect+1"],"picked":"Halt+1","floor":13.0},{"not_picked":["Vengeance+1","CrushJoints"],"picked":"BowlingBash","floor":14.0},{"not_picked":["Scrawl+1","Blasphemy+1"],"picked":"DeusExMachina+1","floor":16},{"not_picked":["CrushJoints","Wireheading"],"picked":"SashWhip+1","floor":18},{"not_picked":["Conclude","FollowUp"],"picked":"ClearTheMind+1","floor":19},{"not_picked":["ClearTheMind+1","Fasting2","EmptyFist"],"picked":"SKIP","floor":21},{"not_picked":["Establishment","Pray+1","PathToVictory+1"],"picked":"SKIP","floor":23},{"not_picked":["Halt+1","Evaluate+1"],"picked":"FlurryOfBlows","floor":24}],"player_experience":1112288,"relics_obtained":[{"floor":6.0,"key":"Omamori"},{"floor":9.0,"key":"Toxic Egg 2"},{"floor":12.0,"key":"Gremlin Horn"},{"floor":23,"key":"Bronze Scales"}],"event_choices":[{"cards_removed":["Defend_P"],"damage_healed":0.0,"max_hp_gain":0.0,"max_hp_loss":0.0,"gold_gain":0.0,"event_name":"The Cleric","player_choice":"Card Removal","floor":2.0,"gold_loss":75.0,"damage_taken":0.0},{"cards_removed":["Strike_P"],"damage_healed":0.0,"max_hp_gain":0.0,"max_hp_loss":0.0,"gold_gain":0.0,"event_name":"Bonfire Elementals","player_choice":"Offered Basic","floor":3.0,"gold_loss":0.0,"damage_taken":0.0},{"damage_healed":0,"gold_gain":0,"player_choice":"Ignored","damage_taken":0,"max_hp_gain":0,"max_hp_loss":0,"event_name":"Ghosts","floor":22,"gold_loss":0}],"is_beta":false,"boss_relics":[{"not_picked":["Pandora\u0027s Box","VioletLotus"],"picked":"Philosopher\u0027s Stone"}],"items_purged_floors":[20],"is_endless":false,"potions_floor_spawned":[4,8,10,12,14,16,18],"killed_by":"Chosen and Byrds","ascension_level":19}}