{"host":"hd496gdorkfoob6n","time":1608870445,"event":{"mods":["2.2 Compatiblity","AchievementEnabler","BaseMod","Colored Map","Downfall","Hermit","Minty Spire (QoL Compilation)","StSLib"],"gold_per_floor":[119,21,36,36,36,62,62,62,62,88,104,123,142,40,40,137,137,150,75,100,120,20,20,20,20,43,63,63,80,80,95,95,100,100],"floor_reached":33,"playtime":4190,"items_purged":["hermit:Strike_Hermit","hermit:Strike_Hermit"],"score":282,"play_id":"c35268ee-ad9a-4e7e-94a2-858a0b437545","local_time":"20201224232725","is_ascension_mode":false,"campfire_choices":[{"data":"hermit:Covet","floor":8.0,"key":"SMITH"},{"data":"hermit:WideOpen","floor":15.0,"key":"SMITH"},{"data":"hermit:Dive","floor":23,"key":"SMITH"},{"floor":28,"key":"REST"},{"floor":32,"key":"REST"}],"circlet_count":0,"master_deck":["hermit:Strike_Hermit","hermit:Defend_Hermit","hermit:Defend_Hermit","hermit:Defend_Hermit","hermit:Snapshot","hermit:Covet+1","hermit:GhostlyPresence","hermit:Coalescence","hermit:TrackingShot","hermit:FlashPowder","hermit:Dive+1","hermit:WideOpen+1","hermit:TrackingShot","hermit:Quickdraw","hermit:BigShot","hermit:Adapt","hermit:Scavenge","hermit:Coalescence","hermit:Dive+1","Decay","hermit:Deadeye","hermit:ShadowCloak","expansioncontent:ManipulateTime","hermit:Manifest"],"relics":["hermit:Momento","NeowsBlessing","hermit:CharredGlove","Kunai","Mango","Sozu","PreservedInsect"],"acts_visited":["Exordium","TheCity"],"potions_floor_usage":[27,27,33],"damage_taken":[{"damage":0.0,"enemies":"2 Louse","floor":1.0,"turns":1.0},{"damage":0.0,"enemies":"Cultist","floor":3.0,"turns":2.0},{"damage":0.0,"enemies":"Lagavulin","floor":6.0,"turns":1.0},{"damage":28.0,"enemies":"Gremlin Nob","floor":10.0,"turns":5.0},{"damage":0.0,"enemies":"Jaw Worm","floor":11.0,"turns":3.0},{"damage":0.0,"enemies":"Large Slime","floor":12.0,"turns":8.0},{"damage":2.0,"enemies":"3 Louse","floor":13.0,"turns":4.0},{"damage":29.0,"enemies":"Hexaghost","floor":16.0,"turns":15.0},{"damage":18.0,"enemies":"2 Thieves","floor":18.0,"turns":5.0},{"damage":1.0,"enemies":"Chosen","floor":20.0,"turns":6.0},{"damage":50,"enemies":"3 Cultists","floor":21,"turns":8},{"damage":3,"enemies":"Chosen and Byrds","floor":27,"turns":12},{"damage":9,"enemies":"Centurion and Healer","floor":29,"turns":9},{"damage":18,"enemies":"Snake Plant","floor":31,"turns":6},{"damage":44,"enemies":"Automaton","floor":33,"turns":18}],"seed_played":"6467993172383593875","potions_obtained":[{"floor":10.0,"key":"Dexterity Potion"},{"floor":11.0,"key":"BlessingOfTheForge"},{"floor":13.0,"key":"BlessingOfTheForge"}],"is_trial":false,"path_per_floor":["M","$","M","?","$","E","?","R","T","E","M","M","M","$","R","B",null,"M","?","M","M","$","R","?","?","T","M","R","M","?","M","R","B"],"character_chosen":"HERMIT","items_purchased":["hermit:Coalescence","hermit:Quickdraw","hermit:BigShot"],"campfire_rested":2,"item_purchase_floors":[2,14,14],"current_hp_per_floor":[75,75,75,68,68,68,68,68,68,54,54,54,52,52,52,23,89,71,71,70,20,20,20,20,20,20,17,43,34,22,4,30,0,0],"gold":100,"neow_bonus":"THREE_ENEMY_KILL","is_daily":false,"chose_seed":false,"campfire_upgraded":3,"win_rate":0.0,"timestamp":1608870445,"path_taken":["M","$","M","?","?","E","?","R","T","E","?","M","?","$","R","BOSS","M","?","M","M","$","R","?","?","T","M","R","M","?","M","R","BOSS"],"items_purchased_type":["Card","Card","Card"],"build_version":"2020-12-13","purchased_purges":2,"victory":false,"max_hp_per_floor":[75,75,75,75,75,75,75,75,75,89,89,89,89,89,89,89,89,89,89,89,89,89,89,89,89,89,89,89,89,89,89,89,89,89],"card_choices":[{"not_picked":["hermit:Roulette","hermit:Misfire"],"picked":"hermit:GhostlyPresence","floor":1.0},{"not_picked":["hermit:Headshot","hermit:Desperado"],"picked":"hermit:TrackingShot","floor":3.0},{"not_picked":["hermit:Spite","hermit:Roughhouse","hermit:Enervate"],"picked":"SKIP","floor":6.0},{"not_picked":["hermit:DeadOrAlive","hermit:Showdown"],"picked":"hermit:FlashPowder","floor":10.0},{"not_picked":["hermit:WideOpen","hermit:Brawl"],"picked":"hermit:Dive","floor":11.0},{"not_picked":["hermit:Feint","hermit:Shortfuse"],"picked":"hermit:WideOpen","floor":12.0},{"not_picked":["hermit:LoneWolf","hermit:Roulette"],"picked":"hermit:TrackingShot","floor":13.0},{"not_picked":["hermit:OverwhelmingPower","hermit:Purgatory"],"picked":"hermit:Adapt","floor":16.0},{"not_picked":["hermit:LoneWolf","hermit:Quickdraw"],"picked":"hermit:Scavenge","floor":18.0},{"not_picked":["hermit:CursedWeapon","hermit:Horror"],"picked":"hermit:Coalescence","floor":20.0},{"not_picked":["hermit:LuckOfTheDraw","hermit:HighCaliber"],"picked":"hermit:Dive+1","floor":21},{"not_picked":["hermit:GhostlyPresence+1","hermit:EyeOfTheStorm"],"picked":"hermit:Deadeye","floor":27},{"not_picked":["hermit:Glare","hermit:Showdown"],"picked":"hermit:ShadowCloak","floor":29},{"not_picked":["hermit:Snipe+1","hermit:WideOpen"],"picked":"hermit:Manifest","floor":31}],"player_experience":88161,"relics_obtained":[{"floor":6.0,"key":"hermit:CharredGlove"},{"floor":9.0,"key":"Kunai"},{"floor":10.0,"key":"Mango"},{"floor":26,"key":"PreservedInsect"}],"event_choices":[{"damage_healed":0.0,"max_hp_gain":0.0,"max_hp_loss":0.0,"gold_gain":0.0,"event_name":"Wheel of Change","player_choice":"Damaged","floor":4.0,"gold_loss":0.0,"damage_taken":7.0},{"cards_removed":["hermit:Defend_Hermit"],"damage_healed":0.0,"max_hp_gain":0.0,"max_hp_loss":0.0,"gold_gain":0.0,"event_name":"Purifier","player_choice":"Purged","floor":7.0,"gold_loss":0.0,"damage_taken":0.0},{"cards_removed":["hermit:Strike_Hermit"],"damage_healed":0.0,"max_hp_gain":0.0,"max_hp_loss":0.0,"gold_gain":0.0,"event_name":"Beggar","player_choice":"Gave Gold","floor":19.0,"gold_loss":75.0,"damage_taken":0.0},{"damage_healed":0,"gold_gain":0,"player_choice":"Ignored","damage_taken":0,"max_hp_gain":0,"max_hp_loss":0,"event_name":"Cursed Tome","floor":24,"gold_loss":0},{"damage_healed":0,"gold_gain":0,"player_choice":"Smashed Altar","damage_taken":0,"max_hp_gain":0,"max_hp_loss":0,"event_name":"Forgotten Altar","floor":25,"gold_loss":0,"cards_obtained":["Decay"]},{"damage_healed":0,"gold_gain":0,"player_choice":"CARD ","damage_taken":12,"max_hp_gain":0,"max_hp_loss":0,"event_name":"Knowing Skull","floor":30,"potions_obtained":[],"gold_loss":0,"cards_obtained":["expansioncontent:ManipulateTime"]}],"is_beta":false,"boss_relics":[{"not_picked":["Runic Dome","Snecko Eye"],"picked":"Sozu"}],"items_purged_floors":[2,22],"is_endless":false,"potions_floor_spawned":[10,11,13,29],"killed_by":"Automaton","ascension_level":0}}