{"host":"nkolxg4se00n20yf","time":1608934521,"event":{"mods":["BaseMod","CatGirl Mod","Chen","Colored Map","Colored Powertips","Downfall","Friendly Minions","Infinite Spire","Kiyohime????","Marisa????????","Minty Spire (QoL Compilation)","StSLib","Td1madao Mod","The Administrix","The Cursed","The Exalted","The Hierophant","The Servant 0.9.4"],"gold_per_floor":[215,226,303,319,18,45,57,82,164,164,176,176,209,95,95,168,168,182,195,215,58,78,78,109,109,134,144,160,194,231,240,240,320,320,340,320,333,360,360,360,360,360],"floor_reached":41,"playtime":2303,"items_purged":[],"score":818,"play_id":"e6424cea-38b4-4e19-aed8-74fb77cc9bab","local_time":"20201225231521","is_ascension_mode":true,"campfire_choices":[{"floor":10.0,"key":"REST"},{"floor":12.0,"key":"REST"},{"data":"Blade Dance","floor":15.0,"key":"SMITH"},{"data":"Terror","floor":23.0,"key":"SMITH"},{"floor":25.0,"key":"REST"},{"floor":32.0,"key":"REST"},{"data":"Die Die Die","floor":40.0,"key":"SMITH"}],"circlet_count":0,"master_deck":["AscendersBane","Strike_G","Strike_G","Strike_G","Strike_G","Strike_G","Defend_G","Defend_G","Defend_G","Defend_G","Defend_G","Survivor","Neutralize","Heel Hook","Underhanded Strike","Quick Slash","Doppelganger","Blade Dance+1","Finisher","Sucker Punch","Accuracy","Backstab","Die Die Die+1","Flying Knee+1","Cloak And Dagger","Terror+1","Dagger Throw","Predator","PiercingWail","Masterful Stab","Choke","Deflect","infinitespire:TheBestDefense","A Thousand Cuts","PiercingWail+1","Masterful Stab"],"relics":["Ring of the Snake","Bromod:ArcanePistoleer","Bromod:ArcaneVictory","WingedGreaves","Pear","Regal Pillow","SlaversCollar","Pen Nib","Bottled Flame","Art of War","CeramicFish","Red Mask","Bromod:ArcaneBarrier"],"acts_visited":["Exordium","TheCity","TheBeyond"],"potions_floor_usage":[41],"damage_taken":[{"damage":1.0,"enemies":"Small Slimes","floor":1.0,"turns":4.0},{"damage":0.0,"enemies":"2 Louse","floor":2.0,"turns":4.0},{"damage":0.0,"enemies":"Jaw Worm","floor":4.0,"turns":3.0},{"damage":22.0,"enemies":"3 Sentries","floor":6.0,"turns":8.0},{"damage":0.0,"enemies":"Lots of Slimes","floor":7.0,"turns":4.0},{"damage":23.0,"enemies":"Lagavulin","floor":8.0,"turns":8.0},{"damage":8.0,"enemies":"Blue Slaver","floor":11.0,"turns":3.0},{"damage":10.0,"enemies":"Gremlin Nob","floor":13.0,"turns":3.0},{"damage":14.0,"enemies":"Slime Boss","floor":16.0,"turns":11.0},{"damage":1.0,"enemies":"Spheric Guardian","floor":18.0,"turns":3.0},{"damage":3.0,"enemies":"Chosen","floor":19.0,"turns":3.0},{"damage":28.0,"enemies":"Sentry and Sphere","floor":20.0,"turns":4.0},{"damage":0.0,"enemies":"Centurion and Healer","floor":22.0,"turns":6.0},{"damage":6.0,"enemies":"Nightmare","floor":24.0,"turns":3.0},{"damage":12.0,"enemies":"Chosen and Byrds","floor":27.0,"turns":4.0},{"damage":2.0,"enemies":"Cultist and Chosen","floor":28.0,"turns":3.0},{"damage":14.0,"enemies":"Book of Stabbing","floor":29.0,"turns":3.0},{"damage":0.0,"enemies":"Masked Bandits","floor":30.0,"turns":2.0},{"damage":35.0,"enemies":"Champ","floor":33.0,"turns":9.0},{"damage":3.0,"enemies":"Orb Walker","floor":35.0,"turns":2.0},{"damage":2.0,"enemies":"3 Darklings","floor":37.0,"turns":3.0},{"damage":11.0,"enemies":"4 Shapes","floor":38.0,"turns":3.0},{"damage":75,"enemies":"Nemesis","floor":41,"turns":5}],"seed_played":"-7908333408147553856","potions_obtained":[{"floor":2.0,"key":"hexamod:EctoCoolerPotion"},{"floor":6.0,"key":"ColorlessPotion"},{"floor":8.0,"key":"FearPotion"},{"floor":11.0,"key":"LiquidBronze"},{"floor":16.0,"key":"EssenceOfSteel"},{"floor":22.0,"key":"SneckoOil"},{"floor":29.0,"key":"Energy Potion"},{"floor":33.0,"key":"champ:CounterPotion"},{"floor":36.0,"key":"Slimebound:ThreeZeroPotion"}],"is_trial":false,"path_per_floor":["M","M","?","M","$","E","M","E","T","R","M","R","E","$","R","B",null,"M","M","M","$","M","R","NM","R","T","M","M","E","?","?","R","B",null,"M","?","M","M","?","R","E"],"character_chosen":"THE_SILENT","items_purchased":["Bromod:ArcanePistoleer","Accuracy","Backstab","Pen Nib"],"campfire_rested":4,"item_purchase_floors":[5,14,14,21],"current_hp_per_floor":[58,58,58,58,58,36,41,19,29,51,44,66,57,57,57,47,69,69,67,41,41,43,43,38,75,75,65,65,52,55,36,73,39,67,65,65,68,61,61,61,0,0],"gold":360,"neow_bonus":"HUNDRED_GOLD","is_daily":false,"chose_seed":false,"campfire_upgraded":3,"win_rate":0.0,"timestamp":1608934521,"path_taken":["M","M","?","M","$","E","M","E","T","R","M","R","E","$","R","BOSS","M","M","M","$","M","R","NM","R","T","M","M","E","?","?","R","BOSS","M","?","M","?","?","R","E"],"items_purchased_type":["Relic","Card","Card","Relic"],"build_version":"2020-12-22","purchased_purges":0,"victory":false,"max_hp_per_floor":[66,66,66,66,66,66,66,66,76,76,76,76,76,76,76,76,76,76,76,76,76,76,76,76,76,76,76,76,76,76,76,76,76,76,76,76,76,76,72,72,72,72],"card_choices":[{"not_picked":["Dodge and Roll","Cloak And Dagger"],"picked":"Heel Hook","floor":1.0},{"not_picked":["Accuracy","Blade Dance"],"picked":"Underhanded Strike","floor":2.0},{"not_picked":["Acrobatics","Skewer"],"picked":"Quick Slash","floor":4.0},{"not_picked":["Bouncing Flask","Reflex"],"picked":"Doppelganger","floor":6.0},{"not_picked":["Quick Slash","Underhanded Strike"],"picked":"Blade Dance","floor":7.0},{"not_picked":["Quick Slash","Bane","Bouncing Flask"],"picked":"SKIP","floor":8.0},{"not_picked":["Sucker Punch","Setup"],"picked":"Finisher","floor":11.0},{"not_picked":["Bouncing Flask","Setup"],"picked":"Sucker Punch","floor":13.0},{"not_picked":["Wraith Form v2","Doppelganger"],"picked":"Die Die Die","floor":16.0},{"not_picked":["Deflect","Distraction"],"picked":"Flying Knee+1","floor":18.0},{"not_picked":["Skewer","Deflect"],"picked":"Cloak And Dagger","floor":19.0},{"not_picked":["Escape Plan","Eviscerate"],"picked":"Terror","floor":20.0},{"not_picked":["Slice","Leg Sweep"],"picked":"Dagger Throw","floor":22.0},{"not_picked":["Cloak And Dagger","Dagger Spray"],"picked":"Predator","floor":24.0},{"not_picked":["Dodge and Roll","Eviscerate"],"picked":"PiercingWail","floor":27.0},{"not_picked":["Escape Plan+1","Footwork"],"picked":"Masterful Stab","floor":28.0},{"not_picked":["Cloak And Dagger","Catalyst"],"picked":"Choke","floor":29.0},{"not_picked":["Deadly Poison","Eviscerate+1"],"picked":"Deflect","floor":30.0},{"not_picked":["infinitespire:Execution","infinitespire:Gouge"],"picked":"infinitespire:TheBestDefense","floor":31.0},{"not_picked":["Glass Knife","Envenom"],"picked":"A Thousand Cuts","floor":33.0},{"not_picked":["Bane","Backflip"],"picked":"PiercingWail+1","floor":35.0},{"not_picked":["Flying Knee","Tactician","Prepared"],"picked":"SKIP","floor":37.0},{"not_picked":["PiercingWail+1","Bouncing Flask"],"picked":"Masterful Stab","floor":38.0}],"player_experience":1046300,"relics_obtained":[{"floor":6.0,"key":"Bromod:ArcaneVictory"},{"floor":8.0,"key":"WingedGreaves"},{"floor":9.0,"key":"Pear"},{"floor":13.0,"key":"Regal Pillow"},{"floor":24.0,"key":"Bottled Flame"},{"floor":26.0,"key":"Art of War"},{"floor":29.0,"key":"CeramicFish"},{"floor":30.0,"key":"Red Mask"}],"event_choices":[{"damage_healed":0.0,"max_hp_gain":0.0,"max_hp_loss":0.0,"gold_gain":77.0,"event_name":"Golden Wing","player_choice":"Gained Gold","floor":3.0,"gold_loss":0.0,"damage_taken":0.0},{"damage_healed":0.0,"max_hp_gain":0.0,"max_hp_loss":0.0,"gold_gain":0.0,"event_name":"Masked Bandits","player_choice":"Fought Bandits","floor":30.0,"gold_loss":0.0,"damage_taken":0.0},{"damage_healed":0.0,"max_hp_gain":0.0,"max_hp_loss":0.0,"gold_gain":0.0,"event_name":"The Woman in Blue","player_choice":"Bought 1 Potion","floor":36.0,"gold_loss":0.0,"damage_taken":0.0},{"damage_healed":0.0,"max_hp_gain":0.0,"max_hp_loss":4.0,"gold_gain":0.0,"event_name":"Winding Halls","player_choice":"Max HP","floor":39.0,"gold_loss":0.0,"damage_taken":0.0}],"is_beta":false,"boss_relics":[{"not_picked":["Busted Crown","Calling Bell"],"picked":"SlaversCollar"},{"not_picked":["Coffee Dripper","Sozu"],"picked":"Bromod:ArcaneBarrier"}],"items_purged_floors":[],"is_endless":true,"potions_floor_spawned":[2,6,8,11,16,19,22,29,33],"killed_by":"Nemesis","ascension_level":15}}