{"host":"i838i4v0j45fzwgz","time":1608918284,"event":{"mods":["BaseMod","BetterRewards","Hubris","Infinite Spire","Minty Spire (QoL Compilation)","Replay The Spire","Shop Mod","StSLib"],"gold_per_floor":[109,209,221,238,257,257,35,35,35,45,45,63,18,18,18,122,122,142,142,142,157,173,173,173],"floor_reached":23,"playtime":2717,"items_purged":[],"score":283,"play_id":"bdf496aa-e4f7-49bd-8b3a-08670faf47d6","local_time":"20201225114444","is_ascension_mode":false,"campfire_choices":[{"data":"Dramatic Entrance","floor":6.0,"key":"SMITH"},{"data":"hubris:CleavingFinish","floor":8.0,"key":"SMITH"},{"data":"Reaper","floor":11.0,"key":"SMITH"}],"circlet_count":0,"master_deck":["Strike_R+1","Strike_R+1","Strike_R+1","Strike_R+1","Strike_R+1","Defend_R+1","Defend_R+1","Defend_R+1","Defend_R+1","Bash","Dramatic Entrance+1","Perfected Strike","Clothesline","Heavy Blade","hubris:CleavingFinish+1","Inflame","Reaper+1","Shrug It Off","Sword Boomerang","Brutality","Fire Breathing+1","Perfected Strike","hubris:ReadiedAction+1","Carnage"],"relics":["Burning Blood","MealTicket","HornCleat","hubris:Stopwatch"],"acts_visited":["Exordium","TheCity"],"potions_floor_usage":[],"damage_taken":[{"damage":0.0,"enemies":"Small Slimes","floor":1.0,"turns":3.0},{"damage":21.0,"enemies":"infinitespire:Voidling","floor":3.0,"turns":3.0},{"damage":0.0,"enemies":"Cultist","floor":4.0,"turns":2.0},{"damage":10.0,"enemies":"3 Louse","floor":5.0,"turns":2.0},{"damage":10.0,"enemies":"Exordium Thugs","floor":10.0,"turns":3.0},{"damage":0.0,"enemies":"Looter","floor":12.0,"turns":3.0},{"damage":72.0,"enemies":"Slime Boss","floor":16.0,"turns":16.0},{"damage":7,"enemies":"Chosen","floor":18,"turns":3},{"damage":29,"enemies":"3 Byrds","floor":21,"turns":5},{"damage":30,"enemies":"Centurion and Healer","floor":22,"turns":8},{"damage":45,"enemies":"Book of Stabbing","floor":23,"turns":5}],"seed_played":"-8960208055997181850","potions_obtained":[{"floor":4.0,"key":"Explosive Potion"},{"floor":12.0,"key":"Block Potion"},{"floor":21,"key":"PowerPotion"},{"floor":22,"key":"Fire Potion"}],"is_trial":false,"path_per_floor":["M","?","M","M","M","R","$","R","T","M","R","M","$","?","R","B",null,"M","?","?","M","M","E"],"character_chosen":"IRONCLAD","items_purchased":["Dramatic Entrance","Inflame","MealTicket","Sword Boomerang"],"campfire_rested":0,"item_purchase_floors":[0,7,7,13],"current_hp_per_floor":[80,80,65,71,67,67,67,67,67,63,63,76,80,80,80,29,80,79,79,79,62,45,0,0],"gold":173,"neow_bonus":"","is_daily":false,"chose_seed":false,"campfire_upgraded":3,"win_rate":0.0,"timestamp":1608918284,"path_taken":["M","?","M","?","M","R","?","R","T","M","R","M","?","?","R","BOSS","M","?","?","?","M","E"],"items_purchased_type":["Card","Card","Relic","Card"],"build_version":"2020-12-22","purchased_purges":0,"victory":false,"max_hp_per_floor":[80,80,80,80,80,80,80,80,80,80,80,80,80,80,80,80,80,80,80,80,80,80,80,80],"card_choices":[{"not_picked":["Sever Soul","Sword Boomerang"],"picked":"Perfected Strike","floor":1.0},{"not_picked":["ReplayTheSpireMod:Strike From Hell","Twin Strike"],"picked":"Clothesline","floor":3.0},{"not_picked":["Disarm","Iron Wave"],"picked":"Heavy Blade","floor":4.0},{"not_picked":["Warcry","Shrug It Off"],"picked":"hubris:CleavingFinish","floor":5.0},{"not_picked":["Body Slam","Sword Boomerang"],"picked":"Reaper","floor":10.0},{"not_picked":["Defy Death","Carnage"],"picked":"Shrug It Off","floor":12.0},{"not_picked":["Eclipse","Fiend Fire"],"picked":"Brutality","floor":16.0},{"not_picked":["Bloodletting","Abandon+1"],"picked":"Fire Breathing+1","floor":18},{"not_picked":["Life Link","Replay:Undeath\u0027s Touch"],"picked":"hubris:ReadiedAction+1","floor":21},{"not_picked":["Rage","Replay:Undeath\u0027s Touch"],"picked":"Carnage","floor":22}],"player_experience":6133,"relics_obtained":[{"floor":9.0,"key":"HornCleat"}],"event_choices":[{"damage_healed":0.0,"max_hp_gain":0.0,"max_hp_loss":0.0,"gold_gain":100.0,"event_name":"Golden Shrine","player_choice":"Pray","floor":2.0,"gold_loss":0.0,"damage_taken":0.0},{"damage_healed":0.0,"max_hp_gain":0.0,"max_hp_loss":0.0,"gold_gain":0.0,"event_name":"Liars Game","player_choice":"Ignored","floor":14.0,"gold_loss":0.0,"damage_taken":0.0},{"damage_healed":0,"gold_gain":0,"player_choice":"Simplicity","damage_taken":0,"max_hp_gain":0,"max_hp_loss":0,"event_name":"Back to Basics","floor":19,"gold_loss":0,"cards_upgraded":["Strike_R","Strike_R","Strike_R","Strike_R","Strike_R","Defend_R","Defend_R","Defend_R","Defend_R"]},{"damage_healed":0,"gold_gain":0,"player_choice":"Read","damage_taken":0,"max_hp_gain":0,"max_hp_loss":0,"event_name":"The Library","floor":20,"gold_loss":0,"cards_obtained":["Perfected Strike"]}],"is_beta":false,"boss_relics":[{"not_picked":["infinitespire:Cupcake","Fusion Hammer"],"picked":"hubris:Stopwatch"}],"items_purged_floors":[],"is_endless":false,"potions_floor_spawned":[4,12,21,22],"killed_by":"Book of Stabbing","ascension_level":0}}