{"host":"duxoyu97j36znyap","time":1608866224,"event":{"mods":["AlwaysNeverKeys","BaseMod","Bestiary","BetterRewards","Colored Map","DeckTracker","Filter the Spire","Googly Eyes","Minty Spire (QoL Compilation)","Permanent Neow","Rare Cards Sparkle","Relic Stats","StSLib"],"gold_per_floor":[110,110,125,125,26,26,59,59,59,59,91,91,121,133,133,228,228,242,254,264,264,280,280,280],"floor_reached":23,"playtime":785,"items_purged":["WreathOfFlame"],"score":272,"play_id":"960978da-c527-4b6e-a95e-0b66d3f1b283","local_time":"20201224221704","is_ascension_mode":true,"campfire_choices":[{"data":"Judgement","floor":6.0,"key":"SMITH"},{"data":"WreathOfFlame","floor":8.0,"key":"SMITH"},{"floor":10.0,"key":"REST"},{"data":"Meditate","floor":15,"key":"SMITH"}],"circlet_count":0,"master_deck":["Vigilance+1","WreathOfFlame+1","Judgement+1","DevaForm+1","Meditate+1","Evaluate","EmptyFist","Alpha","Evaluate+1","Brilliance","Wireheading","FlyingSleeves","Tantrum","Prostrate","Evaluate+1","Tantrum","LessonLearned","CrushJoints+1","InnerPeace","Halt","Study"],"relics":["Pandora\u0027s Box","Smiling Mask","MealTicket","Torii","PreservedInsect","Philosopher\u0027s Stone"],"acts_visited":["Exordium","TheCity"],"potions_floor_usage":[23],"damage_taken":[{"damage":0.0,"enemies":"Jaw Worm","floor":1.0,"turns":1.0},{"damage":0.0,"enemies":"Cultist","floor":3.0,"turns":2.0},{"damage":33.0,"enemies":"Gremlin Nob","floor":7.0,"turns":4.0},{"damage":4.0,"enemies":"3 Sentries","floor":11.0,"turns":3.0},{"damage":6,"enemies":"Lagavulin","floor":13,"turns":5},{"damage":0,"enemies":"2 Louse","floor":14,"turns":2},{"damage":14,"enemies":"The Guardian","floor":16,"turns":7},{"damage":0,"enemies":"Spheric Guardian","floor":18,"turns":3},{"damage":4,"enemies":"3 Byrds","floor":19,"turns":3},{"damage":36,"enemies":"Snake Plant","floor":20,"turns":4},{"damage":11,"enemies":"Snecko","floor":22,"turns":5},{"damage":1,"enemies":"Book of Stabbing","floor":23,"turns":2}],"seed_played":"7739080787865517474","potions_obtained":[{"floor":7.0,"key":"PowerPotion"},{"floor":11,"key":"CultistPotion"},{"floor":18,"key":"Strength Potion"},{"floor":20,"key":"BottledMiracle"}],"is_trial":false,"path_per_floor":["M","?","M","?","$","R","E","R","T","R","E","?","E","M","R","B",null,"M","M","M","?","M","E"],"character_chosen":"WATCHER","items_purchased":["FlyingSleeves"],"campfire_rested":1,"item_purchase_floors":[5],"current_hp_per_floor":[65,65,65,51,51,51,18,18,18,39,35,35,29,29,29,15,58,58,54,18,18,7,6,6],"gold":280,"neow_bonus":"BOSS_RELIC","is_daily":false,"chose_seed":false,"campfire_upgraded":3,"win_rate":0.0,"timestamp":1608866224,"path_taken":["M","?","?","?","$","R","E","R","T","R","E","?","E","M","R","BOSS","M","?","M","?","M","E"],"items_purchased_type":["Card"],"build_version":"2020-12-22","purchased_purges":1,"victory":false,"max_hp_per_floor":[72,72,72,72,72,72,72,72,72,72,72,72,72,72,72,72,72,72,72,72,72,72,72,72],"relic_stats":{"Torii":25,"counters":[12,41],"Pandora\u0027s Box":["WreathOfFlame","Judgement","DevaForm","WreathOfFlame","Meditate","Evaluate","EmptyFist","Alpha"],"MealTicket":0,"PreservedInsect":41,"Smiling Mask":0,"obtain_stats":[{"Torii":11,"Pandora\u0027s Box":0,"MealTicket":9,"Philosopher\u0027s Stone":17,"PreservedInsect":13,"PureWater":0,"Smiling Mask":7},{"Torii":4,"Pandora\u0027s Box":0,"MealTicket":3,"Philosopher\u0027s Stone":7,"PreservedInsect":5,"PureWater":0,"Smiling Mask":3},{"Torii":10,"Pandora\u0027s Box":0,"MealTicket":7,"Philosopher\u0027s Stone":24,"PreservedInsect":15,"PureWater":0,"Smiling Mask":7}]},"card_choices":[{"not_picked":["ClearTheMind","FollowUp"],"picked":"Evaluate","floor":1.0},{"not_picked":["Swivel","SashWhip"],"picked":"Wireheading","floor":3.0},{"not_picked":["Pray","FlyingSleeves"],"picked":"Tantrum","floor":7.0},{"not_picked":["CutThroughFate","Judgement"],"picked":"Prostrate","floor":11},{"not_picked":["FlurryOfBlows","JustLucky"],"picked":"Evaluate","floor":13},{"not_picked":["BowlingBash","Vengeance"],"picked":"Tantrum","floor":14},{"not_picked":["Brilliance","SpiritShield"],"picked":"LessonLearned","floor":16},{"not_picked":["Consecrate","ReachHeaven","FollowUp"],"picked":"SKIP","floor":18},{"not_picked":["BattleHymn","EmptyFist"],"picked":"CrushJoints+1","floor":19},{"not_picked":["ThirdEye","SashWhip"],"picked":"InnerPeace","floor":20},{"not_picked":["Evaluate","PathToVictory"],"picked":"Study","floor":22}],"player_experience":548804,"relics_obtained":[{"floor":7.0,"key":"Smiling Mask"},{"floor":9.0,"key":"MealTicket"},{"floor":11,"key":"Torii"},{"floor":13,"key":"PreservedInsect"}],"event_choices":[{"damage_healed":0.0,"max_hp_gain":0.0,"max_hp_loss":0.0,"gold_gain":0.0,"cards_transformed":["Eruption"],"event_name":"Transmorgrifier","player_choice":"Transformed","floor":2.0,"gold_loss":0.0,"damage_taken":0.0,"cards_obtained":["Brilliance"]},{"damage_healed":0.0,"max_hp_gain":0.0,"max_hp_loss":0.0,"gold_gain":0.0,"event_name":"Shining Light","player_choice":"Entered Light","floor":4.0,"gold_loss":0.0,"damage_taken":14.0,"cards_upgraded":["DevaForm","Evaluate"]},{"damage_healed":0,"gold_gain":0,"player_choice":"Bought 0 Potions","damage_taken":0,"max_hp_gain":0,"max_hp_loss":0,"event_name":"The Woman in Blue","floor":12,"gold_loss":0},{"damage_healed":0,"gold_gain":0,"player_choice":"Read","damage_taken":0,"max_hp_gain":0,"max_hp_loss":0,"event_name":"The Library","floor":21,"gold_loss":0,"cards_obtained":["Halt"]}],"is_beta":false,"boss_relics":[{"not_picked":["Fusion Hammer","Velvet Choker"],"picked":"Philosopher\u0027s Stone"}],"items_purged_floors":[5],"is_endless":false,"potions_floor_spawned":[7,11,18,20],"killed_by":"Book of Stabbing","ascension_level":6}}