{"host":"cr9rpoy6dx9riis3","time":1608917969,"event":{"mods":["AchievementEnabler","BaseMod","Better Altar","Better Note","Better Sensory Stone","Better Skull","Better Third Choice","Better-Laid Plans","BetterRewards","Block Reminder","Curses Come First","Displayed Cursed Tome","Emptier Cage","Marked Mod","Minty Spire (QoL Compilation)","Permanent Neow","Relic Sorter","StSLib","The Blue Laboratory","Transform Curses"],"gold_per_floor":[12,12,12,26,46,46,74,93,146,146,165,199,124,149,149,254,254,270,470,489,96,115,115,140,156,228,228,228],"floor_reached":27,"playtime":768,"items_purged":["Defend_R","Bash"],"score":329,"play_id":"0cb5084b-9343-481f-92c7-b1474aa57a5c","local_time":"20201225183929","is_ascension_mode":true,"campfire_choices":[{"data":"Seek","floor":6,"key":"SMITH"},{"data":"Immolate","floor":10,"key":"SMITH"},{"floor":15,"key":"REST"},{"data":"Spot Weakness","floor":23,"key":"SMITH"}],"circlet_count":0,"master_deck":["Strike_R","Strike_R","Strike_R","Strike_R","Strike_R","Defend_R","Defend_R","Defend_R","Immolate+1","Seek+1","Carnage","Spot Weakness+1","Rampage","Uppercut","Limit Break","Uppercut"],"relics":["Burning Blood","Velvet Choker","Regal Pillow","Pantograph","Dream Catcher","Medical Kit","Anchor","Oddly Smooth Stone","Orichalcum"],"acts_visited":["Exordium","TheCity"],"potions_floor_usage":[12,14,14,16,24,27],"damage_taken":[{"damage":11,"enemies":"Small Slimes","floor":1,"turns":3},{"damage":0,"enemies":"2 Louse","floor":4,"turns":1},{"damage":1,"enemies":"Cultist","floor":5,"turns":3},{"damage":35,"enemies":"3 Sentries","floor":7,"turns":5},{"damage":7,"enemies":"Looter","floor":8,"turns":3},{"damage":0,"enemies":"3 Louse","floor":11,"turns":1},{"damage":25,"enemies":"Lagavulin","floor":12,"turns":5},{"damage":18,"enemies":"Gremlin Nob","floor":14,"turns":3},{"damage":60,"enemies":"The Guardian","floor":16,"turns":10},{"damage":13,"enemies":"2 Thieves","floor":18,"turns":2},{"damage":18,"enemies":"3 Byrds","floor":20,"turns":4},{"damage":4,"enemies":"3 Cultists","floor":22,"turns":4},{"damage":37,"enemies":"Slavers","floor":24,"turns":3},{"damage":4,"enemies":"Snecko","floor":25,"turns":4},{"damage":21,"enemies":"Book of Stabbing","floor":27,"turns":3}],"seed_played":"-4403292672829853391","potions_obtained":[{"floor":1,"key":"SpeedPotion"},{"floor":4,"key":"blueLaboratory:ConflagurationPotion"},{"floor":5,"key":"BloodPotion"},{"floor":14,"key":"Energy Potion"},{"floor":22,"key":"ColorlessPotion"},{"floor":24,"key":"BlessingOfTheForge"}],"is_trial":false,"path_per_floor":["M","?","$","M","M","R","E","M","T","R","M","E","$","E","R","B",null,"M","?","M","$","M","R","E","M","T","E"],"character_chosen":"IRONCLAD","items_purchased":["Medical Kit","Orichalcum"],"campfire_rested":1,"item_purchase_floors":[21,21],"current_hp_per_floor":[67,59,59,65,70,70,41,40,40,40,46,27,27,31,70,16,64,57,57,45,45,47,47,16,18,18,0,0],"gold":228,"neow_bonus":"THREE_RARE_CARDS","is_daily":false,"chose_seed":false,"campfire_upgraded":3,"win_rate":0.0,"timestamp":1608917969,"path_taken":["M","?","$","M","M","R","E","M","T","R","M","E","$","E","R","BOSS","M","?","M","?","M","R","E","M","T","E"],"items_purchased_type":["Relic","Relic"],"build_version":"2020-12-22","purchased_purges":2,"victory":false,"max_hp_per_floor":[80,80,80,80,80,80,80,80,80,80,80,80,80,80,80,80,80,80,80,80,80,80,80,80,80,80,80,80],"card_choices":[{"not_picked":["Double Tap","Juggernaut"],"picked":"Immolate","floor":0},{"not_picked":["Dark Embrace","Dual Wield","Headbutt"],"picked":"SKIP","floor":1},{"not_picked":["Metallicize","Sword Boomerang","Heavy Blade"],"picked":"SKIP","floor":4},{"not_picked":["Headbutt","Clothesline","Body Slam"],"picked":"SKIP","floor":5},{"not_picked":["Dark Embrace","Power Through","Thunderclap"],"picked":"SKIP","floor":7},{"not_picked":["Flex","Fiend Fire"],"picked":"Carnage","floor":8},{"not_picked":["Power Through","Havoc","Sever Soul"],"picked":"SKIP","floor":11},{"not_picked":["Iron Wave","Body Slam"],"picked":"Spot Weakness","floor":12},{"not_picked":["Flex","Inflame"],"picked":"Rampage","floor":14},{"not_picked":["Disarm","Infernal Blade"],"picked":"Uppercut","floor":15},{"not_picked":["Juggernaut","Double Tap"],"picked":"Limit Break","floor":16},{"not_picked":["Shrug It Off+1","Body Slam","Sword Boomerang+1"],"picked":"SKIP","floor":18},{"not_picked":["Shrug It Off","Blood for Blood","Thunderclap"],"picked":"SKIP","floor":20},{"not_picked":["Heavy Blade","Thunderclap"],"picked":"Uppercut","floor":22},{"not_picked":["Blood for Blood+1","Perfected Strike","Body Slam"],"picked":"SKIP","floor":24},{"not_picked":["Warcry","Thunderclap","Armaments"],"picked":"SKIP","floor":25}],"player_experience":746889,"relics_obtained":[{"floor":7,"key":"Regal Pillow"},{"floor":9,"key":"Oddly Smooth Stone"},{"floor":14,"key":"Dream Catcher"},{"floor":24,"key":"Anchor"},{"floor":26,"key":"Pantograph"}],"event_choices":[{"damage_healed":0,"gold_gain":250,"player_choice":"Bet on Owner","damage_taken":0,"max_hp_gain":0,"max_hp_loss":0,"event_name":"The Joust","floor":19,"gold_loss":50}],"is_beta":false,"boss_relics":[{"not_picked":["SacredBark","Snecko Eye"],"picked":"Velvet Choker"}],"items_purged_floors":[13,21],"is_endless":false,"potions_floor_spawned":[1,4,5,14,22,24],"killed_by":"Book of Stabbing","ascension_level":6}}