{"host":"9cludmss42ivb2me","time":1608871965,"event":{"mods":["AchievementEnabler","Aspiration","Bard","BaseMod","Beaked The Cultist","Better Altar","Better Match","Better Note","Better Sensory Stone","Better Skull","Better Third Choice","BetterRewards","CCEM","Clawfect","Colored Map","Conspire","Downfall","GifTheSpireLib","Googly Eyes","Halation","Hermit","Highlight Path","Hubris","Hunter ??","Infinite Spire","Jedi Mod","Jorbs\u0027s Wanderer Trilogy","Mad Scientist","Marisa????????","Mimic Mod","Minty Spire (QoL Compilation)","Permanent Neow","Replay The Spire","Shade Mod","Shop Mod","Spicy Shops","StSLib","Stuff the Spire","The Administrix","The Blackbeard","The Bug Knight","The Construct","The Cursed","The Disciple","The Gatherer","The Hierophant","The IronCluck","The Jungle","The Mystic","The Necromancer","The Problem Sleuth","The Runesmith","The Servant 0.9.4","The Spell Scribe","The Witch","Unceasing Turn Reminder","[IsaacMod]????","everything is the same but u backflip on backflip","slay the spire mod where everything is the same but ironclad has a cowboy hat"],"gold_per_floor":[99,111,36,36,50,67,67,80,91,109,45,59,78,46,57,153,153,103,120,120,135,147,147,185,217,142,192,224,224,305,327,357,488,488,488,516,556,576,593,593,593,637,637,661,675,675,675],"floor_reached":45,"playtime":4425,"items_purged":[],"score":489,"play_id":"17b9f2c7-977d-4e00-824f-fa024d744614","local_time":"20201224215245","is_ascension_mode":false,"campfire_choices":[{"floor":1,"key":"RECALL"},{"floor":23,"key":"REST"},{"floor":26,"key":"REST"},{"data":"hexamod:ThermalTransfer","floor":29,"key":"SMITH"},{"data":"hexamod:VolcanoVisage","floor":35,"key":"SMITH"},{"floor":40,"key":"REST"}],"circlet_count":0,"master_deck":["hexamod:Strike","hexamod:Strike","hexamod:Strike","hexamod:Strike","hexamod:Defend","hexamod:Defend","hexamod:Defend","hexamod:Sear","hexamod:Float","EpicFetus+1","hexamod:BurningTouch","hexamod:Firestarter","hexamod:SwordOfDarkness","hexamod:SoulSteal","hexamod:ChargedBarrage","hexamod:ExtraCrispy","hexamod:NightmareGuise","hexamod:RainOfEmbers","hexamod:SoulSteal","hexamod:SoulSteal","hexamod:Incineration","Sadistic Nature","hexamod:HeatMetal","hexamod:GhostShield+1","hexamod:ThermalTransfer+1","Defend_R","hexamod:GhostLash","hexamod:NightmareStrike","hexamod:GhostOfSpirePresent","hexamod:NightmareStrike","hexamod:BurningTouch","hexamod:SpectersWail+1","hexamod:HeatMetal","hexamod:Firestarter+1","hexamod:Firestarter+1","hexamod:VolcanoVisage+1","hexamod:RadiantFlame","Deadline","Rewind+1","hexamod:GhostflameBarrier+1","Comet+1","hexamod:SearingWound"],"relics":["hexamod:SpiritBrand","HushsDoor","KeepersGift","aspiration:ServantSkillbook","downfall:HeartBlessingRed","downfall:HeartBlessingBlue","CCEMRelics:DissonantTune","Darkstone Periapt","downfall:HeartBlessingGreen","TuHaoJin","SalivaCoin","halation:Risk","DeathBook","StuffTheSpire:PointBlank"],"acts_visited":["Exordium","Exordium","TheBeyond"],"potions_floor_usage":[16,16,16],"damage_taken":[{"damage":8,"enemies":"Small Slimes","floor":2,"turns":3},{"damage":0,"enemies":"Cultist","floor":5,"turns":3},{"damage":0,"enemies":"2 Louse","floor":6,"turns":3},{"damage":7,"enemies":"2 Fungi Beasts","floor":8,"turns":3},{"damage":4,"enemies":"Gremlin Gang","floor":9,"turns":3},{"damage":15,"enemies":"Red Slaver","floor":10,"turns":3},{"damage":0,"enemies":"downfall:FleeingMerchant","floor":11,"turns":4},{"damage":0,"enemies":"Exordium Wildlife","floor":12,"turns":3},{"damage":12,"enemies":"Gremlin Gang","floor":13,"turns":3},{"damage":0,"enemies":"downfall:FleeingMerchant","floor":14,"turns":4},{"damage":0,"enemies":"Blue Slaver","floor":15,"turns":3},{"damage":18,"enemies":"downfall:Ironclad","floor":16,"turns":8},{"damage":23,"enemies":"theJungle:5_Spyders","floor":19,"turns":7},{"damage":0,"enemies":"theJungle:GiantWrat","floor":21,"turns":5},{"damage":26,"enemies":"theJungle:2_Snecko_Cultists","floor":22,"turns":3},{"damage":0,"enemies":"theJungle:Snecko_Cultist_And_Trap","floor":24,"turns":4},{"damage":12,"enemies":"theJungle:Cassacara","floor":25,"turns":5},{"damage":0,"enemies":"Hiden Room Battle","floor":27,"turns":4},{"damage":0,"enemies":"theJungle:Snecko_Cultist_And_Trap","floor":28,"turns":6},{"damage":8,"enemies":"theJungle:JungleHuntersEncounter","floor":30,"turns":3},{"damage":0,"enemies":"Snake Plant","floor":31,"turns":4},{"damage":8,"enemies":"theJungle:SlimyTreeVines","floor":32,"turns":4},{"damage":42,"enemies":"downfall:Watcher","floor":33,"turns":6},{"damage":12,"enemies":"3 Shapes","floor":36,"turns":3},{"damage":29,"enemies":"Orb Walker","floor":37,"turns":4},{"damage":5,"enemies":"Maw","floor":38,"turns":5},{"damage":4,"enemies":"Jaw Worm Horde","floor":39,"turns":1},{"damage":29,"enemies":"Writhing Mass","floor":42,"turns":7},{"damage":0,"enemies":"Sphere and 2 Shapes","floor":44,"turns":4},{"damage":13,"enemies":"4 Shapes","floor":45,"turns":1}],"seed_played":"-1396274783159518760","potions_obtained":[{"floor":5,"key":"SkillPotion"},{"floor":8,"key":"FearPotion"},{"floor":9,"key":"Dexterity Potion"},{"floor":10,"key":"EssenceOfSteel"},{"floor":16,"key":"hexamod:InfernoChargePotion"},{"floor":25,"key":"ColorlessPotion"},{"floor":27,"key":"Fire Potion"},{"floor":28,"key":"EssenceOfSteel"},{"floor":33,"key":"Slimebound:ThreeZeroPotion"},{"floor":38,"key":"Venom Potion"}],"is_trial":false,"path_per_floor":["R","M","?","?","M","M","T","M","M","M","$","M","M","$","M","B",null,"R_BF","M","?","M","M","R","MIM","E","R","?","M","R","M","M","M","B",null,"R","M","M","M","M","R","T","M","?","M","M"],"character_chosen":"THE_SPIRIT","items_purchased":["hexamod:RainOfEmbers","Sadistic Nature","DeathBook"],"campfire_rested":3,"item_purchase_floors":[11,14,34],"current_hp_per_floor":[70,62,62,62,62,62,62,55,51,36,36,36,24,24,24,6,70,80,57,57,57,31,55,55,43,67,67,67,67,59,59,54,12,70,70,58,29,24,20,41,41,12,12,12,0,0,0],"gold":675,"neow_bonus":"REMOVE_CARD","is_daily":false,"chose_seed":false,"campfire_upgraded":2,"win_rate":0.0,"timestamp":1608871965,"path_taken":["R","M","?","?","M","M","T","M","M","?","$","M","M","$","M","BOSS","R_BF","M","?","M","M","R","MIM","E","R","?","M","R","M","?","M","BOSS","R","?","M","M","M","R","T","?","?","M","?"],"items_purchased_type":["Card","Card","Relic"],"build_version":"2020-12-22","purchased_purges":0,"victory":false,"max_hp_per_floor":[70,70,70,70,70,70,70,70,70,70,70,70,70,70,70,70,70,80,80,80,80,80,80,80,80,80,80,80,80,80,80,80,80,70,70,70,70,70,70,70,70,70,70,70,70,70,70],"card_choices":[{"not_picked":[],"picked":"EpicFetus","floor":0},{"not_picked":["Bomb","hexamod:Hexaguard"],"picked":"hexamod:BurningTouch","floor":2},{"not_picked":["hexamod:NecessarySacrifice","hexamod:Hexaguard"],"picked":"hexamod:Firestarter","floor":5},{"not_picked":["Bomb","hexamod:ParanormalForm"],"picked":"hexamod:SwordOfDarkness","floor":6},{"not_picked":["hexamod:SecondSeal","hexamod:SpectersWail"],"picked":"hexamod:SoulSteal","floor":8},{"not_picked":["hexamod:BacktrackSmack","hexamod:FastForward"],"picked":"hexamod:ChargedBarrage","floor":9},{"not_picked":["hexamod:Incineration","hexamod:Firestarter"],"picked":"hexamod:ExtraCrispy","floor":10},{"not_picked":["hexamod:ShieldOfDarkness","hexamod:SecondSeal"],"picked":"hexamod:NightmareGuise","floor":11},{"not_picked":["Bomb","hexamod:BacktrackSmack"],"picked":"hexamod:SoulSteal","floor":12},{"not_picked":["hexamod:SecondSeal","hexamod:FifthSeal"],"picked":"hexamod:SoulSteal","floor":13},{"not_picked":["hexamod:BurningTouch","hexamod:Hexaguard"],"picked":"hexamod:Incineration","floor":14},{"not_picked":["hexamod:GhostLash","hexamod:GhostShield"],"picked":"hexamod:HeatMetal","floor":15},{"not_picked":["hexamod:GhostflameInferno","hexamod:TimeWarp"],"picked":"hexamod:ParanormalForm","floor":16},{"not_picked":["DualDimension+1","TimeTheft","hexamod:DynamicBlow+1"],"picked":"hexamod:GhostShield+1","floor":18},{"not_picked":["hexamod:NightmareGuise+1","hexamod:Incineration+1","Potential"],"picked":"hexamod:ThermalTransfer","floor":19},{"not_picked":["SpecialFormula+1","Orbit+1","Ricochet"],"picked":"hexamod:GhostLash","floor":21},{"not_picked":["hexamod:HexaLevel","hexamod:Hexaguard+1","SurpressingFire+1"],"picked":"hexamod:NightmareStrike","floor":22},{"not_picked":["Manipulate+1","Rearm","FastForward"],"picked":"hexamod:GhostOfSpirePresent","floor":24},{"not_picked":["Deny","InstantArmor","Gouge"],"picked":"hexamod:NightmareStrike","floor":25},{"not_picked":["Gouge+1","BottledTime+1","Replace+1"],"picked":"hexamod:BurningTouch","floor":27},{"not_picked":["BottledTime","hexamod:RainOfEmbers","TimeWarp+1"],"picked":"hexamod:SpectersWail+1","floor":28},{"not_picked":["MoonPhase+1","Revamp","hexamod:Haunt+1"],"picked":"hexamod:HeatMetal","floor":30},{"not_picked":["hexamod:ShieldOfDarkness","hexamod:GhostLash+1","Ricochet"],"picked":"hexamod:Firestarter+1","floor":31},{"not_picked":["FastForward","Defy","hexamod:FourthSeal"],"picked":"hexamod:Firestarter+1","floor":32},{"not_picked":["MurderousAura","hexamod:SixthSeal","hexamod:FifthSeal"],"picked":"hexamod:VolcanoVisage","floor":33},{"not_picked":["hexamod:FastForward+1","DoubleEdge","Defy"],"picked":"hexamod:RadiantFlame","floor":36},{"not_picked":["hexamod:BacktrackSmack+1","hexamod:HauntingEcho+1","hexamod:GhostShield+1"],"picked":"Deadline","floor":37},{"not_picked":["hexamod:HauntingEcho","Gouge","hexamod:Firestarter+1"],"picked":"Rewind+1","floor":38},{"not_picked":["Rewind","DoubleEdge+1","hexamod:SecondSeal"],"picked":"hexamod:GhostflameBarrier+1","floor":39},{"not_picked":["hexamod:ThirdSeal","hexamod:Again+1","SilverBlades"],"picked":"Comet+1","floor":42},{"not_picked":["Ricochet","Unruled+1","hexamod:AdvancingGuard+1"],"picked":"hexamod:SearingWound","floor":44}],"player_experience":37036,"relics_obtained":[{"floor":24,"key":"CCEMRelics:DissonantTune"},{"floor":25,"key":"Darkstone Periapt"},{"floor":27,"key":"TuHaoJin"},{"floor":27,"key":"SalivaCoin"},{"floor":41,"key":"StuffTheSpire:PointBlank"}],"event_choices":[{"damage_healed":0,"gold_gain":0,"player_choice":"2","damage_taken":0,"max_hp_gain":0,"max_hp_loss":0,"event_name":"betterMatch:BetterMatch","floor":3,"gold_loss":0,"cards_obtained":[]},{"damage_healed":0,"gold_gain":0,"player_choice":"Take","damage_taken":0,"max_hp_gain":0,"max_hp_loss":0,"event_name":"betterNote:BetterNote","floor":20,"gold_loss":0,"cards_obtained":["Defend_R"]},{"damage_healed":0,"gold_gain":0,"player_choice":"Fight","damage_taken":0,"max_hp_gain":0,"max_hp_loss":0,"event_name":"HidenRoomEvent","floor":27,"gold_loss":0},{"cards_removed":["hexamod:ParanormalForm"],"damage_healed":0,"gold_gain":0,"player_choice":"Purged","damage_taken":0,"max_hp_gain":0,"max_hp_loss":0,"event_name":"Purifier","floor":43,"gold_loss":0}],"is_beta":false,"boss_relics":[{"not_picked":["SacredBark","jedi:battlestandard"],"picked":"aspiration:ServantSkillbook"},{"not_picked":[]},{"not_picked":["ChampionBelt","Cursed Key"],"picked":"halation:Risk"},{"not_picked":[]}],"items_purged_floors":[],"is_endless":false,"potions_floor_spawned":[5,8,9,10,16,25,27,28,30,33,36,38],"killed_by":"4 Shapes","ascension_level":0}}