{"host":"Melcetto","time":1608920943,"event":{"mods":["AlwaysNeverKeys","BaseMod","Better Vampires","Colored Map","Colored Powertips","DeckTracker","Emptier Cage","Minty Spire (QoL Compilation)","Permanent Neow","Quick Restart","Random Character Button","Rare Cards Sparkle","Relic Sorter","Relic Stats","StSLib","Transform Curses"],"gold_per_floor":[113,125,50,66,81,81,109,109,109,143,143,168,204,240,252,359,371,399,591,619,656,264,302,316,339,339,378,378,378,403,420,420,495,495,512,7,7,7,7,32,45,45,72,25,25,44,57,84,84,84,84,84,84,5,31,31],"floor_reached":57,"playtime":6875,"items_purged":["Strike_R","Strike_R"],"score":2834,"play_id":"43e1384b-0a3a-43a5-8c8b-83cde89c4640","local_time":"20201225132903","is_ascension_mode":true,"campfire_choices":[{"data":"Carnage","floor":6.0,"key":"SMITH"},{"data":"Whirlwind","floor":8.0,"key":"SMITH"},{"data":"Bash","floor":15.0,"key":"SMITH"},{"data":"Shockwave","floor":28.0,"key":"SMITH"},{"data":"Corruption","floor":32,"key":"SMITH"},{"data":"Strike_R","floor":42,"key":"PURGE"},{"data":"Twin Strike","floor":49,"key":"PURGE"},{"data":"Bash+1","floor":53,"key":"PURGE"}],"circlet_count":0,"master_deck":["AscendersBane","Defend_R","Defend_R","Defend_R","Defend_R","Whirlwind+1","Carnage+1","Ghostly Armor","Shrug It Off","Corruption+1","Shrug It Off","Inflame","Shockwave+1","Disarm+1","Shrug It Off+1","Spot Weakness","Seeing Red","Uppercut+1","Exhume","Flash of Steel","Entrench","Inflame+1","Dark Shackles","Dark Shackles","PanicButton","Dark Embrace","Dropkick","Disarm+1","Shrug It Off"],"relics":["Burning Blood","Du-Vu Doll","Bronze Scales","Singing Bowl","Ice Cream","Bloody Idol","MawBank","Runic Pyramid","Red Skull","Art of War","Lantern","Self Forming Clay","Bag of Preparation","Orichalcum","Fusion Hammer","Membership Card","Gambling Chip","Omamori","InkBottle","Peace Pipe","Anchor","Centennial Puzzle","Medical Kit","Boot"],"acts_visited":["Exordium","TheCity","TheBeyond","TheEnding"],"potions_floor_usage":[33],"damage_taken":[{"damage":7.0,"enemies":"Small Slimes","floor":1.0,"turns":4.0},{"damage":9.0,"enemies":"Jaw Worm","floor":2.0,"turns":4.0},{"damage":6.0,"enemies":"Cultist","floor":4.0,"turns":4.0},{"damage":8.0,"enemies":"Lots of Slimes","floor":5.0,"turns":2.0},{"damage":15.0,"enemies":"3 Sentries","floor":7.0,"turns":5.0},{"damage":8.0,"enemies":"Gremlin Nob","floor":10.0,"turns":3.0},{"damage":8.0,"enemies":"Blue Slaver","floor":12.0,"turns":3.0},{"damage":25.0,"enemies":"Lagavulin","floor":13.0,"turns":5.0},{"damage":0.0,"enemies":"2 Fungi Beasts","floor":14.0,"turns":1.0},{"damage":18.0,"enemies":"Slime Boss","floor":16.0,"turns":6.0},{"damage":7.0,"enemies":"2 Thieves","floor":18.0,"turns":3.0},{"damage":0.0,"enemies":"Chosen","floor":20.0,"turns":5.0},{"damage":0.0,"enemies":"Snecko","floor":21.0,"turns":4.0},{"damage":15.0,"enemies":"Slavers","floor":23.0,"turns":3.0},{"damage":0.0,"enemies":"Cultist and Chosen","floor":24.0,"turns":5.0},{"damage":9.0,"enemies":"Snake Plant","floor":25.0,"turns":3.0},{"damage":33.0,"enemies":"Gremlin Leader","floor":27.0,"turns":5.0},{"damage":2.0,"enemies":"Book of Stabbing","floor":30.0,"turns":4.0},{"damage":4,"enemies":"3 Cultists","floor":31,"turns":3},{"damage":24,"enemies":"Champ","floor":33,"turns":10},{"damage":8,"enemies":"3 Darklings","floor":35,"turns":4},{"damage":0,"enemies":"Nemesis","floor":40,"turns":3},{"damage":6,"enemies":"3 Shapes","floor":41,"turns":2},{"damage":0,"enemies":"Sphere and 2 Shapes","floor":46,"turns":3},{"damage":6,"enemies":"3 Darklings","floor":47,"turns":3},{"damage":0,"enemies":"Reptomancer","floor":48,"turns":4},{"damage":20,"enemies":"Awakened One","floor":50,"turns":11},{"damage":2,"enemies":"Time Eater","floor":51,"turns":7},{"damage":2,"enemies":"Shield and Spear","floor":55,"turns":3},{"damage":41,"enemies":"The Heart","floor":56,"turns":7}],"seed_played":"-8905348413396680046","potions_obtained":[{"floor":1.0,"key":"Energy Potion"},{"floor":4.0,"key":"EntropicBrew"},{"floor":5.0,"key":"Block Potion"},{"floor":10.0,"key":"AttackPotion"},{"floor":23.0,"key":"LiquidBronze"},{"floor":25.0,"key":"BloodPotion"},{"floor":40,"key":"FearPotion"},{"floor":47,"key":"FairyPotion"},{"floor":48,"key":"SkillPotion"},{"floor":55,"key":"EntropicBrew"}],"is_trial":false,"path_per_floor":["M","M","?","M","M","R","E","R","T","E","?","M","E","M","R","B",null,"M","?","M","M","$","E","M","M","T","E","R","?","E","M","R","B",null,"M","$","?","T","?","E","M","R","T","$","?","M","M","E","R","B","B",null,"R","$","E","B",null],"character_chosen":"IRONCLAD","items_purchased":["Red Skull","Art of War","Membership Card","Gambling Chip","Omamori","Flash of Steel","Dark Shackles","Medical Kit"],"campfire_rested":0,"item_purchase_floors":[22,22,36,36,36,36,44,54],"current_hp_per_floor":[67,64,64,64,62,62,53,53,53,53,53,53,34,40,40,28,56,55,36,42,48,48,39,47,44,44,30,30,30,39,46,46,33,59,64,64,69,69,69,69,69,69,69,69,61,71,71,71,71,57,61,69,69,69,71,36],"gold":31,"neow_bonus":"ONE_RARE_RELIC","is_daily":false,"chose_seed":false,"campfire_upgraded":5,"win_rate":0.0,"timestamp":1608920943,"path_taken":["M","M","?","M","M","R","E","R","T","E","?","M","E","M","R","BOSS","M","?","M","?","$","E","?","M","T","E","R","?","E","M","R","BOSS","M","$","?","?","?","E","M","R","T","$","?","M","M","E","R","BOSS","BOSS","R","$","E","BOSS"],"items_purchased_type":["Relic","Relic","Relic","Relic","Relic","Card","Card","Relic"],"build_version":"2020-12-18","purchased_purges":2,"victory":true,"max_hp_per_floor":[68,68,68,68,68,68,68,68,68,70,63,65,65,65,65,65,65,65,65,65,65,65,65,67,67,67,67,67,67,67,67,67,67,67,69,69,69,69,69,69,69,69,69,69,71,71,71,71,71,71,71,71,71,71,71,71],"relic_stats":{"Singing Bowl":10,"counters":[30,129],"Self Forming Clay":[102],"Bag of Preparation":[26],"Orichalcum":[60],"MawBank":108,"Medical Kit":[4],"Boot":[0],"Burning Blood":166,"Peace Pipe":3,"Centennial Puzzle":[8],"Bronze Scales":[414],"Bloody Idol":24,"Gambling Chip":[34],"Art of War":[26],"obtain_stats":[{"Ice Cream":10,"Lantern":23,"Singing Bowl":9,"Bag of Preparation":27,"Boot":55,"Burning Blood":0,"Centennial Puzzle":48,"Gambling Chip":36,"Fusion Hammer":34,"Red Skull":22,"InkBottle":38,"Runic Pyramid":17,"Golden Idol":11,"Self Forming Clay":26,"Omamori":36,"Orichalcum":30,"MawBank":13,"Medical Kit":54,"Du-Vu Doll":0,"Peace Pipe":40,"Anchor":43,"Bronze Scales":7,"Bloody Idol":29,"Art of War":22,"Membership Card":36},{"Ice Cream":6,"Lantern":14,"Singing Bowl":5,"Bag of Preparation":17,"Boot":29,"Burning Blood":0,"Centennial Puzzle":26,"Gambling Chip":21,"Fusion Hammer":20,"Red Skull":13,"InkBottle":21,"Runic Pyramid":10,"Golden Idol":6,"Self Forming Clay":16,"Omamori":21,"Orichalcum":18,"MawBank":8,"Medical Kit":28,"Du-Vu Doll":0,"Peace Pipe":22,"Anchor":23,"Bronze Scales":5,"Bloody Idol":17,"Art of War":13,"Membership Card":21},{"Ice Cream":22,"Lantern":52,"Singing Bowl":19,"Bag of Preparation":65,"Boot":122,"Burning Blood":0,"Centennial Puzzle":101,"Gambling Chip":86,"Fusion Hammer":82,"Red Skull":49,"InkBottle":86,"Runic Pyramid":37,"Golden Idol":22,"Self Forming Clay":60,"Omamori":86,"Orichalcum":69,"MawBank":30,"Medical Kit":119,"Du-Vu Doll":0,"Peace Pipe":89,"Anchor":91,"Bronze Scales":19,"Bloody Idol":65,"Art of War":49,"Membership Card":86}],"InkBottle":[21]},"card_choices":[{"not_picked":["Rampage","Searing Blow","Flex"],"picked":"SKIP","floor":1.0},{"not_picked":["Anger","Infernal Blade"],"picked":"Whirlwind","floor":2.0},{"not_picked":["Shrug It Off","Seeing Red"],"picked":"Twin Strike","floor":4.0},{"not_picked":["Second Wind","Blood for Blood"],"picked":"Carnage","floor":5.0},{"not_picked":["Iron Wave","Cleave","Searing Blow"],"picked":"SKIP","floor":7.0},{"not_picked":["Hemokinesis","Anger","Perfected Strike"],"picked":"Singing Bowl","floor":10.0},{"not_picked":["Body Slam","Sever Soul","Pommel Strike"],"picked":"Singing Bowl","floor":12.0},{"not_picked":["Seeing Red","Rupture"],"picked":"Ghostly Armor","floor":13.0},{"not_picked":["Havoc","Clothesline"],"picked":"Shrug It Off","floor":14.0},{"not_picked":["Brutality","Berserk"],"picked":"Corruption","floor":16.0},{"not_picked":["Clothesline","Havoc"],"picked":"Shrug It Off","floor":18.0},{"not_picked":["Heavy Blade","Cleave"],"picked":"Inflame","floor":20.0},{"not_picked":["Perfected Strike","Pummel"],"picked":"Shockwave","floor":21.0},{"not_picked":["Headbutt","Demon Form"],"picked":"Disarm+1","floor":23.0},{"not_picked":["Perfected Strike","Body Slam","Combust"],"picked":"Singing Bowl","floor":24.0},{"not_picked":["Thunderclap","Pommel Strike"],"picked":"Shrug It Off+1","floor":25.0},{"not_picked":["Carnage","Perfected Strike"],"picked":"Spot Weakness","floor":27.0},{"not_picked":["Thunderclap","Iron Wave"],"picked":"Seeing Red","floor":30},{"not_picked":["Headbutt+1","Clothesline"],"picked":"Uppercut+1","floor":31},{"not_picked":["Offering","Bludgeon"],"picked":"Exhume","floor":33},{"not_picked":["Pommel Strike+1","Armaments","Perfected Strike+1"],"picked":"Singing Bowl","floor":35},{"not_picked":["Rupture","Pommel Strike"],"picked":"Entrench","floor":40},{"not_picked":["Cleave","Wild Strike"],"picked":"Inflame+1","floor":41},{"not_picked":["Trip","Deep Breath"],"picked":"Dark Shackles","floor":45},{"not_picked":["Secret Weapon","Enlightenment","Swift Strike"],"picked":"Singing Bowl","floor":45},{"not_picked":["Mind Blast","Panacea"],"picked":"PanicButton","floor":45},{"not_picked":["Infernal Blade","Pummel"],"picked":"Dark Embrace","floor":46},{"not_picked":["Wild Strike","Flex+1"],"picked":"Dropkick","floor":47},{"not_picked":["Clash","Pommel Strike"],"picked":"Disarm+1","floor":48},{"not_picked":["Battle Trance","Spot Weakness"],"picked":"Shrug It Off","floor":55}],"player_experience":18830926,"relics_obtained":[{"floor":7.0,"key":"Bronze Scales"},{"floor":9.0,"key":"Singing Bowl"},{"floor":10.0,"key":"Ice Cream"},{"floor":13.0,"key":"MawBank"},{"floor":23.0,"key":"Lantern"},{"floor":26.0,"key":"Self Forming Clay"},{"floor":27.0,"key":"Bag of Preparation"},{"floor":30,"key":"Orichalcum"},{"floor":38,"key":"InkBottle"},{"floor":40,"key":"Peace Pipe"},{"floor":43,"key":"Anchor"},{"floor":48,"key":"Centennial Puzzle"},{"floor":55,"key":"Boot"}],"event_choices":[{"cards_removed":["Strike_R"],"damage_healed":0.0,"max_hp_gain":0.0,"max_hp_loss":0.0,"gold_gain":0.0,"event_name":"The Cleric","player_choice":"Card Removal","floor":3.0,"gold_loss":75.0,"damage_taken":0.0},{"damage_healed":0.0,"max_hp_gain":0.0,"max_hp_loss":7.0,"gold_gain":0.0,"event_name":"Golden Idol","player_choice":"Lose Max HP","floor":11.0,"gold_loss":0.0,"damage_taken":0.0,"relics_obtained":["Golden Idol"]},{"damage_healed":0.0,"max_hp_gain":0.0,"max_hp_loss":0.0,"gold_gain":180.0,"event_name":"Knowing Skull","player_choice":"GOLD GOLD ","floor":19.0,"potions_obtained":[],"gold_loss":0.0,"damage_taken":19.0,"cards_obtained":[]},{"damage_healed":0.0,"max_hp_gain":0.0,"max_hp_loss":0.0,"gold_gain":0.0,"event_name":"Forgotten Altar","player_choice":"Gave Idol","floor":29.0,"relics_lost":["Golden Idol"],"gold_loss":0.0,"damage_taken":0.0,"relics_obtained":["Bloody Idol"]},{"damage_healed":14,"gold_gain":0,"player_choice":"Writhe","damage_taken":0,"max_hp_gain":0,"max_hp_loss":0,"event_name":"Winding Halls","floor":37,"gold_loss":0,"cards_obtained":["Writhe"]},{"cards_removed":["Strike_R"],"damage_healed":0,"gold_gain":0,"player_choice":"Removed Attack","damage_taken":0,"max_hp_gain":0,"max_hp_loss":0,"event_name":"Falling","floor":39,"gold_loss":0},{"damage_healed":0,"gold_gain":0,"player_choice":"Memory 3","damage_taken":10,"max_hp_gain":0,"max_hp_loss":0,"event_name":"SensoryStone","floor":45,"gold_loss":0}],"is_beta":true,"boss_relics":[{"not_picked":["SacredBark","Empty Cage"],"picked":"Runic Pyramid"},{"not_picked":["Cursed Key","Runic Dome"],"picked":"Fusion Hammer"}],"items_purged_floors":[22,36],"is_endless":false,"potions_floor_spawned":[1,4,5,10,20,21,23,25,27,40,47,48,55],"ascension_level":20}}