{"host":"ix7p32bjxfunmfrv","time":1608911601,"event":{"mods":["AchievementEnabler","BaseMod","DeckTracker","Minty Spire (QoL Compilation)","Permanent Neow","Quick Restart"],"gold_per_floor":[112,37,50,50,61,88,100,112,112,112,44,144,171,187,187,187,187],"floor_reached":16,"playtime":835,"items_purged":["Strike_R"],"score":112,"play_id":"6e78d6cb-9f6d-4907-8fb0-376d47b9673c","local_time":"20201226005321","is_ascension_mode":false,"campfire_choices":[{"data":"Seeing Red","floor":10,"key":"SMITH"},{"data":"Whirlwind","floor":15,"key":"SMITH"}],"circlet_count":0,"master_deck":["Strike_R","Strike_R","Strike_R","Strike_R","Defend_R","Defend_R+1","Defend_R","Defend_R","Bash","Warcry","Battle Trance+1","Ghostly Armor","Seeing Red+1","Warcry","Feel No Pain","Whirlwind+1"],"relics":["Burning Blood","Dead Branch","War Paint","Kunai","Paper Frog"],"acts_visited":["Exordium"],"potions_floor_usage":[16],"damage_taken":[{"damage":2.0,"enemies":"2 Louse","floor":1.0,"turns":4.0},{"damage":3.0,"enemies":"Small Slimes","floor":3.0,"turns":5.0},{"damage":1.0,"enemies":"Cultist","floor":5.0,"turns":3.0},{"damage":18,"enemies":"3 Sentries","floor":6,"turns":7},{"damage":11,"enemies":"Exordium Wildlife","floor":7,"turns":5},{"damage":0,"enemies":"2 Fungi Beasts","floor":8,"turns":4},{"damage":18,"enemies":"Gremlin Nob","floor":13,"turns":3},{"damage":0,"enemies":"Red Slaver","floor":14,"turns":3},{"damage":65,"enemies":"Hexaghost","floor":16,"turns":15}],"seed_played":"-4078041172818094815","potions_obtained":[{"floor":1.0,"key":"DuplicationPotion"},{"floor":6,"key":"FearPotion"},{"floor":13,"key":"SpeedPotion"}],"is_trial":false,"path_per_floor":["M","$","M","?","M","E","M","M","T","R","$","?","E","M","R","B"],"character_chosen":"IRONCLAD","items_purchased":["Feel No Pain"],"campfire_rested":0,"item_purchase_floors":[11],"current_hp_per_floor":[80,80,80,80,80,68,63,69,69,69,69,69,57,63,63,0,0],"gold":187,"neow_bonus":"ONE_RARE_RELIC","is_daily":false,"chose_seed":false,"campfire_upgraded":2,"win_rate":0.0,"timestamp":1608911601,"path_taken":["M","$","M","?","M","E","M","M","T","R","$","?","E","M","R","BOSS"],"items_purchased_type":["Card"],"build_version":"2020-12-22","purchased_purges":1,"victory":false,"max_hp_per_floor":[80,80,80,80,80,80,80,80,80,80,80,80,80,80,80,80,80],"card_choices":[{"not_picked":["Infernal Blade","Bloodletting"],"picked":"Warcry","floor":1.0},{"not_picked":["Wild Strike","Heavy Blade"],"picked":"Battle Trance","floor":3.0},{"not_picked":["Dropkick","Pommel Strike"],"picked":"Ghostly Armor","floor":5.0},{"not_picked":["Clash","Iron Wave"],"picked":"Seeing Red","floor":6},{"not_picked":["Heavy Blade","Power Through"],"picked":"Warcry","floor":7},{"not_picked":["Armaments","Warcry","Perfected Strike"],"picked":"SKIP","floor":8},{"not_picked":["Metallicize","Uppercut","Dropkick"],"picked":"SKIP","floor":13},{"not_picked":["Anger","Armaments"],"picked":"Whirlwind","floor":14}],"player_experience":146725,"relics_obtained":[{"floor":6,"key":"War Paint"},{"floor":9,"key":"Kunai"},{"floor":13,"key":"Paper Frog"}],"event_choices":[{"cards_removed":["Injury"],"damage_healed":0.0,"max_hp_gain":0.0,"max_hp_loss":0.0,"gold_gain":0.0,"event_name":"Living Wall","player_choice":"Forget","floor":4.0,"gold_loss":0.0,"damage_taken":0.0},{"damage_healed":0,"gold_gain":100,"player_choice":"Pray","damage_taken":0,"max_hp_gain":0,"max_hp_loss":0,"event_name":"Golden Shrine","floor":12,"gold_loss":0}],"is_beta":false,"boss_relics":[],"items_purged_floors":[2],"is_endless":false,"potions_floor_spawned":[1,6,13,14],"killed_by":"Hexaghost","ascension_level":0}}