{"host":"mjmsgaxkb56jw5c5","time":1608916697,"event":{"mods":["Aspiration","BaseMod","Colored Powertips","Conspire","Downfall","Hubris","Minty Spire (QoL Compilation)","Replay The Spire","StSLib","The Jungle"],"gold_per_floor":[111,286,62,78,113,148,159,190,190,10,27,47,58,73,73,176,176,191,209,21,36,49,49,65,65,65,65,15,95,95,95,95,214,214,251,271,308,308,333,333,358,373,373,373,386,412,457,585,585,612,612,612,185,228,227],"floor_reached":56,"playtime":4413,"items_purged":["Doubt","Defend_R"],"score":1364,"play_id":"65eb046b-2640-4672-827a-83ae030de65f","local_time":"20201225181817","is_ascension_mode":true,"campfire_choices":[{"data":"Havoc","floor":15.0,"key":"SMITH"},{"data":"Heavy Blade","floor":23.0,"key":"SMITH"},{"data":"ReplayTheSpireMod:Strike From Hell","floor":25.0,"key":"SMITH"},{"data":"Demon Form","floor":27.0,"key":"SMITH"},{"floor":32.0,"key":"RECALL"},{"floor":40.0,"key":"REST"},{"data":"hubris:StunningStrike","floor":44.0,"key":"SMITH"},{"floor":49.0,"key":"REST"},{"data":"Dark Embrace","floor":52,"key":"SMITH"}],"circlet_count":0,"master_deck":["Strike_R","Strike_R","Strike_R","Strike_R","Strike_R","Defend_R","Bash","Feel No Pain","Havoc+1","Feel No Pain","Dual Wield","Wild Strike","Warcry","Replay:Undeath\u0027s Touch","ReplayTheSpireMod:Muscle Training","Reaper","Feel No Pain","Spot Weakness","Evolve","Evolve","Demon Form+1","Dark Embrace+1","Heavy Blade+1","Secret Weapon","Fire Breathing","ReplayTheSpireMod:Strike From Hell+1","conspire:SpireCoStock","hubris:StunningStrike+1","Replay:Undeath\u0027s Touch+1","Metallicize+1","Sword Boomerang+1","Havoc+1","Warcry+1","Violence","Havoc","Iron Wave"],"relics":["Burning Blood","Orichalcum","Centennial Puzzle","Iron Hammer","aspiration:FrozenJewel","Membership Card","Replay:Grab Bag","aspiration:FutureDiary","conspire:RoyalGoblet","conspire:SpecialSausage","Empty Cage","ReplayTheSpireMod:TigerMarble","aspiration:HummingbirdHeart","hubris:Icosahedron","hubris:MedicalManual","aspiration:PoetsPen_weak","hubris:ChampionShield","ReplayTheSpireMod:Shallot","Replay:PocketPolymizer","Replay:Ringing Soul","Art of War","conspire:DeflatedDodgeball"],"acts_visited":["Exordium","TheCity","TheBeyond","TheEnding"],"potions_floor_usage":[50,50,54,54,55],"damage_taken":[{"damage":3.0,"enemies":"2 Louse","floor":1.0,"turns":4.0},{"damage":12.0,"enemies":"Jaw Worm","floor":4.0,"turns":6.0},{"damage":12.0,"enemies":"conspire:MimicChest","floor":5.0,"turns":2.0},{"damage":20.0,"enemies":"Replay:BlueRogue","floor":6.0,"turns":10.0},{"damage":3.0,"enemies":"Small Slimes","floor":7.0,"turns":4.0},{"damage":42.0,"enemies":"Lagavulin","floor":8.0,"turns":9.0},{"damage":3.0,"enemies":"Exordium Wildlife","floor":11.0,"turns":3.0},{"damage":5.0,"enemies":"Exordium Thugs","floor":12.0,"turns":6.0},{"damage":12.0,"enemies":"conspire:2 RoseBushes","floor":13.0,"turns":6.0},{"damage":4.0,"enemies":"Looter","floor":14.0,"turns":2.0},{"damage":12.0,"enemies":"The Guardian","floor":16.0,"turns":9.0},{"damage":17.0,"enemies":"Spheric Guardian","floor":18.0,"turns":5.0},{"damage":13.0,"enemies":"Shell Parasite","floor":19.0,"turns":4.0},{"damage":12.0,"enemies":"Centurion and Healer","floor":21.0,"turns":5.0},{"damage":9.0,"enemies":"conspire:HollyBat","floor":22.0,"turns":7.0},{"damage":30.0,"enemies":"Shelled Parasite and Fungi","floor":24.0,"turns":5.0},{"damage":58.0,"enemies":"hubris:MusketHawk","floor":33.0,"turns":8.0},{"damage":0.0,"enemies":"Orb Walker","floor":35.0,"turns":3.0},{"damage":0.0,"enemies":"3 Darklings","floor":36.0,"turns":4.0},{"damage":54.0,"enemies":"4 Shapes","floor":37.0,"turns":5.0},{"damage":48.0,"enemies":"Maw","floor":39.0,"turns":9.0},{"damage":1.0,"enemies":"Nemesis","floor":41.0,"turns":4.0},{"damage":5.0,"enemies":"Jaw Worm Horde","floor":42.0,"turns":3.0},{"damage":17.0,"enemies":"Transient","floor":45.0,"turns":5.0},{"damage":20.0,"enemies":"Reptomancer","floor":46.0,"turns":6.0},{"damage":26.0,"enemies":"Maw","floor":47.0,"turns":9.0},{"damage":23.0,"enemies":"3 Darklings","floor":48.0,"turns":5.0},{"damage":53,"enemies":"Awakened One","floor":50,"turns":8},{"damage":70,"enemies":"Shield and Spear","floor":54,"turns":5},{"damage":96,"enemies":"The Heart","floor":55,"turns":9}],"seed_played":"-7514480392038612834","potions_obtained":[{"floor":1.0,"key":"ElixirPotion"},{"floor":4.0,"key":"Death Potion"},{"floor":5.0,"key":"AttackPotion"},{"floor":11.0,"key":"Flashbang"},{"floor":14.0,"key":"Fire Potion"},{"floor":22.0,"key":"Dexterity Potion"},{"floor":24.0,"key":"Strength Potion"},{"floor":46.0,"key":"champ:CounterPotion"},{"floor":48.0,"key":"Regen Potion"}],"is_trial":false,"path_per_floor":["M","?","$","M","?","E","M","E","T","$","M","M","M","M","R","B",null,"M","M","$","M","M","R","M","R","T","R","?","T","?","?","R","B",null,"M","M","M","?","M","R","E","M","T","R","M","E","M","M","R","B",null,"R","$","E","B",null],"character_chosen":"IRONCLAD","items_purchased":["Feel No Pain","Dual Wield","Membership Card","Feel No Pain","ReplayTheSpireMod:TigerMarble","Secret Weapon","Fire Potion","BlessingOfTheForge","Violence","Havoc","Swift Potion","Replay:Ringing Soul","Art of War","Iron Wave"],"campfire_rested":2,"item_purchase_floors":[3,3,10,10,20,20,20,53,53,53,53,53,53,53],"current_hp_per_floor":[80,80,80,74,68,54,57,21,21,21,31,38,50,65,65,71,80,74,67,67,80,80,80,69,69,69,69,69,69,69,69,69,37,80,80,80,52,72,37,61,76,77,77,77,66,66,46,43,67,47,80,80,83,83,40],"gold":227,"neow_bonus":"RANDOM_EVENT","is_daily":false,"chose_seed":false,"campfire_upgraded":6,"win_rate":0.0,"timestamp":1608916697,"path_taken":["M","?","$","M","?","E","M","E","T","?","?","M","M","M","R","BOSS","M","M","$","M","M","R","M","R","T","R","?","?","?","?","R","BOSS","M","M","?","?","M","R","E","M","T","R","M","E","M","M","R","BOSS","R","$","E","BOSS"],"items_purchased_type":["Card","Card","Relic","Card","Relic","Card","Potion","Potion","Card","Card","Potion","Relic","Relic","Card"],"build_version":"2020-12-22","purchased_purges":2,"victory":true,"max_hp_per_floor":[80,80,80,80,80,80,80,80,80,80,80,80,80,80,80,80,80,80,80,80,80,80,80,80,80,80,80,80,80,80,80,80,80,80,80,80,80,80,80,80,80,80,80,80,80,80,80,80,80,80,80,80,83,83,83],"card_choices":[{"not_picked":["Rupture","Spot Weakness"],"picked":"Havoc","floor":1.0},{"not_picked":["Heavy Blade","Power Through"],"picked":"Wild Strike","floor":4.0},{"not_picked":["Replay:Undeath\u0027s Touch","hubris:ReadiedAction"],"picked":"Warcry","floor":5.0},{"not_picked":["Ghostly Armor","Entrench"],"picked":"Replay:Undeath\u0027s Touch","floor":6.0},{"not_picked":["Pommel Strike","Warcry"],"picked":"ReplayTheSpireMod:Muscle Training","floor":7.0},{"not_picked":["Battle Trance","Wild Strike"],"picked":"Reaper","floor":8.0},{"not_picked":["Clothesline","conspire:ExplosiveBarrier","Flex"],"picked":"SKIP","floor":11.0},{"not_picked":["Thunderclap","Whirlwind"],"picked":"Spot Weakness","floor":12.0},{"not_picked":["Thunderclap","Entrench"],"picked":"Evolve","floor":13.0},{"not_picked":["Sword Boomerang","Flex"],"picked":"Evolve","floor":14.0},{"not_picked":["Limit Break","Feed"],"picked":"Demon Form","floor":16.0},{"not_picked":["Flex","Havoc"],"picked":"Dark Embrace","floor":18.0},{"not_picked":["True Grit+1","ReplayTheSpireMod:Muscle Training"],"picked":"Heavy Blade","floor":19.0},{"not_picked":["Clash+1","Anger+1"],"picked":"Fire Breathing","floor":21.0},{"not_picked":["Clash","conspire:Charge","True Grit+1"],"picked":"SKIP","floor":22.0},{"not_picked":["Rage","conspire:Charge"],"picked":"ReplayTheSpireMod:Strike From Hell","floor":24.0},{"not_picked":["Demonic Infusion","conspire:Purge"],"picked":"hubris:StunningStrike","floor":33.0},{"not_picked":["Rampage+1","Body Slam"],"picked":"Replay:Undeath\u0027s Touch+1","floor":35.0},{"not_picked":["Anger","Headbutt"],"picked":"Metallicize+1","floor":36.0},{"not_picked":["Clash","Evolve","Twin Strike+1"],"picked":"SKIP","floor":37.0},{"not_picked":["Rupture+1","Disarm"],"picked":"Sword Boomerang+1","floor":39.0},{"not_picked":["Combust+1","Rupture","Second Wind"],"picked":"SKIP","floor":41.0},{"not_picked":["Run Through","True Grit+1","Hemogenesis"],"picked":"SKIP","floor":42.0},{"not_picked":["Ghostly Armor+1","Iron Wave+1"],"picked":"Havoc+1","floor":45.0},{"not_picked":["Massacre+1","Bloodletting","Intimidate"],"picked":"SKIP","floor":46.0},{"not_picked":["Run Through","Flex+1"],"picked":"Warcry+1","floor":47.0},{"not_picked":["Cleave","Perfected Strike+1","Armaments+1"],"picked":"SKIP","floor":48.0},{"not_picked":["Second Wind","Anger","Dropkick"],"picked":"SKIP","floor":54}],"player_experience":210933,"relics_obtained":[{"floor":5.0,"key":"Orichalcum"},{"floor":6.0,"key":"Centennial Puzzle"},{"floor":8.0,"key":"Iron Hammer"},{"floor":9.0,"key":"aspiration:FrozenJewel"},{"floor":26.0,"key":"aspiration:HummingbirdHeart"},{"floor":41.0,"key":"hubris:ChampionShield"},{"floor":43.0,"key":"ReplayTheSpireMod:Shallot"},{"floor":46.0,"key":"Replay:PocketPolymizer"},{"floor":54,"key":"conspire:DeflatedDodgeball"}],"event_choices":[{"damage_healed":0.0,"max_hp_gain":0.0,"max_hp_loss":0.0,"gold_gain":175.0,"event_name":"Liars Game","player_choice":"AGREE","floor":2.0,"gold_loss":0.0,"damage_taken":0.0,"cards_obtained":["Doubt"]},{"damage_healed":0.0,"max_hp_gain":0.0,"max_hp_loss":0.0,"gold_gain":0.0,"event_name":"conspire:Investor","player_choice":"Invest 1","floor":28.0,"gold_loss":0.0,"damage_taken":0.0},{"damage_healed":0.0,"max_hp_gain":0.0,"max_hp_loss":0.0,"gold_gain":0.0,"event_name":"WeMeetAgain","player_choice":"Gave Potion","floor":31.0,"gold_loss":0.0,"damage_taken":0.0,"relics_obtained":["hubris:MedicalManual"]},{"damage_healed":20.0,"max_hp_gain":0.0,"max_hp_loss":0.0,"gold_gain":0.0,"event_name":"Winding Halls","player_choice":"Writhe","floor":38.0,"gold_loss":0.0,"damage_taken":0.0,"cards_obtained":["Writhe"]}],"is_beta":false,"boss_relics":[{"not_picked":["hubris:RunicObelisk","ReplayTheSpireMod:DimensionalGlitch"],"picked":"Replay:Grab Bag"},{"not_picked":["conspire:SlowCooker","hubris:CrackedHourglass"],"picked":"aspiration:FutureDiary"},{"not_picked":["conspire:SeveredTorchhead","Coffee Dripper"],"picked":"conspire:RoyalGoblet"},{"not_picked":["hubris:BlackHole","Pandora\u0027s Box"],"picked":"conspire:SpecialSausage"},{"not_picked":["SacredBark","Replay:Drink Me"],"picked":"Empty Cage"},{"not_picked":["conspire:RunicOctahedron","SlaversCollar"],"picked":"aspiration:PoetsPen_weak"}],"items_purged_floors":[3,53],"is_endless":false,"potions_floor_spawned":[1,4,5,11,14,22,24,41,45,46,48],"ascension_level":3}}