{"host":"3rixevx6n8b56xaj","time":1608875487,"event":{"mods":["2.2 Compatiblity","AchievementEnabler","Arknights The Spire","BaseMod","Colored Map","DeckTracker","Friendly Minions","Minty Spire (QoL Compilation)","StSLib","SuperFastMode"],"gold_per_floor":[117,117,136,153,153,153,173,98,98,98,127,127,159,11,11,108,108,127,140,140,158,168,207,207,231,231,256,294,306,339,380,392,509,521,552,564,599,611,219,219,254,254,280,301,93,112,147,182,182,182,182,182,18,52,52,52],"floor_reached":55,"playtime":1953,"items_purged":["Strike_B","Strike_B","Sweeping Beam","Parasite"],"score":754,"play_id":"d25de878-da47-4f33-9dc9-ac2ae702be28","local_time":"20201225145127","is_ascension_mode":false,"campfire_choices":[{"data":"Capacitor","floor":6,"key":"SMITH"},{"data":"Conserve Battery","floor":12,"key":"SMITH"},{"data":"Genetic Algorithm","floor":15,"key":"SMITH"},{"floor":24,"key":"REST"},{"floor":29,"key":"REST"},{"data":"Dualcast","floor":32,"key":"SMITH"},{"data":"Seek","floor":40,"key":"SMITH"},{"data":"Echo Form","floor":42,"key":"SMITH"},{"floor":49,"key":"RECALL"},{"data":"Electrodynamics","floor":52,"key":"SMITH"}],"circlet_count":0,"master_deck":["Defend_B","Defend_B","Zap","Dualcast+1","Capacitor+1","Conserve Battery+1","Ball Lightning","Genetic Algorithm+1","Electrodynamics+1","White Noise+1","Consume+1","Double Energy+1","Echo Form+1","Lockon+1","Darkness+1","Glacier+1","Seek+1","Conserve Battery+1","Defragment+1","Defragment+1","Coolheaded+1","Compile Driver","Conserve Battery+1","Hologram+1","Core Surge","Loop+1","Coolheaded","BootSequence+1"],"relics":["Cracked Core","White Beast Statue","Oddly Smooth Stone","ats:Originium","Akabeko","ats:Originium","Pocketwatch","Medical Kit","Velvet Choker","ats:Originium","CeramicFish","ats:Originium","MawBank","Empty Cage","Frozen Egg 2","Singing Bowl","Smiling Mask","DataDisk","StrikeDummy","Orichalcum"],"acts_visited":["Exordium","TheCity","TheBeyond","TheEnding"],"potions_floor_usage":[11,19,21,23,28,33,35,41,50,54,55,55],"damage_taken":[{"damage":3,"enemies":"Small Slimes","floor":1,"turns":2},{"damage":1,"enemies":"Cultist","floor":3,"turns":4},{"damage":1,"enemies":"Jaw Worm","floor":4,"turns":4},{"damage":16,"enemies":"Red Slaver","floor":7,"turns":4},{"damage":17,"enemies":"3 Sentries","floor":11,"turns":5},{"damage":5,"enemies":"Lagavulin","floor":13,"turns":6},{"damage":15,"enemies":"The Guardian","floor":16,"turns":9},{"damage":0,"enemies":"Spheric Guardian","floor":18,"turns":3},{"damage":1,"enemies":"Shell Parasite","floor":19,"turns":5},{"damage":20,"enemies":"Shelled Parasite and Fungi","floor":21,"turns":3},{"damage":17,"enemies":"Snake Plant","floor":22,"turns":4},{"damage":28,"enemies":"Book of Stabbing","floor":23,"turns":6},{"damage":0,"enemies":"3 Cultists","floor":25,"turns":3},{"damage":19,"enemies":"Slavers","floor":27,"turns":3},{"damage":27,"enemies":"Shelled Parasite and Fungi","floor":28,"turns":4},{"damage":8,"enemies":"Centurion and Healer","floor":30,"turns":5},{"damage":10,"enemies":"Sentry and Sphere","floor":31,"turns":4},{"damage":16,"enemies":"Automaton","floor":33,"turns":6},{"damage":10,"enemies":"Orb Walker","floor":35,"turns":2},{"damage":0,"enemies":"3 Darklings","floor":37,"turns":3},{"damage":15,"enemies":"Giant Head","floor":41,"turns":6},{"damage":3,"enemies":"Jaw Worm Horde","floor":44,"turns":2},{"damage":0,"enemies":"Spire Growth","floor":46,"turns":5},{"damage":0,"enemies":"Writhing Mass","floor":47,"turns":6},{"damage":0,"enemies":"Nemesis","floor":48,"turns":7},{"damage":27,"enemies":"Donu and Deca","floor":50,"turns":10},{"damage":34,"enemies":"Shield and Spear","floor":54,"turns":6},{"damage":104,"enemies":"The Heart","floor":55,"turns":9}],"seed_played":"4949459511425819801","potions_obtained":[{"floor":1,"key":"FairyPotion"},{"floor":3,"key":"PowerPotion"},{"floor":4,"key":"SkillPotion"},{"floor":7,"key":"LiquidMemories"},{"floor":11,"key":"Swift Potion"},{"floor":19,"key":"LiquidMemories"},{"floor":21,"key":"Ancient Potion"},{"floor":23,"key":"Fire Potion"},{"floor":25,"key":"PotionOfCapacity"},{"floor":28,"key":"Energy Potion"},{"floor":30,"key":"FocusPotion"},{"floor":33,"key":"DistilledChaos"},{"floor":35,"key":"SmokeBomb"},{"floor":37,"key":"Dexterity Potion"},{"floor":41,"key":"Energy Potion"},{"floor":54,"key":"SteroidPotion"}],"is_trial":false,"path_per_floor":["M","?","M","M","?","R","M","$","T","?","E","R","E","$","R","B",null,"M","M","?","M","M","E","R","M","T","E","M","R","M","M","R","B",null,"M","?","M","?","$","R","E","R","T","M","$","M","M","E","R","B",null,"R","$","E","B"],"character_chosen":"DEFECT","items_purchased":["Medical Kit","Frozen Egg 2","Defragment+1","DataDisk","Compile Driver","Loop+1","FocusPotion","Coolheaded"],"campfire_rested":2,"item_purchase_floors":[14,39,39,45,45,53,53,53],"current_hp_per_floor":[79,67,66,65,65,65,49,49,49,49,32,32,27,27,27,12,82,82,81,81,61,44,16,40,40,40,21,24,48,40,30,30,14,82,72,72,72,72,72,72,59,59,59,56,56,56,56,56,56,29,80,80,77,43,0,0],"gold":52,"neow_bonus":"TEN_PERCENT_HP_BONUS","is_daily":false,"chose_seed":false,"campfire_upgraded":7,"win_rate":0.0,"timestamp":1608875487,"path_taken":["M","?","M","M","?","R","?","$","T","?","E","R","E","$","R","BOSS","M","M","?","M","M","E","R","M","T","E","M","R","M","?","R","BOSS","M","?","M","?","$","R","E","R","T","M","?","?","M","E","R","BOSS","R","$","E","BOSS"],"items_purchased_type":["Relic","Relic","Card","Relic","Card","Card","Potion","Card"],"build_version":"2020-12-22","purchased_purges":4,"victory":false,"max_hp_per_floor":[82,82,82,82,82,82,82,82,82,82,82,82,82,82,82,82,82,82,82,82,82,82,82,82,82,82,82,82,82,82,82,82,82,82,82,82,82,78,78,78,80,80,80,80,80,80,80,80,80,80,80,80,77,77,77,77],"card_choices":[{"not_picked":["Glacier","Streamline"],"picked":"Capacitor","floor":1},{"not_picked":["Hello World","Cold Snap"],"picked":"Sweeping Beam","floor":3},{"not_picked":["Capacitor","Recycle"],"picked":"Conserve Battery","floor":4},{"not_picked":["Redo","Scrape"],"picked":"Ball Lightning","floor":7},{"not_picked":["Force Field","Rebound"],"picked":"Genetic Algorithm","floor":11},{"not_picked":["Stack","Scrape","Beam Cell"],"picked":"SKIP","floor":13},{"not_picked":["Rainbow","Amplify"],"picked":"Electrodynamics","floor":16},{"not_picked":["Reinforced Body","Leap"],"picked":"White Noise+1","floor":18},{"not_picked":["Barrage","Steam Power+1"],"picked":"Consume","floor":19},{"not_picked":["Conserve Battery","Reinforced Body+1","Gash"],"picked":"SKIP","floor":21},{"not_picked":["Gash","Streamline"],"picked":"Double Energy+1","floor":22},{"not_picked":["Skim+1","BootSequence"],"picked":"Echo Form","floor":23},{"not_picked":["Force Field","Melter"],"picked":"Lockon+1","floor":25},{"not_picked":["Barrage","FTL+1","Recycle"],"picked":"SKIP","floor":27},{"not_picked":["Barrage","Ball Lightning+1"],"picked":"Go for the Eyes+1","floor":28},{"not_picked":["Reprogram","Redo"],"picked":"Darkness+1","floor":30},{"not_picked":["Melter","All For One"],"picked":"Glacier+1","floor":31},{"not_picked":["All For One","Thunder Strike"],"picked":"Seek","floor":33},{"not_picked":["Barrage+1","Conserve Battery+1","Hologram"],"picked":"SKIP","floor":35},{"not_picked":["Barrage+1","Hologram"],"picked":"Conserve Battery+1","floor":35},{"not_picked":["Lockon","Scrape"],"picked":"Defragment+1","floor":37},{"not_picked":["Gash","Streamline+1","Genetic Algorithm+1"],"picked":"Singing Bowl","floor":41},{"not_picked":["Steam+1","Hello World+1"],"picked":"Coolheaded+1","floor":44},{"not_picked":["Chill","Melter"],"picked":"Conserve Battery+1","floor":46},{"not_picked":["Genetic Algorithm","Rip and Tear+1"],"picked":"Hologram+1","floor":47},{"not_picked":["Redo","Conserve Battery"],"picked":"Core Surge","floor":48},{"not_picked":["Coolheaded","Conserve Battery+1"],"picked":"BootSequence+1","floor":54}],"player_experience":563158,"relics_obtained":[{"floor":9,"key":"Oddly Smooth Stone"},{"floor":11,"key":"ats:Originium"},{"floor":11,"key":"Akabeko"},{"floor":13,"key":"ats:Originium"},{"floor":13,"key":"Pocketwatch"},{"floor":23,"key":"ats:Originium"},{"floor":23,"key":"CeramicFish"},{"floor":27,"key":"ats:Originium"},{"floor":27,"key":"MawBank"},{"floor":41,"key":"Singing Bowl"},{"floor":43,"key":"Smiling Mask"},{"floor":48,"key":"StrikeDummy"},{"floor":54,"key":"Orichalcum"}],"event_choices":[{"damage_healed":0,"gold_gain":0,"player_choice":"Success","damage_taken":12,"relics_obtained":["White Beast Statue"],"max_hp_gain":0,"max_hp_loss":0,"event_name":"Scrap Ooze","floor":2,"gold_loss":0},{"cards_removed":["Defend_B"],"damage_healed":0,"gold_gain":0,"player_choice":"Purged","damage_taken":0,"max_hp_gain":0,"max_hp_loss":0,"event_name":"Purifier","floor":5,"gold_loss":0},{"cards_removed":["Strike_B"],"damage_healed":0,"gold_gain":0,"player_choice":"Offered Basic","damage_taken":0,"max_hp_gain":0,"max_hp_loss":0,"event_name":"Bonfire Elementals","floor":10,"gold_loss":0},{"damage_healed":0,"gold_gain":0,"player_choice":"Upgraded","damage_taken":0,"max_hp_gain":0,"max_hp_loss":0,"event_name":"Upgrade Shrine","floor":20,"gold_loss":0,"cards_upgraded":["Consume"]},{"cards_removed":["Go for the Eyes"],"damage_healed":0,"gold_gain":0,"player_choice":"Removed Attack","damage_taken":0,"max_hp_gain":0,"max_hp_loss":0,"event_name":"Falling","floor":36,"gold_loss":0},{"damage_healed":0,"gold_gain":0,"player_choice":"Max HP","damage_taken":0,"max_hp_gain":0,"max_hp_loss":4,"event_name":"Winding Halls","floor":38,"gold_loss":0}],"is_beta":false,"boss_relics":[{"not_picked":["Fusion Hammer","Tiny House"],"picked":"Velvet Choker"},{"not_picked":["Philosopher\u0027s Stone","Sozu"],"picked":"Empty Cage"}],"items_purged_floors":[8,39,45,53],"is_endless":false,"potions_floor_spawned":[1,3,4,7,11,13,16,18,19,21,22,23,25,27,28,30,31,33,35,37,41,44,46,47,48,54],"killed_by":"The Heart","ascension_level":0}}