{"host":"m6h67kf6cz80m3yv","time":1608856691,"event":{"mods":["BaseMod","Better Third Choice","BetterRewards","Colored Powertips","Downfall","Duelist Mod","Hermit","Marisa????????","Minty Spire (QoL Compilation)","Quick Restart","Shade Mod","Shop Mod","StSLib","SuperFastMode","The Servant 0.9.4"],"gold_per_floor":[117,117,134,134,149,178,178,187,187,227,254,295,295,323,323,432,459,482,462,474,474,474],"floor_reached":21,"playtime":1029,"items_purged":[],"score":251,"play_id":"8883e41e-a9d9-453f-8edd-ec273a82f9de","local_time":"20201224223811","is_ascension_mode":true,"campfire_choices":[{"data":"Moonlight","floor":7,"key":"SMITH"},{"data":"Luminosity","floor":13,"key":"SMITH"},{"floor":15,"key":"REST"}],"circlet_count":0,"master_deck":["Strike_S","Strike_S","Strike_S","Strike_S","Defend_S","KidneyShot","Exchange","GearUp+1","ShatteredReality","GearUp","Moonlight+1","Regret","DancingSilver","ReturningBlade","Luminosity+1","Luminosity","MurderousAura","GearUp+1","Spin+1","FastForward+1","Defy"],"relics":["Uniform","TungstenRod","CeramicFish","PocketWatch","Gremlin Horn","Broom","Astrolabe"],"acts_visited":["Exordium","TheCity"],"potions_floor_usage":[6,10,12],"damage_taken":[{"damage":0,"enemies":"Cultist","floor":1,"turns":5},{"damage":0,"enemies":"Jaw Worm","floor":3,"turns":6},{"damage":1,"enemies":"2 Louse","floor":5,"turns":2},{"damage":24,"enemies":"Lagavulin","floor":6,"turns":12},{"damage":7,"enemies":"Gremlin Nob","floor":10,"turns":4},{"damage":1,"enemies":"Blue Slaver","floor":11,"turns":5},{"damage":3,"enemies":"Lagavulin","floor":12,"turns":7},{"damage":0,"enemies":"Large Slime","floor":14,"turns":3},{"damage":21,"enemies":"The Guardian","floor":16,"turns":11},{"damage":20,"enemies":"3 Byrds","floor":18,"turns":6},{"damage":3,"enemies":"2 Thieves","floor":19,"turns":4},{"damage":1,"enemies":"Chosen and Byrds","floor":20,"turns":7},{"damage":42,"enemies":"Masked Bandits","floor":21,"turns":3}],"seed_played":"-3850705634074636343","potions_obtained":[{"floor":5,"key":"Strength Potion"},{"floor":6,"key":"Block Potion"},{"floor":10,"key":"Regen Potion"},{"floor":19,"key":"SpeedPotion"}],"is_trial":false,"path_per_floor":["M","?","M","?","M","E","R","?","T","E","M","E","R","M","R","B",null,"M","M","M","?"],"character_chosen":"THE_SERVANT","items_purchased":["GearUp"],"campfire_rested":1,"item_purchase_floors":[0],"current_hp_per_floor":[65,65,65,65,64,40,40,40,40,33,32,44,44,44,63,42,59,39,36,35,0,0],"gold":474,"neow_bonus":"","is_daily":false,"chose_seed":false,"campfire_upgraded":2,"win_rate":0.0,"timestamp":1608856691,"path_taken":["M","?","M","?","?","E","R","?","T","E","M","E","R","M","R","BOSS","M","M","M","?"],"items_purchased_type":["Card"],"build_version":"2020-12-22","purchased_purges":0,"victory":false,"max_hp_per_floor":[65,65,65,65,65,65,65,65,65,65,65,65,65,65,65,65,65,65,65,65,65,65],"card_choices":[{"not_picked":["Replace","Misdirection","Contraction"],"picked":"SKIP","floor":1},{"not_picked":["Replace","FastForward"],"picked":"ShatteredReality","floor":3},{"not_picked":["Spin","Rewind"],"picked":"GearUp","floor":5},{"not_picked":["Ricochet","Deadline"],"picked":"Moonlight","floor":6},{"not_picked":["Defy","Rearm"],"picked":"DancingSilver","floor":10},{"not_picked":["Rewind","Defy"],"picked":"ReturningBlade","floor":11},{"not_picked":["DoubleEdge","TrueSight"],"picked":"Luminosity","floor":12},{"not_picked":["Revamp","FastForward"],"picked":"Luminosity","floor":14},{"not_picked":["SoulSculpture","Solidify"],"picked":"MurderousAura","floor":16},{"not_picked":["Alleviate","Replace"],"picked":"Defy","floor":18},{"not_picked":["Unruled+1","Rearm","Potential"],"picked":"SKIP","floor":19},{"not_picked":["ForgedInTime","Rewind","Unruled+1"],"picked":"SKIP","floor":20}],"player_experience":285571,"relics_obtained":[{"floor":6,"key":"TungstenRod"},{"floor":9,"key":"PocketWatch"},{"floor":10,"key":"Gremlin Horn"},{"floor":12,"key":"Broom"}],"event_choices":[{"damage_healed":0,"gold_gain":0,"player_choice":"Ignored","damage_taken":0,"max_hp_gain":0,"max_hp_loss":0,"event_name":"Golden Wing","floor":2,"gold_loss":0},{"damage_healed":0,"gold_gain":0,"player_choice":"Grow","damage_taken":0,"max_hp_gain":0,"max_hp_loss":0,"event_name":"Living Wall","floor":4,"gold_loss":0,"cards_upgraded":["GearUp"]},{"damage_healed":0,"gold_gain":0,"player_choice":"Box","damage_taken":0,"relics_obtained":["CeramicFish"],"max_hp_gain":0,"max_hp_loss":0,"event_name":"Big Fish","floor":8,"gold_loss":0,"cards_obtained":["Regret"]},{"damage_healed":0,"gold_gain":0,"player_choice":"Fought Bandits","damage_taken":0,"max_hp_gain":0,"max_hp_loss":0,"event_name":"Masked Bandits","floor":21,"gold_loss":0}],"is_beta":false,"boss_relics":[{"not_picked":["Black Star","Ectoplasm"],"picked":"Astrolabe"}],"items_purged_floors":[],"is_endless":false,"potions_floor_spawned":[5,6,10,19],"killed_by":"Masked Bandits","ascension_level":5}}