{"host":"5gc11emcm5chfr5t","time":1608895089,"event":{"mods":["2.2 Compatiblity","AchievementEnabler","BaseMod","Bestiary","Better Note","Colored Map","Colored Powertips","Downfall","Googly Eyes","Minty Spire (QoL Compilation)","Rare Cards Sparkle","StSLib"],"gold_per_floor":[349,365,380,70,88,113,113,113,113],"floor_reached":8,"playtime":384,"items_purged":[],"score":112,"play_id":"f051aece-4656-43c5-8940-ebaee119d637","local_time":"20201225061809","is_ascension_mode":true,"campfire_choices":[{"floor":1,"key":"RECALL"}],"circlet_count":0,"master_deck":["AscendersBane","sneckomod:Strike","sneckomod:Strike","sneckomod:Strike","sneckomod:Defend","sneckomod:Defend","sneckomod:Defend","sneckomod:TailWhip","sneckomod:SnekBite","sneckomod:Unknown","sneckomod:Unknown","sneckomod:QuickBite","sneckomod:IronFang","sneckomod:TrashToTreasure","expansioncontent:DefensiveMode","sneckomod:SoulRoll","sneckomod:QuickMove","sneckomod:SnakeSap"],"relics":["sneckomod:SneckoSoul","Membership Card","Incense Burner"],"acts_visited":["Exordium"],"potions_floor_usage":[5,6],"damage_taken":[{"damage":19,"enemies":"Jaw Worm","floor":2,"turns":4},{"damage":0,"enemies":"Cultist","floor":3,"turns":4},{"damage":0,"enemies":"downfall:FleeingMerchant","floor":4,"turns":4},{"damage":0,"enemies":"2 Louse","floor":5,"turns":2},{"damage":31,"enemies":"Gremlin Nob","floor":6,"turns":6},{"damage":32,"enemies":"3 Sentries","floor":8,"turns":8}],"seed_played":"-1027400558137416344","potions_obtained":[{"floor":5,"key":"SteroidPotion"}],"is_trial":false,"path_per_floor":["R","M","M","$","M","E","T","E"],"character_chosen":"THE_SNECKO","items_purchased":["Membership Card","expansioncontent:DefensiveMode","sneckomod:SoulRoll","Slimebound:ThreeZeroPotion"],"campfire_rested":0,"item_purchase_floors":[4,4,4,4],"current_hp_per_floor":[75,56,56,56,56,25,25,0,0],"gold":113,"neow_bonus":"TWO_FIFTY_GOLD","is_daily":false,"chose_seed":false,"campfire_upgraded":0,"win_rate":0.0,"timestamp":1608895089,"path_taken":["R","M","M","$","M","E","T","E"],"items_purchased_type":["Relic","Card","Card","Potion"],"build_version":"2020-12-22","purchased_purges":0,"victory":false,"max_hp_per_floor":[75,75,75,75,75,75,75,75,75],"card_choices":[{"not_picked":["sneckomod:UnknownCommonSkill","sneckomod:SerpentIdol"],"picked":"sneckomod:QuickBite","floor":2},{"not_picked":["sneckomod:UnknownBlock","sneckomod:UnknownStrike"],"picked":"sneckomod:IronFang","floor":3},{"not_picked":["sneckomod:Cheat","sneckomod:UnknownStrike"],"picked":"sneckomod:TrashToTreasure","floor":4},{"not_picked":["sneckomod:UnknownBlock","sneckomod:SoulDraw"],"picked":"sneckomod:QuickMove","floor":5},{"not_picked":["sneckomod:SoulCleanse","sneckomod:UnknownClassTHE_CHAMP_GRAY"],"picked":"sneckomod:SnakeSap","floor":6}],"player_experience":492537,"relics_obtained":[{"floor":6,"key":"Incense Burner"}],"event_choices":[],"is_beta":false,"boss_relics":[],"items_purged_floors":[],"is_endless":false,"potions_floor_spawned":[5],"killed_by":"3 Sentries","ascension_level":20}}