{"host":"qxeepl7ydvsgmfdb","time":1608913942,"event":{"mods":["AchievementEnabler","BaseMod","Colored Powertips","Minty Spire (QoL Compilation)","Quick Restart","slay the spire mod where everything is the same but ironclad has a cowboy hat"],"gold_per_floor":[119,119,119,138,138,138,159,183,208,208,221,241,191,36,36,159,159,174,99,118,43,43,87,87,0,26,26,26,36,54,54,54,152,152,171,171,171],"floor_reached":36,"playtime":1099,"items_purged":["Accuracy+1"],"score":484,"play_id":"b2334102-2898-436f-8732-70fe3e83642f","local_time":"20201225113222","is_ascension_mode":true,"campfire_choices":[{"data":"Backstab","floor":6.0,"key":"SMITH"},{"floor":10.0,"key":"REST"},{"floor":15.0,"key":"REST"},{"floor":24.0,"key":"REST"},{"floor":32.0,"key":"REST"}],"circlet_count":0,"master_deck":["Strike_G","Strike_G+1","Strike_G","Defend_G","Defend_G","Defend_G","Survivor","Neutralize+1","Backstab+1","All Out Attack","Backstab","Venomology","Escape Plan+1","A Thousand Cuts+1","Blade Dance","Cloak And Dagger+1"],"relics":["Ring of the Snake","NeowsBlessing","Bloody Idol","Bag of Preparation","Centennial Puzzle","Boot","Astrolabe","Nilry\u0027s Codex","Whetstone","Strawberry","CultistMask","SacredBark"],"acts_visited":["Exordium","TheCity","TheBeyond"],"potions_floor_usage":[33,33,33,33,35],"damage_taken":[{"damage":0.0,"enemies":"Small Slimes","floor":1.0,"turns":1.0},{"damage":0.0,"enemies":"2 Louse","floor":4.0,"turns":1.0},{"damage":0.0,"enemies":"Jaw Worm","floor":7.0,"turns":1.0},{"damage":5.0,"enemies":"Exordium Wildlife","floor":8.0,"turns":2.0},{"damage":0.0,"enemies":"Red Slaver","floor":11.0,"turns":1.0},{"damage":5.0,"enemies":"2 Fungi Beasts","floor":12.0,"turns":2.0},{"damage":90.0,"enemies":"The Guardian","floor":16.0,"turns":20.0},{"damage":16.0,"enemies":"3 Byrds","floor":18.0,"turns":3.0},{"damage":6.0,"enemies":"Spheric Guardian","floor":20.0,"turns":3.0},{"damage":38.0,"enemies":"Book of Stabbing","floor":23.0,"turns":5.0},{"damage":5.0,"enemies":"Snecko","floor":29.0,"turns":3.0},{"damage":12.0,"enemies":"Chosen and Byrds","floor":30.0,"turns":3.0},{"damage":60,"enemies":"Collector","floor":33,"turns":7},{"damage":12,"enemies":"Orb Walker","floor":35,"turns":3},{"damage":58,"enemies":"3 Darklings","floor":36,"turns":6}],"seed_played":"-6050152468709149460","potions_obtained":[{"floor":5.0,"key":"SneckoOil"},{"floor":5.0,"key":"Swift Potion"},{"floor":5.0,"key":"ColorlessPotion"},{"floor":7.0,"key":"Poison Potion"},{"floor":8.0,"key":"FairyPotion"},{"floor":16.0,"key":"ColorlessPotion"},{"floor":18.0,"key":"Dexterity Potion"},{"floor":20.0,"key":"SneckoOil"},{"floor":23.0,"key":"SteroidPotion"},{"floor":33,"key":"Strength Potion"}],"is_trial":false,"path_per_floor":["M","?","?","M","?","R","M","M","T","R","M","M","?","$","R","B",null,"M","$","M","?","?","E","R","?","T","?","$","M","M","?","R","B",null,"M","M"],"character_chosen":"THE_SILENT","items_purchased":["Boot"],"campfire_rested":4,"item_purchase_floors":[14],"current_hp_per_floor":[63,46,46,46,46,46,46,41,41,62,62,57,57,57,70,18,57,41,41,35,35,19,21,42,42,49,49,49,49,42,42,65,10,60,53,0,0],"gold":171,"neow_bonus":"THREE_ENEMY_KILL","is_daily":false,"chose_seed":false,"campfire_upgraded":1,"win_rate":0.0,"timestamp":1608913942,"path_taken":["M","?","?","?","?","R","?","M","T","R","M","M","?","$","R","BOSS","M","$","M","?","?","E","R","?","T","?","?","?","M","?","R","BOSS","M","M"],"items_purchased_type":["Relic"],"build_version":"2020-12-22","purchased_purges":1,"victory":false,"max_hp_per_floor":[70,70,70,70,70,70,70,70,70,70,70,70,70,70,70,70,70,70,70,70,70,70,70,70,70,77,77,77,77,77,77,77,77,77,77,77,77],"card_choices":[{"not_picked":["Flying Knee","Bane"],"picked":"Backstab","floor":1.0},{"not_picked":["Outmaneuver","Dash","Endless Agony"],"picked":"SKIP","floor":4.0},{"not_picked":["Infinite Blades","Prepared"],"picked":"All Out Attack","floor":7.0},{"not_picked":["Calculated Gamble","Dodge and Roll"],"picked":"Backstab","floor":8.0},{"not_picked":["Concentrate","Outmaneuver","Deflect"],"picked":"SKIP","floor":11.0},{"not_picked":["Flying Knee","Endless Agony","Expertise"],"picked":"SKIP","floor":12.0},{"not_picked":["Corpse Explosion","Tools of the Trade"],"picked":"Venomology","floor":16.0},{"not_picked":["Skewer","Calculated Gamble+1","Deflect"],"picked":"SKIP","floor":18.0},{"not_picked":["Terror","Tactician"],"picked":"Blade Dance","floor":20.0},{"not_picked":["Escape Plan","Eviscerate+1","Skewer+1"],"picked":"SKIP","floor":23.0},{"not_picked":["Backstab","Distraction","Prepared"],"picked":"SKIP","floor":29.0},{"not_picked":["Predator","Dodge and Roll+1","Prepared"],"picked":"SKIP","floor":30.0},{"not_picked":["Sucker Punch","Leg Sweep+1"],"picked":"Cloak And Dagger+1","floor":35}],"player_experience":384161,"relics_obtained":[{"floor":9.0,"key":"Centennial Puzzle"},{"floor":22.0,"key":"Nilry\u0027s Codex"},{"floor":23.0,"key":"Whetstone"},{"floor":26.0,"key":"Strawberry"}],"event_choices":[{"damage_healed":0.0,"max_hp_gain":0.0,"max_hp_loss":0.0,"gold_gain":0.0,"event_name":"Golden Idol","player_choice":"Take Damage","floor":2.0,"gold_loss":0.0,"damage_taken":17.0,"relics_obtained":["Golden Idol"]},{"damage_healed":0.0,"max_hp_gain":0.0,"max_hp_loss":0.0,"gold_gain":0.0,"event_name":"Big Fish","player_choice":"Box","floor":3.0,"gold_loss":0.0,"damage_taken":0.0,"relics_obtained":["Bag of Preparation"],"cards_obtained":["Regret"]},{"damage_healed":0.0,"max_hp_gain":0.0,"max_hp_loss":0.0,"gold_gain":0.0,"event_name":"Lab","player_choice":"Got Potions","floor":5.0,"gold_loss":0.0,"damage_taken":0.0},{"cards_removed":["Regret"],"damage_healed":0.0,"max_hp_gain":0.0,"max_hp_loss":0.0,"gold_gain":0.0,"event_name":"The Cleric","player_choice":"Card Removal","floor":13.0,"gold_loss":50.0,"damage_taken":0.0},{"cards_removed":["Defend_G"],"damage_healed":0.0,"max_hp_gain":0.0,"max_hp_loss":0.0,"gold_gain":0.0,"event_name":"Beggar","player_choice":"Gave Gold","floor":21.0,"gold_loss":75.0,"damage_taken":0.0},{"damage_healed":0.0,"max_hp_gain":0.0,"max_hp_loss":0.0,"gold_gain":0.0,"event_name":"Cursed Tome","player_choice":"Obtained Book","floor":22.0,"gold_loss":0.0,"damage_taken":16.0},{"damage_healed":0.0,"max_hp_gain":0.0,"max_hp_loss":0.0,"gold_gain":0.0,"event_name":"Masked Bandits","player_choice":"Paid Fearfully","floor":25.0,"gold_loss":87.0,"damage_taken":0.0},{"damage_healed":0.0,"max_hp_gain":0.0,"max_hp_loss":0.0,"gold_gain":0.0,"event_name":"Forgotten Altar","player_choice":"Gave Idol","floor":27.0,"relics_lost":["Golden Idol"],"gold_loss":0.0,"damage_taken":0.0,"relics_obtained":["Bloody Idol"]},{"damage_healed":0.0,"max_hp_gain":0.0,"max_hp_loss":0.0,"gold_gain":0.0,"event_name":"FaceTrader","player_choice":"Trade","floor":31.0,"gold_loss":0.0,"damage_taken":0.0,"relics_obtained":["CultistMask"]}],"is_beta":false,"boss_relics":[{"not_picked":["Fusion Hammer","Velvet Choker"],"picked":"Astrolabe"},{"not_picked":["Tiny House","Black Star"],"picked":"SacredBark"}],"items_purged_floors":[19],"is_endless":false,"potions_floor_spawned":[7,8,12,16,18,20,23,33],"killed_by":"3 Darklings","ascension_level":6}}