{"host":"q9718omregw4er46","time":1608901567,"event":{"mods":["BaseMod","Colored Powertips","Minty Spire (QoL Compilation)","Quick Restart","Relic Stats"],"gold_per_floor":[118,138,213,213,5,5,15,15,15,49,63,83,110,128,128,206,206,225,243,243,262,277,311,311,236,317,317,342,351,364,405,405,478,541,560,560,222,222,241,268,268,277,277,277,295,314,354,148,148,173,173,173],"floor_reached":51,"playtime":1750,"items_purged":["Strike_P","Judgement"],"score":1646,"play_id":"bb1a692f-9005-4639-832b-6c7b79c111f3","local_time":"20201225180607","is_ascension_mode":true,"campfire_choices":[{"floor":6,"key":"REST"},{"data":"Vigilance","floor":8,"key":"SMITH"},{"floor":15,"key":"REST"},{"floor":24,"key":"RECALL"},{"floor":32,"key":"REST"},{"floor":41,"key":"REST"},{"floor":44,"key":"REST"},{"floor":49,"key":"REST"}],"circlet_count":0,"master_deck":["AscendersBane","Eruption","Vigilance+1","EmptyFist","CutThroughFate+1","Apotheosis","ReachHeaven+1","Tantrum+1","Scrawl","Conclude+1","WheelKick+1","Vault","CutThroughFate+1","Meditate","RitualDagger+1","EmptyMind+1","Vault","Wireheading","FlyingSleeves+1","ClearTheMind","WheelKick+1","Protect","InnerPeace+1","Adaptation","TalkToTheHand+1","TalkToTheHand+1","ThirdEye+1","Wish","Tantrum+1"],"relics":["Snecko Eye","Molten Egg 2","Whetstone","Odd Mushroom","HornCleat","Fusion Hammer","CeramicFish","Kunai","Vajra","Boot","Pandora\u0027s Box","Lantern","Ancient Tea Set","Prayer Wheel","Centennial Puzzle"],"acts_visited":["Exordium","TheCity","TheBeyond"],"potions_floor_usage":[23,30,33,40],"damage_taken":[{"damage":15,"enemies":"2 Louse","floor":1,"turns":4},{"damage":21,"enemies":"Small Slimes","floor":2,"turns":4},{"damage":0,"enemies":"Jaw Worm","floor":7,"turns":2},{"damage":8,"enemies":"Gremlin Nob","floor":10,"turns":3},{"damage":0,"enemies":"Large Slime","floor":11,"turns":4},{"damage":0,"enemies":"The Mushroom Lair","floor":12,"turns":3},{"damage":12,"enemies":"3 Sentries","floor":13,"turns":3},{"damage":0,"enemies":"Blue Slaver","floor":14,"turns":1},{"damage":16,"enemies":"The Guardian","floor":16,"turns":5},{"damage":0,"enemies":"Spheric Guardian","floor":18,"turns":2},{"damage":0,"enemies":"3 Byrds","floor":19,"turns":2},{"damage":0,"enemies":"Snecko","floor":21,"turns":3},{"damage":0,"enemies":"Cultist and Chosen","floor":22,"turns":3},{"damage":0,"enemies":"Slavers","floor":23,"turns":1},{"damage":6,"enemies":"Book of Stabbing","floor":28,"turns":3},{"damage":18,"enemies":"Centurion and Healer","floor":30,"turns":3},{"damage":0,"enemies":"Gremlin Leader","floor":31,"turns":2},{"damage":25,"enemies":"Automaton","floor":33,"turns":9},{"damage":0,"enemies":"Orb Walker","floor":35,"turns":3},{"damage":0,"enemies":"3 Darklings","floor":39,"turns":3},{"damage":0,"enemies":"Reptomancer","floor":40,"turns":4},{"damage":0,"enemies":"Spire Growth","floor":45,"turns":3},{"damage":0,"enemies":"Maw","floor":46,"turns":4},{"damage":0,"enemies":"Nemesis","floor":47,"turns":3},{"damage":54,"enemies":"Donu and Deca","floor":50,"turns":8},{"damage":26,"enemies":"Time Eater","floor":51,"turns":3}],"seed_played":"-729396787793022405","potions_obtained":[{"floor":7,"key":"StancePotion"},{"floor":10,"key":"Ambrosia"},{"floor":11,"key":"Swift Potion"},{"floor":14,"key":"Fire Potion"},{"floor":28,"key":"SkillPotion"},{"floor":39,"key":"BlessingOfTheForge"},{"floor":40,"key":"Fruit Juice"},{"floor":46,"key":"FearPotion"}],"is_trial":true,"path_per_floor":["M","M","?","?","$","R","M","R","T","E","M","?","E","M","R","B",null,"M","M","?","M","M","E","R","$","T","?","E","?","M","E","R","B",null,"M","?","$","?","M","E","R","?","T","R","M","M","E","$","R","B","B"],"character_chosen":"WATCHER","items_purchased":["Apotheosis","Adaptation","Lantern","Centennial Puzzle","Tantrum+1"],"campfire_rested":6,"item_purchase_floors":[5,37,37,48,48],"current_hp_per_floor":[46,25,14,19,19,40,40,40,40,32,32,32,20,20,41,25,61,61,61,61,61,61,61,61,61,61,61,55,49,31,31,52,27,62,62,62,62,62,62,67,74,74,74,74,74,74,74,74,74,20,0,0],"gold":173,"neow_bonus":"","is_daily":false,"chose_seed":false,"campfire_upgraded":1,"win_rate":0.0,"timestamp":1608901567,"path_taken":["M","M","?","?","$","R","M","R","T","E","M","?","E","?","R","BOSS","M","M","?","M","M","E","R","$","T","?","E","?","M","E","R","BOSS","M","?","$","?","M","E","R","?","T","R","M","M","E","$","R","BOSS","BOSS"],"items_purchased_type":["Card","Card","Relic","Relic","Card"],"build_version":"2020-12-22","purchased_purges":2,"victory":false,"max_hp_per_floor":[68,68,68,73,73,73,73,73,73,73,73,73,73,73,73,73,73,73,73,73,73,73,73,73,73,73,73,73,73,73,73,73,73,73,73,73,73,69,69,74,74,74,74,74,74,74,74,74,74,74,74,74],"relic_stats":{"Centennial Puzzle":[6],"counters":[26,88],"CeramicFish":144,"Snecko Eye":[192,182,203,192],"Pandora\u0027s Box":["Vault","Wireheading","FlyingSleeves","ClearTheMind","WheelKick","Protect","Judgement"],"Prayer Wheel":0,"Whetstone":["CutThroughFate","ReachHeaven"],"Kunai":[25],"Boot":[59],"obtain_stats":[{"Lantern":37,"CeramicFish":23,"Vajra":28,"Whetstone":10,"Odd Mushroom":12,"Boot":31,"Ancient Tea Set":40,"Centennial Puzzle":48,"HornCleat":13,"Snecko Eye":0,"Molten Egg 2":9,"Pandora\u0027s Box":34,"Prayer Wheel":47,"Fusion Hammer":17,"Kunai":26},{"Lantern":19,"CeramicFish":14,"Vajra":15,"Whetstone":4,"Odd Mushroom":6,"Boot":17,"Ancient Tea Set":21,"Centennial Puzzle":24,"HornCleat":7,"Snecko Eye":0,"Molten Egg 2":3,"Pandora\u0027s Box":18,"Prayer Wheel":24,"Fusion Hammer":9,"Kunai":14},{"Lantern":60,"CeramicFish":40,"Vajra":43,"Whetstone":13,"Odd Mushroom":20,"Boot":48,"Ancient Tea Set":67,"Centennial Puzzle":77,"HornCleat":23,"Snecko Eye":0,"Molten Egg 2":10,"Pandora\u0027s Box":57,"Prayer Wheel":77,"Fusion Hammer":29,"Kunai":40}]},"card_choices":[{"not_picked":["Halt","BowlingBash"],"picked":"EmptyFist","floor":1},{"not_picked":["Consecrate","CrushJoints"],"picked":"CutThroughFate","floor":2},{"not_picked":["Consecrate","SashWhip"],"picked":"ReachHeaven","floor":7},{"not_picked":["Prostrate","Evaluate"],"picked":"Tantrum+1","floor":10},{"not_picked":["Meditate","EmptyFist+1"],"picked":"Scrawl","floor":11},{"not_picked":["Weave+1","DeceiveReality"],"picked":"Conclude+1","floor":12},{"not_picked":["Judgement","EmptyFist+1","FlyingSleeves+1"],"picked":"SKIP","floor":13},{"not_picked":["Swivel","Prostrate"],"picked":"WheelKick+1","floor":14},{"not_picked":["ConjureBlade","Blasphemy"],"picked":"Vault","floor":16},{"not_picked":["FlurryOfBlows+1","EmptyFist+1","PathToVictory"],"picked":"SKIP","floor":18},{"not_picked":["CrushJoints+1","BowlingBash+1"],"picked":"CutThroughFate+1","floor":19},{"not_picked":["CrushJoints+1","ClearTheMind"],"picked":"Meditate","floor":21},{"not_picked":["BattleHymn","JustLucky+1","Establishment"],"picked":"SKIP","floor":22},{"not_picked":["ClearTheMind","Indignation","CarveReality+1"],"picked":"SKIP","floor":23},{"not_picked":["Judgement","Prostrate","Study"],"picked":"SKIP","floor":28},{"not_picked":["Sanctity","FollowUp+1","ClearTheMind"],"picked":"SKIP","floor":30},{"not_picked":["Indignation","Crescendo"],"picked":"EmptyMind+1","floor":31},{"not_picked":["Halt","CrushJoints+1","InnerPeace+1"],"picked":"SKIP","floor":35},{"not_picked":["Halt","CrushJoints+1"],"picked":"InnerPeace+1","floor":35},{"not_picked":["EmptyFist+1","DeceiveReality"],"picked":"TalkToTheHand+1","floor":39},{"not_picked":["CutThroughFate+1","EmptyBody","ClearTheMind"],"picked":"SKIP","floor":40},{"not_picked":["PathToVictory","BowlingBash+1","EmptyFist+1"],"picked":"SKIP","floor":45},{"not_picked":["SashWhip+1","Tantrum+1"],"picked":"ThirdEye+1","floor":46},{"not_picked":["Protect","EmptyBody"],"picked":"Wish","floor":47}],"player_experience":1112304,"relics_obtained":[{"floor":9,"key":"Molten Egg 2"},{"floor":10,"key":"Whetstone"},{"floor":12,"key":"Odd Mushroom"},{"floor":13,"key":"HornCleat"},{"floor":23,"key":"CeramicFish"},{"floor":26,"key":"Kunai"},{"floor":28,"key":"Vajra"},{"floor":31,"key":"Boot"},{"floor":40,"key":"Ancient Tea Set"},{"floor":47,"key":"Prayer Wheel"}],"event_choices":[{"damage_healed":0,"gold_gain":75,"player_choice":"Gather Gold","damage_taken":11,"max_hp_gain":0,"max_hp_loss":0,"event_name":"World of Goop","floor":3,"gold_loss":0},{"damage_healed":0,"gold_gain":0,"player_choice":"Donut","damage_taken":0,"max_hp_gain":5,"max_hp_loss":0,"event_name":"Big Fish","floor":4,"gold_loss":0},{"damage_healed":0,"gold_gain":0,"player_choice":"Fought Mushrooms","damage_taken":0,"max_hp_gain":0,"max_hp_loss":0,"event_name":"Mushrooms","floor":12,"gold_loss":0},{"damage_healed":0,"gold_gain":0,"player_choice":"Ignored","damage_taken":0,"max_hp_gain":0,"max_hp_loss":0,"event_name":"Ghosts","floor":20,"gold_loss":0},{"damage_healed":0,"gold_gain":0,"player_choice":"Ignored","damage_taken":0,"max_hp_gain":0,"max_hp_loss":0,"event_name":"The Mausoleum","floor":27,"gold_loss":0},{"damage_healed":0,"gold_gain":0,"player_choice":"Joined the Cult","damage_taken":6,"max_hp_gain":0,"max_hp_loss":0,"event_name":"Nest","floor":29,"gold_loss":0,"cards_obtained":["RitualDagger"]},{"damage_healed":0,"gold_gain":0,"player_choice":"Memory 1","damage_taken":0,"max_hp_gain":0,"max_hp_loss":0,"event_name":"SensoryStone","floor":36,"gold_loss":0},{"damage_healed":0,"gold_gain":0,"player_choice":"Max HP","damage_taken":0,"max_hp_gain":0,"max_hp_loss":4,"event_name":"Winding Halls","floor":38,"gold_loss":0},{"damage_healed":0,"gold_gain":0,"player_choice":"Copied","damage_taken":0,"max_hp_gain":0,"max_hp_loss":0,"event_name":"Duplicator","floor":42,"gold_loss":0,"cards_obtained":["TalkToTheHand"]}],"is_beta":false,"boss_relics":[{"not_picked":["SacredBark","Sozu"],"picked":"Fusion Hammer"},{"not_picked":["Astrolabe","Philosopher\u0027s Stone"],"picked":"Pandora\u0027s Box"}],"items_purged_floors":[25,37],"is_endless":false,"potions_floor_spawned":[7,10,11,14,16,18,21,22,28,39,40,46],"killed_by":"Time Eater","ascension_level":20}}