{"host":"y1gy3vaohdji07z5","time":1608915030,"event":{"mods":["BaseMod","Colored Map","Colored Powertips","Hermit","Minty Spire (QoL Compilation)","Random Character Button","Rare Cards Sparkle","StSLib"],"gold_per_floor":[113,113,113,9,9,9,9,9,9,19,19,44,44,69,81,191,203,231,243,107,118,118,118,118,118],"floor_reached":24,"playtime":2001,"items_purged":["Normality"],"score":207,"play_id":"2b6b5260-bb40-42ac-a2e6-46cfc33d6178","local_time":"20201225175030","is_ascension_mode":true,"campfire_choices":[{"data":"hermit:Dive","floor":6,"key":"SMITH"},{"data":"hermit:Quickdraw","floor":7,"key":"SMITH"},{"data":"hermit:Defend_Hermit","floor":8,"key":"SMITH"},{"data":"hermit:Quickdraw","floor":11,"key":"SMITH"},{"data":"hermit:Dive","floor":15,"key":"SMITH"}],"circlet_count":0,"master_deck":["hermit:Strike_Hermit","hermit:Strike_Hermit+1","hermit:Strike_Hermit","hermit:Defend_Hermit+1","hermit:Defend_Hermit","hermit:Defend_Hermit+1","hermit:Defend_Hermit","hermit:Snapshot","hermit:Covet","hermit:Dive+1","hermit:Grudge","hermit:Quickdraw+1","hermit:Quickdraw+1","hermit:Dive+1","hermit:RoundhouseKick","CurseOfTheBell","hermit:PistolWhip"],"relics":["hermit:Momento","Unceasing Top","WingedGreaves","Matryoshka","Odd Mushroom","MawBank","Sundial","Calling Bell","Art of War","Mummified Hand","Gambling Chip"],"acts_visited":["TheCity"],"potions_floor_usage":[16,18],"damage_taken":[{"damage":0,"enemies":"Small Slimes","floor":1,"turns":3},{"damage":0,"enemies":"2 Louse","floor":10,"turns":2},{"damage":24,"enemies":"The Mushroom Lair","floor":12,"turns":5},{"damage":0,"enemies":"Cultist","floor":14,"turns":3},{"damage":20,"enemies":"The Guardian","floor":16,"turns":18},{"damage":6,"enemies":"Chosen","floor":18,"turns":8},{"damage":7,"enemies":"2 Thieves","floor":21,"turns":5},{"damage":123,"enemies":"Gremlin Leader","floor":24,"turns":14}],"seed_played":"-1843428259188083354","potions_obtained":[{"floor":12,"key":"GamblersBrew"},{"floor":14,"key":"Weak Potion"},{"floor":21,"key":"FairyPotion"}],"is_trial":false,"path_per_floor":["M","?","?","$","?","R","R","R","T","M","R","?","T","M","R","B",null,"M","?","$","M","?","?","E"],"character_chosen":"HERMIT","items_purchased":["hermit:Grudge","hermit:Quickdraw","hermit:PistolWhip"],"campfire_rested":0,"item_purchase_floors":[4,4,20],"current_hp_per_floor":[75,75,60,60,60,60,60,60,60,60,60,36,36,36,36,16,75,69,55,55,48,74,74,0,0],"gold":118,"neow_bonus":"ONE_RARE_RELIC","is_daily":false,"chose_seed":false,"campfire_upgraded":5,"win_rate":0.0,"timestamp":1608915030,"path_taken":["M","?","?","$","?","R","R","R","T","?","R","?","?","?","R","BOSS","M","?","$","M","?","?","E"],"items_purchased_type":["Card","Card","Card"],"build_version":"2020-12-22","purchased_purges":1,"victory":false,"max_hp_per_floor":[75,75,75,75,75,75,75,75,75,75,75,75,75,75,75,75,75,75,80,80,80,80,80,80,80],"card_choices":[{"not_picked":["hermit:Headshot","hermit:BodyArmor"],"picked":"hermit:Dive","floor":1},{"not_picked":["hermit:TrackingShot","hermit:Misfire"],"picked":"hermit:Quickdraw","floor":10},{"not_picked":["hermit:Coalescence","hermit:Maintenance"],"picked":"hermit:Dive","floor":14},{"not_picked":["hermit:HighNoon","hermit:FatalDesire"],"picked":"hermit:RoundhouseKick","floor":16},{"not_picked":["hermit:Manifest","hermit:Ricochet","hermit:HighCaliber"],"picked":"SKIP","floor":18},{"not_picked":["hermit:WideOpen","hermit:Coalescence","hermit:Feint"],"picked":"SKIP","floor":21}],"player_experience":361675,"relics_obtained":[{"floor":5,"key":"WingedGreaves"},{"floor":9,"key":"Matryoshka"},{"floor":12,"key":"Odd Mushroom"},{"floor":13,"key":"MawBank"},{"floor":13,"key":"Sundial"},{"floor":17,"key":"Art of War"},{"floor":17,"key":"Mummified Hand"},{"floor":17,"key":"Gambling Chip"}],"event_choices":[{"cards_removed":["hermit:Strike_Hermit"],"damage_healed":0,"gold_gain":0,"player_choice":"Forget","damage_taken":0,"max_hp_gain":0,"max_hp_loss":0,"event_name":"Living Wall","floor":2,"gold_loss":0},{"damage_healed":0,"gold_gain":0,"player_choice":"Entered Light","damage_taken":15,"max_hp_gain":0,"max_hp_loss":0,"event_name":"Shining Light","floor":3,"gold_loss":0,"cards_upgraded":["hermit:Strike_Hermit","hermit:Defend_Hermit"]},{"damage_healed":0,"gold_gain":0,"player_choice":"Relic","damage_taken":0,"max_hp_gain":0,"max_hp_loss":0,"event_name":"Wheel of Change","floor":5,"gold_loss":0},{"damage_healed":0,"gold_gain":0,"player_choice":"Fought Mushrooms","damage_taken":0,"max_hp_gain":0,"max_hp_loss":0,"event_name":"Mushrooms","floor":12,"gold_loss":0},{"damage_healed":0,"gold_gain":0,"player_choice":"Shed Blood","damage_taken":19,"max_hp_gain":5,"max_hp_loss":0,"event_name":"Forgotten Altar","floor":19,"gold_loss":0},{"damage_healed":26,"gold_gain":0,"player_choice":"Heal","damage_taken":0,"max_hp_gain":0,"max_hp_loss":0,"event_name":"The Library","floor":22,"gold_loss":0},{"damage_healed":0,"gold_gain":0,"player_choice":"Ignored","damage_taken":0,"max_hp_gain":0,"max_hp_loss":0,"event_name":"Ghosts","floor":23,"gold_loss":0}],"is_beta":false,"boss_relics":[{"not_picked":["hermit:DentedPlate","Philosopher\u0027s Stone"],"picked":"Calling Bell"}],"items_purged_floors":[20],"is_endless":false,"potions_floor_spawned":[12,14,21],"killed_by":"Gremlin Leader","ascension_level":3}}