{"host":"1gclwan70y6w6ivq","time":1608884078,"event":{"mods":["AchievementEnabler","BaseMod","Colored Map","Downfall","Hubris","Infinite Spire","Minty Spire (QoL Compilation)","Relic Sorter","StSLib"],"gold_per_floor":[100098,100036,100066,100066,100080,100098,100098,100098,100123,99973,99993,99993,99993,99993],"floor_reached":12,"playtime":774,"items_purged":[],"score":186,"play_id":"709b83b9-cff5-4aef-ac7d-bb5e0320c4ad","local_time":"20201225031438","is_ascension_mode":false,"campfire_choices":[{"data":"champ:Taunt","floor":1.0,"key":"SMITH"},{"floor":8.0,"key":"RECALL"},{"data":"champ:IgnorePain","floor":10.0,"key":"SMITH"}],"circlet_count":0,"master_deck":["champ:Strike","champ:Strike","champ:Strike","champ:Strike","champ:Defend","champ:Defend","champ:Defend","champ:Defend","champ:Execute","champ:Taunt+1","champ:Lariat","champ:BerserkerStyle","champ:BringItOn","champ:GutPunch","champ:BerserkersShout","champ:IgnorePain+1","champ:StanceDance","champ:GladiatorStyle"],"relics":["champ:ChampionCrown","downfall:HeartsMalice","Ice Cream","Lantern","Lantern","Lantern","Ring of the Serpent","Ring of the Serpent","The Courier","Sundial","infinitespire:WardingShard","downfall:HeartBlessingRed","downfall:HeartBlessingBlue","Chemical X"],"acts_visited":["Exordium"],"potions_floor_usage":[],"damage_taken":[{"damage":0.0,"enemies":"downfall:FleeingMerchant","floor":2.0,"turns":1.0},{"damage":0.0,"enemies":"Lagavulin","floor":3.0,"turns":1.0},{"damage":0.0,"enemies":"Jaw Worm","floor":4.0,"turns":1.0},{"damage":14.0,"enemies":"2 Louse","floor":5.0,"turns":3.0},{"damage":23.0,"enemies":"Small Slimes","floor":6.0,"turns":2.0},{"damage":42.0,"enemies":"3 Sentries","floor":9.0,"turns":8.0},{"damage":9.0,"enemies":"Red Slaver","floor":11.0,"turns":3.0},{"damage":0,"enemies":"Lagavulin","floor":12,"turns":1}],"seed_played":"-9155035650555544140","potions_obtained":[{"floor":3.0,"key":"Explosive Potion"}],"is_trial":false,"path_per_floor":["R","$","E","M","M","M","T","R","E","R","M","E"],"character_chosen":"THE_CHAMP","items_purchased":["champ:BerserkerStyle"],"campfire_rested":0,"item_purchase_floors":[2],"current_hp_per_floor":[90,90,90,90,90,90,90,90,86,96,100,100,100,100],"gold":99993,"neow_bonus":"THREE_ENEMY_KILL","is_daily":false,"chose_seed":false,"campfire_upgraded":2,"win_rate":0.0,"timestamp":1608884078,"path_taken":["R","$","E","M","M","M","T","R","E","R","M","?"],"items_purchased_type":["Card"],"build_version":"2020-12-22","purchased_purges":0,"victory":false,"max_hp_per_floor":[90,90,90,90,90,90,90,90,90,100,100,100,100,100],"card_choices":[{"not_picked":["champ:Riposte","champ:HeartStrike"],"picked":"champ:Lariat","floor":2.0},{"not_picked":["champ:DefensiveShout","champ:DefensiveStyle"],"picked":"champ:BringItOn","floor":3.0},{"not_picked":["champ:FanOfKnives","champ:PreciseThrust"],"picked":"champ:GutPunch","floor":4.0},{"not_picked":["champ:FanOfKnives","champ:Circumvent"],"picked":"champ:BerserkersShout","floor":5.0},{"not_picked":["champ:FlashCut","champ:PerfectedStrike"],"picked":"champ:IgnorePain","floor":6.0},{"not_picked":["champ:Lariat","champ:HeartStrike"],"picked":"champ:StanceDance","floor":9.0},{"not_picked":["champ:Lariat","champ:StanceDance"],"picked":"champ:GladiatorStyle","floor":11.0}],"player_experience":693793,"relics_obtained":[{"floor":3.0,"key":"Sundial"},{"floor":9.0,"key":"infinitespire:WardingShard"}],"event_choices":[],"is_beta":false,"boss_relics":[],"items_purged_floors":[],"is_endless":false,"potions_floor_spawned":[3,5],"killed_by":"Lagavulin","ascension_level":0}}