{"host":"qzd52bpkz4dxzlm4","time":1608921760,"event":{"mods":["BaseMod","Duelist Mod","GifTheSpireLib","Hermit","Minty Spire (QoL Compilation)","StSLib","The Clintock","The Cursed"],"gold_per_floor":[109,126,144,156,169,169,195,212,212,212,227,227,189,364,364,364,364],"floor_reached":16,"playtime":927,"items_purged":[],"score":104,"play_id":"5c02b146-3359-48f3-a692-a45c0cd364fb","local_time":"20201225194240","is_ascension_mode":false,"campfire_choices":[{"data":"hermit:Snipe","floor":6,"key":"SMITH"},{"floor":10,"key":"REST"},{"data":"hermit:BigShot","floor":15,"key":"SMITH"}],"circlet_count":0,"master_deck":["hermit:Strike_Hermit","hermit:Strike_Hermit","hermit:Strike_Hermit","hermit:Strike_Hermit","hermit:Defend_Hermit","hermit:Defend_Hermit","hermit:Defend_Hermit","hermit:Defend_Hermit","hermit:Snapshot","hermit:Covet","hermit:TrackingShot","hermit:Deadeye","hermit:ItchyTrigger","hermit:Snipe+1","hermit:GhostlyPresence","hermit:NoHoldsBarred","hermit:Misfire","hermit:Vantage","hermit:BigShot+1"],"relics":["hermit:Momento","NeowsBlessing","Omamori","CaptainsWheel"],"acts_visited":["Exordium"],"potions_floor_usage":[7,16],"damage_taken":[{"damage":0,"enemies":"Small Slimes","floor":1,"turns":1},{"damage":0,"enemies":"2 Louse","floor":2,"turns":1},{"damage":0,"enemies":"Jaw Worm","floor":3,"turns":1},{"damage":5,"enemies":"Looter","floor":4,"turns":3},{"damage":6,"enemies":"3 Louse","floor":5,"turns":3},{"damage":48,"enemies":"Lagavulin","floor":7,"turns":8},{"damage":0,"enemies":"Large Slime","floor":8,"turns":5},{"damage":7,"enemies":"2 Fungi Beasts","floor":11,"turns":4},{"damage":52,"enemies":"Hexaghost","floor":16,"turns":9}],"seed_played":"-6522625324311139148","potions_obtained":[{"floor":2,"key":"LiquidMemories"},{"floor":8,"key":"DistilledChaos"}],"is_trial":false,"path_per_floor":["M","M","M","M","M","R","E","M","T","R","M","?","$","?","R","B"],"character_chosen":"HERMIT","items_purchased":["hermit:BigShot"],"campfire_rested":1,"item_purchase_floors":[13],"current_hp_per_floor":[75,75,75,70,64,64,16,16,16,38,31,49,49,49,49,0,0],"gold":364,"neow_bonus":"THREE_ENEMY_KILL","is_daily":false,"chose_seed":false,"campfire_upgraded":2,"win_rate":0.0,"timestamp":1608921760,"path_taken":["M","M","M","M","M","R","E","M","T","R","M","?","$","?","R","BOSS"],"items_purchased_type":["Card"],"build_version":"2020-12-22","purchased_purges":0,"victory":false,"max_hp_per_floor":[75,75,75,75,75,75,75,75,75,75,75,75,75,75,75,75,75],"card_choices":[{"not_picked":["hermit:Roulette","hermit:SprayPray"],"picked":"hermit:TrackingShot","floor":1},{"not_picked":["hermit:Dive","hermit:HoleUp"],"picked":"hermit:Deadeye","floor":2},{"not_picked":["hermit:DeadMansHand","hermit:NoHoldsBarred"],"picked":"hermit:ItchyTrigger","floor":3},{"not_picked":["hermit:ItchyTrigger","hermit:LowProfile"],"picked":"hermit:Snipe","floor":4},{"not_picked":["hermit:Feint","hermit:Coalescence"],"picked":"hermit:GhostlyPresence","floor":5},{"not_picked":["hermit:GoldenBullet","hermit:OverwhelmingPower"],"picked":"hermit:NoHoldsBarred","floor":7},{"not_picked":["hermit:ItchyTrigger","hermit:Desperado"],"picked":"hermit:Misfire","floor":8},{"not_picked":["hermit:LowProfile","hermit:Misfire"],"picked":"hermit:Vantage","floor":11}],"player_experience":16763,"relics_obtained":[{"floor":7,"key":"Omamori"},{"floor":9,"key":"CaptainsWheel"}],"event_choices":[{"damage_healed":18,"gold_gain":0,"player_choice":"Healed and dodged fight","damage_taken":0,"max_hp_gain":0,"max_hp_loss":0,"event_name":"Mushrooms","floor":12,"gold_loss":0,"cards_obtained":["Parasite"]},{"damage_healed":0,"gold_gain":175,"player_choice":"AGREE","damage_taken":0,"max_hp_gain":0,"max_hp_loss":0,"event_name":"Liars Game","floor":14,"gold_loss":0,"cards_obtained":["Doubt"]}],"is_beta":false,"boss_relics":[],"items_purged_floors":[],"is_endless":false,"potions_floor_spawned":[2,8],"killed_by":"Hexaghost","ascension_level":0}}