{"host":"ocy7z4248lncoz2b","time":1608883011,"event":{"mods":["BaseMod","Beaked The Cultist","Bestiary","Better Match","Better Sensory Stone","Better Third Choice","BetterRewards","Clockwork Mod","Colored Map","Colored Powertips","Conspire","Curses Come First","Downfall","Friendly Minions","Gremlin Mod","Highlight Path","Hubris","Infinite Spire","Jorbs\u0027s Wanderer Trilogy","Marisa????????","Mimic Mod","Minty Spire (QoL Compilation)","READ ME - Guardian Mod","Rare Cards Sparkle","Replay The Spire","Shop Mod","Spicy Shops","Spikes Relics","StSLib","SuperFastMode","The Administrix","The Blue Laboratory","The Construct","The Jungle","The Servant 0.9.4","The Wild Card","WarShipGirlsR/????R mod"],"gold_per_floor":[99,549,549,549,43,43,43,43,60,60,73,100,117,0,15,15,15],"floor_reached":16,"playtime":548,"items_purged":["Pain","Slimebound:Icky"],"score":98,"play_id":"65819d9c-7ea5-4b60-9afa-04db2460c10c","local_time":"20201225165651","is_ascension_mode":false,"campfire_choices":[{"data":"construct:DefenseMode","floor":1,"key":"SMITH"},{"data":"construct:LaserCore","floor":6,"key":"SMITH"},{"data":"construct:LaserCore+1","floor":10,"key":"SMITH"}],"circlet_count":0,"master_deck":["construct:Strike_Gold","construct:Strike_Gold","construct:Strike_Gold","construct:Strike_Gold","construct:Strike_Gold","construct:Defend_Gold","construct:Defend_Gold","construct:Defend_Gold","construct:Defend_Gold","construct:Defend_Gold","construct:AttackMode","construct:DefenseMode+1","Slimebound:Icky","Slimebound:Icky","construct:ScrapCannon","construct:Autoturret","construct:Autoturret","construct:LaserCore+2","ReplayTheSpireMod:Mirror System","construct:CreateCores","construct:ModeShift","construct:OmegaCannon","construct:ReactiveShield","expansioncontent:SuperHexaguard"],"relics":["construct:ClockworkPhoenix","downfall:HeartsMalice","WarpedTongs","MerchantsRug","ClockworkSouvenir","infinitespire:Golems Mask"],"acts_visited":["Exordium"],"potions_floor_usage":[13,16],"damage_taken":[{"damage":0,"enemies":"2 Louse","floor":4,"turns":1},{"damage":0,"enemies":"downfall:FleeingMerchant","floor":5,"turns":1},{"damage":0,"enemies":"Jaw Worm","floor":8,"turns":1},{"damage":6,"enemies":"Cultist","floor":9,"turns":4},{"damage":26,"enemies":"Lots of Slimes","floor":11,"turns":5},{"damage":28,"enemies":"3 Sentries","floor":12,"turns":8},{"damage":6,"enemies":"Exordium Wildlife","floor":13,"turns":4},{"damage":3,"enemies":"downfall:FleeingMerchant","floor":14,"turns":4},{"damage":6,"enemies":"Large Slime","floor":15,"turns":5},{"damage":11,"enemies":"downfall:Defect","floor":16,"turns":4}],"seed_played":"-6006906356440991087","potions_obtained":[{"floor":9,"key":"SkillPotion"},{"floor":11,"key":"BlessingOfTheForge"},{"floor":13,"key":"blueLaboratory:BottleOfRum"},{"floor":15,"key":"blueLaboratory:LouseDecoction"}],"is_trial":false,"path_per_floor":["R","?","?","M","$","R","T","M","M","R","M","E","M","$","M","B"],"character_chosen":"THE_CONSTRUCT_MOD","items_purchased":["construct:Autoturret","construct:LaserCore","MerchantsRug","ClockworkSouvenir","expansioncontent:SuperHexaguard"],"campfire_rested":0,"item_purchase_floors":[5,5,5,5,14],"current_hp_per_floor":[85,85,85,85,85,85,85,85,79,79,53,25,19,16,10,0,0],"gold":15,"neow_bonus":"THREE_ENEMY_KILL","is_daily":false,"chose_seed":false,"campfire_upgraded":3,"win_rate":0.0,"timestamp":1608883011,"path_taken":["R","?","?","M","$","R","T","M","?","R","M","E","?","$","M","BOSS"],"items_purchased_type":["Card","Card","Relic","Relic","Card"],"build_version":"2020-12-22","purchased_purges":2,"victory":false,"max_hp_per_floor":[85,85,85,85,85,85,85,85,85,85,85,85,85,85,85,85,85],"card_choices":[{"not_picked":["construct:Boost","construct:Dampening"],"picked":"construct:ScrapCannon","floor":4},{"not_picked":["construct:ShiftStrike","construct:ScrapCannon","construct:UnbalancingBlast"],"picked":"SKIP","floor":5},{"not_picked":["construct:SweepLaser","construct:Rollout","construct:Tumble"],"picked":"SKIP","floor":8},{"not_picked":["construct:Analyze","construct:ForceCore"],"picked":"ReplayTheSpireMod:Mirror System","floor":9},{"not_picked":["construct:Zapper","construct:FlammableFog"],"picked":"construct:CreateCores","floor":11},{"not_picked":["construct:Accumulate","construct:HammerDown"],"picked":"construct:ModeShift","floor":12},{"not_picked":["construct:ShiftStrike","construct:FocusedBeam"],"picked":"construct:OmegaCannon","floor":13},{"not_picked":["construct:HastyRepair","construct:ScrapCannon"],"picked":"construct:ReactiveShield","floor":14},{"not_picked":["construct:CreateCores","construct:UnbalancingBlast","construct:Chainstrike"],"picked":"SKIP","floor":15}],"player_experience":313980,"relics_obtained":[{"floor":7,"key":"conspire:Flyswatter"},{"floor":12,"key":"infinitespire:Golems Mask"}],"event_choices":[{"damage_healed":0,"gold_gain":0,"player_choice":"Rummage","damage_taken":0,"relics_obtained":["WarpedTongs"],"max_hp_gain":0,"max_hp_loss":0,"event_name":"Accursed Blacksmith","floor":3,"gold_loss":0,"cards_obtained":["Pain"]}],"is_beta":false,"boss_relics":[],"items_purged_floors":[5,14],"is_endless":false,"potions_floor_spawned":[9,11,13,15],"killed_by":"downfall:Defect","ascension_level":0}}