{"host":"vc42n08di9czm3e7","time":1608933856,"event":{"mods":["AchievementEnabler","Act Like it!","BaseMod","Colored Powertips","Downfall","Friendly Minions","GifTheSpireLib","Minty Spire (QoL Compilation)","Rare Cards Sparkle","StSLib"],"gold_per_floor":[109,119,136,136,153,178,194,194,194,209,229,329,356,371,371,472,472,485,485,179,179,179,179,189,189,189,222,239,271,271,297,297,392,392,412,137,156,166,216,216,216,216,262,274,6,6,20,38,38,38,38],"floor_reached":50,"playtime":2624,"items_purged":["Searing Blow","Defend_R","Strike_R"],"score":539,"play_id":"9f7f4e90-f10c-49bf-90cf-be629611cb14","local_time":"20201225170416","is_ascension_mode":false,"campfire_choices":[{"data":"Armaments","floor":8,"key":"SMITH"},{"floor":15,"key":"REST"},{"data":"Apotheosis","floor":23,"key":"SMITH"},{"floor":25,"key":"RECALL"},{"data":"Flex","floor":30,"key":"SMITH"},{"data":"Armaments","floor":32,"key":"SMITH"},{"floor":40,"key":"REST"},{"floor":42,"key":"REST"},{"floor":46,"key":"REST"},{"floor":49,"key":"REST"}],"circlet_count":0,"master_deck":["Strike_R","Strike_R","Strike_R","Strike_R","Defend_R","Defend_R","Defend_R","Bash","Whirlwind","Intimidate","Cleave","Seeing Red","Armaments+1","Clash","Armaments+1","Ghostly Armor","Double Tap","Infernal Blade","Inflame","Apotheosis+1","Inflame","Spot Weakness","Flex+1","Dual Wield+1","Immolate+1","Mayhem","Thunderclap+1","Flex","Sentinel+1","Limit Break"],"relics":["SlaversCollar","CaptainsWheel","Boot","Tiny Chest","Du-Vu Doll","Turnip","Omamori","expansioncontent:StudyCardRelic","Unceasing Top","Lantern"],"acts_visited":["Exordium","TheCity","TheBeyond"],"potions_floor_usage":[2,13,13,14,18,29,29,33,47,48],"damage_taken":[{"damage":4,"enemies":"Small Slimes","floor":1,"turns":4},{"damage":0,"enemies":"Cultist","floor":2,"turns":4},{"damage":0,"enemies":"2 Louse","floor":3,"turns":2},{"damage":11,"enemies":"Lots of Slimes","floor":5,"turns":3},{"damage":17,"enemies":"3 Sentries","floor":6,"turns":4},{"damage":2,"enemies":"Looter","floor":7,"turns":4},{"damage":7,"enemies":"Large Slime","floor":10,"turns":3},{"damage":1,"enemies":"2 Fungi Beasts","floor":11,"turns":4},{"damage":15,"enemies":"Lagavulin","floor":13,"turns":2},{"damage":5,"enemies":"Exordium Thugs","floor":14,"turns":4},{"damage":12,"enemies":"Slime Boss","floor":16,"turns":7},{"damage":42,"enemies":"Chosen","floor":18,"turns":9},{"damage":8,"enemies":"Shell Parasite","floor":24,"turns":8},{"damage":12,"enemies":"Gremlin Leader","floor":27,"turns":6},{"damage":0,"enemies":"3 Cultists","floor":28,"turns":5},{"damage":21,"enemies":"Slavers","floor":29,"turns":4},{"damage":15,"enemies":"Book of Stabbing","floor":31,"turns":5},{"damage":46,"enemies":"Champ","floor":33,"turns":9},{"damage":7,"enemies":"Orb Walker","floor":35,"turns":3},{"damage":27,"enemies":"3 Shapes","floor":37,"turns":6},{"damage":39,"enemies":"Sphere and 2 Shapes","floor":38,"turns":5},{"damage":0,"enemies":"Mind Bloom Boss Battle","floor":39,"turns":4},{"damage":30,"enemies":"4 Shapes","floor":44,"turns":3},{"damage":17,"enemies":"Writhing Mass","floor":47,"turns":5},{"damage":52,"enemies":"Transient","floor":48,"turns":5},{"damage":57,"enemies":"Time Eater","floor":50,"turns":5}],"seed_played":"2569004059714186653","potions_obtained":[{"floor":1,"key":"AttackPotion"},{"floor":6,"key":"hexamod:EctoCoolerPotion"},{"floor":7,"key":"Fruit Juice"},{"floor":11,"key":"champ:CounterPotion"},{"floor":14,"key":"SpeedPotion"},{"floor":27,"key":"AttackPotion"},{"floor":28,"key":"BloodPotion"},{"floor":31,"key":"DistilledChaos"},{"floor":33,"key":"ColorlessPotion"},{"floor":37,"key":"champ:CounterPotion"},{"floor":38,"key":"Ancient Potion"},{"floor":47,"key":"SpeedPotion"},{"floor":48,"key":"SteroidPotion"}],"is_trial":false,"path_per_floor":["M","M","M","?","M","E","M","R","T","M","M","?","E","M","R","B",null,"M","?","$","?","?","R","M","R","T","E","M","E","R","E","R","B",null,"M","$","M","M","?","R","?","R","T","M","$","R","M","M","R","B"],"character_chosen":"IRONCLAD","items_purchased":["Apotheosis","Inflame","Mayhem","Limit Break"],"campfire_rested":5,"item_purchase_floors":[20,20,36,45],"current_hp_per_floor":[76,76,76,76,65,48,46,46,46,39,38,38,23,23,48,36,85,43,43,43,27,100,100,92,92,92,80,80,79,79,64,64,18,100,93,93,66,27,27,57,57,87,87,57,57,87,70,18,48,0,0],"gold":38,"neow_bonus":"BOSS_RELIC","is_daily":false,"chose_seed":false,"campfire_upgraded":4,"win_rate":0.0,"timestamp":1608933856,"path_taken":["M","M","M","?","M","E","M","R","T","M","?","?","E","?","R","BOSS","M","?","$","?","?","R","M","R","T","E","M","E","R","E","R","BOSS","M","$","M","M","?","R","?","R","T","M","$","R","M","M","R","BOSS"],"items_purchased_type":["Card","Card","Card","Card"],"build_version":"2020-12-22","purchased_purges":3,"victory":false,"max_hp_per_floor":[80,80,80,80,80,80,80,80,80,80,80,80,80,85,85,85,85,85,85,85,90,100,100,100,100,100,100,100,100,100,100,100,100,100,100,100,100,100,100,100,100,100,100,100,100,100,100,100,100,100,100],"card_choices":[{"not_picked":["Disarm","True Grit"],"picked":"Whirlwind","floor":1},{"not_picked":["Hemokinesis","Sever Soul"],"picked":"Intimidate","floor":2},{"not_picked":["Headbutt","Sever Soul"],"picked":"Cleave","floor":3},{"not_picked":["Perfected Strike","Sword Boomerang"],"picked":"Seeing Red","floor":5},{"not_picked":["Pummel","Twin Strike"],"picked":"Armaments","floor":6},{"not_picked":["Thunderclap","Cleave"],"picked":"Bludgeon","floor":7},{"not_picked":["Sword Boomerang","Heavy Blade","Thunderclap"],"picked":"SKIP","floor":10},{"not_picked":["Body Slam","Anger"],"picked":"Clash","floor":11},{"not_picked":["Berserk","Body Slam"],"picked":"Armaments","floor":13},{"not_picked":["Seeing Red","Cleave"],"picked":"Ghostly Armor","floor":14},{"not_picked":["Barricade","Limit Break"],"picked":"Double Tap","floor":16},{"not_picked":["Rupture","Havoc"],"picked":"Infernal Blade","floor":18},{"not_picked":["Carnage+1","Clash"],"picked":"Spot Weakness","floor":24},{"not_picked":["Perfected Strike","Pommel Strike","Havoc"],"picked":"SKIP","floor":27},{"not_picked":["Shrug It Off","Anger","Sever Soul"],"picked":"SKIP","floor":28},{"not_picked":["Fiend Fire","Dropkick+1"],"picked":"Flex","floor":29},{"not_picked":["Feel No Pain","Heavy Blade"],"picked":"Dual Wield+1","floor":31},{"not_picked":["Corruption","Berserk"],"picked":"Immolate","floor":33},{"not_picked":["Wild Strike+1","True Grit+1","Cleave"],"picked":"SKIP","floor":35},{"not_picked":["Second Wind","Iron Wave"],"picked":"Thunderclap+1","floor":37},{"not_picked":["Perfected Strike+1","Combust","Pommel Strike+1"],"picked":"SKIP","floor":38},{"not_picked":["Clothesline","Perfected Strike"],"picked":"Flex","floor":39},{"not_picked":["Sword Boomerang","Metallicize+1"],"picked":"Sentinel+1","floor":44},{"not_picked":["Anger+1","Shrug It Off","Flex"],"picked":"SKIP","floor":47},{"not_picked":["Thunderclap","Shrug It Off","Perfected Strike+1"],"picked":"SKIP","floor":48}],"player_experience":234599,"relics_obtained":[{"floor":6,"key":"CaptainsWheel"},{"floor":13,"key":"Boot"},{"floor":26,"key":"Tiny Chest"},{"floor":27,"key":"Du-Vu Doll"},{"floor":29,"key":"Turnip"},{"floor":31,"key":"Omamori"},{"floor":39,"key":"Unceasing Top"},{"floor":43,"key":"Lantern"}],"event_choices":[{"damage_healed":0,"gold_gain":0,"player_choice":"1 cards matched","damage_taken":0,"max_hp_gain":0,"max_hp_loss":0,"event_name":"Match and Keep!","floor":4,"gold_loss":0,"cards_obtained":["Searing Blow"]},{"damage_healed":0,"gold_gain":100,"player_choice":"Pray","damage_taken":0,"max_hp_gain":0,"max_hp_loss":0,"event_name":"Golden Shrine","floor":12,"gold_loss":0},{"damage_healed":0,"gold_gain":0,"player_choice":"Read","damage_taken":0,"max_hp_gain":0,"max_hp_loss":0,"event_name":"The Library","floor":19,"gold_loss":0,"cards_obtained":["Inflame"]},{"damage_healed":0,"gold_gain":0,"player_choice":"Shed Blood","damage_taken":21,"max_hp_gain":5,"max_hp_loss":0,"event_name":"Forgotten Altar","floor":21,"gold_loss":0},{"cards_removed":["Bludgeon"],"damage_healed":63,"gold_gain":0,"player_choice":"Offered Rare","damage_taken":0,"max_hp_gain":10,"max_hp_loss":0,"event_name":"Bonfire Elementals","floor":22,"gold_loss":0},{"damage_healed":0,"gold_gain":0,"player_choice":"Fight","damage_taken":0,"max_hp_gain":0,"max_hp_loss":0,"event_name":"MindBloom","floor":39,"gold_loss":0},{"damage_healed":0,"gold_gain":0,"player_choice":"Upgraded","damage_taken":0,"max_hp_gain":0,"max_hp_loss":0,"event_name":"Upgrade Shrine","floor":41,"gold_loss":0,"cards_upgraded":["Immolate"]}],"is_beta":false,"boss_relics":[{"not_picked":["Philosopher\u0027s Stone","Runic Dome","Snecko Eye"]},{"not_picked":["Coffee Dripper","Busted Crown"],"picked":"expansioncontent:StudyCardRelic"}],"items_purged_floors":[20,36,45],"is_endless":false,"potions_floor_spawned":[1,6,7,11,14,27,28,31,33,37,38,39,47,48],"killed_by":"Time Eater","ascension_level":0}}