{"host":"q9718omregw4er46","time":1608927844,"event":{"mods":["BaseMod","Colored Powertips","Minty Spire (QoL Compilation)","Quick Restart","Relic Stats"],"gold_per_floor":[116,116,41,41,64,64,79,79,105,139,152,190,213,213,213,213,213],"floor_reached":16,"playtime":326,"items_purged":[],"score":220,"play_id":"db74b2d0-38a4-4901-82c9-4df41df2d43b","local_time":"20201226012404","is_ascension_mode":true,"campfire_choices":[{"data":"Static Discharge","floor":6,"key":"SMITH"},{"data":"Zap","floor":8,"key":"SMITH"},{"data":"Cold Snap","floor":15,"key":"SMITH"}],"circlet_count":0,"master_deck":["AscendersBane","Strike_B","Strike_B","Strike_B","Defend_B","Defend_B","Defend_B","Defend_B","Zap+1","Dualcast","Ball Lightning+1","Static Discharge+1","White Noise","Compile Driver","White Noise","Cold Snap+1"],"relics":["Cracked Core","NeowsBlessing","Golden Idol","Bag of Marbles","Mummified Hand","StrikeDummy"],"acts_visited":["Exordium"],"potions_floor_usage":[10,16],"damage_taken":[{"damage":0,"enemies":"Small Slimes","floor":1,"turns":1},{"damage":0,"enemies":"Cultist","floor":5,"turns":1},{"damage":0,"enemies":"Jaw Worm","floor":7,"turns":1},{"damage":31,"enemies":"3 Sentries","floor":10,"turns":8},{"damage":2,"enemies":"Large Slime","floor":11,"turns":3},{"damage":7,"enemies":"Gremlin Nob","floor":12,"turns":3},{"damage":7,"enemies":"Looter","floor":13,"turns":3},{"damage":17,"enemies":"The Guardian","floor":16,"turns":5}],"seed_played":"3607197679270774042","potions_obtained":[{"floor":7,"key":"Dexterity Potion"},{"floor":12,"key":"Strength Potion"}],"is_trial":false,"path_per_floor":["M","?","?","?","M","R","M","R","T","E","M","E","M","?","R","B"],"character_chosen":"DEFECT","items_purchased":[],"campfire_rested":0,"item_purchase_floors":[],"current_hp_per_floor":[64,64,64,64,64,64,64,64,64,33,31,24,17,17,17,0,0],"gold":213,"neow_bonus":"THREE_ENEMY_KILL","is_daily":false,"chose_seed":false,"campfire_upgraded":3,"win_rate":0.0,"timestamp":1608927844,"path_taken":["M","?","?","?","?","R","M","R","T","E","M","E","M","?","R","BOSS"],"items_purchased_type":[],"build_version":"2020-12-22","purchased_purges":0,"victory":false,"max_hp_per_floor":[71,64,64,64,64,64,64,64,64,64,64,64,64,64,64,64,64],"relic_stats":{"counters":[8,25],"Golden Idol":31,"Mummified Hand":[12],"obtain_stats":[{"NeowsBlessing":0,"Golden Idol":2,"Mummified Hand":10,"Bag of Marbles":9,"Cracked Core":0,"StrikeDummy":12},{"NeowsBlessing":0,"Golden Idol":1,"Mummified Hand":4,"Bag of Marbles":3,"Cracked Core":0,"StrikeDummy":6},{"NeowsBlessing":0,"Golden Idol":1,"Mummified Hand":11,"Bag of Marbles":3,"Cracked Core":0,"StrikeDummy":17}]},"card_choices":[{"not_picked":["Hologram","Conserve Battery"],"picked":"Ball Lightning","floor":1},{"not_picked":["Steam","Streamline"],"picked":"Static Discharge","floor":5},{"not_picked":["Steam","Reinforced Body"],"picked":"White Noise","floor":7},{"not_picked":["Gash","Conserve Battery"],"picked":"Compile Driver","floor":10},{"not_picked":["Blizzard","Aggregate"],"picked":"White Noise","floor":11},{"not_picked":["Aggregate","Redo","Stack"],"picked":"SKIP","floor":12},{"not_picked":["Ball Lightning","Multi-Cast"],"picked":"Cold Snap","floor":13}],"player_experience":1114054,"relics_obtained":[{"floor":9,"key":"Bag of Marbles"},{"floor":10,"key":"Mummified Hand"},{"floor":12,"key":"StrikeDummy"}],"event_choices":[{"damage_healed":0,"gold_gain":0,"player_choice":"Lose Max HP","damage_taken":0,"relics_obtained":["Golden Idol"],"max_hp_gain":0,"max_hp_loss":7,"event_name":"Golden Idol","floor":2,"gold_loss":0},{"cards_removed":["Strike_B"],"damage_healed":0,"gold_gain":0,"player_choice":"Card Removal","damage_taken":0,"max_hp_gain":0,"max_hp_loss":0,"event_name":"The Cleric","floor":3,"gold_loss":75},{"damage_healed":0,"gold_gain":0,"player_choice":"Upgraded","damage_taken":0,"max_hp_gain":0,"max_hp_loss":0,"event_name":"Upgrade Shrine","floor":4,"gold_loss":0,"cards_upgraded":["Ball Lightning"]},{"damage_healed":0,"gold_gain":0,"player_choice":"Ignored","damage_taken":0,"max_hp_gain":0,"max_hp_loss":0,"event_name":"Shining Light","floor":14,"gold_loss":0}],"is_beta":false,"boss_relics":[],"items_purged_floors":[],"is_endless":false,"potions_floor_spawned":[7,12],"killed_by":"The Guardian","ascension_level":20}}