{"host":"f6tqpspb2ou2a4h5","time":1608898076,"event":{"mods":["2.2 Compatiblity","Ascension Unlocker","BaseMod","Colored Map","DeckTracker","Hermit","Highlight Path","KOR Keyword Fix","Keyboard Shortcuts","Minty Spire (QoL Compilation)","Permanent Neow","Quick Restart","Random Character Button","StSLib","SuperFastMode","The Poker Player","everything is the same but u backflip on backflip"],"gold_per_floor":[20,20,37,47,60,60,92,102,172,172,18,18,18,28,28,105,105,115,131,46,46,58,58,75,75,123,141,157,167,187,213,213,213,213],"floor_reached":33,"playtime":1520,"items_purged":["Defend_G"],"score":596,"play_id":"d22995ec-929e-4164-b0e6-5cc3e70321e7","local_time":"20201225210756","is_ascension_mode":true,"campfire_choices":[{"data":"Apotheosis","floor":6.0,"key":"SMITH"},{"floor":12.0,"key":"REST"},{"data":"Reflex","floor":15.0,"key":"SMITH"},{"data":"Leg Sweep","floor":23.0,"key":"SMITH"},{"data":"Riddle With Holes","floor":25.0,"key":"SMITH"},{"data":"Reflex","floor":32.0,"key":"SMITH"}],"circlet_count":0,"master_deck":["AscendersBane","Strike_G","Strike_G","Strike_G","Strike_G","Defend_G","Defend_G","Defend_G","Defend_G","Survivor","Neutralize","Apotheosis+1","Leg Sweep+1","Bouncing Flask","Poisoned Stab","Slice","Escape Plan","Reflex+1","Reflex+1","Calculated Gamble+1","Acrobatics+1","Corpse Explosion+1","Riddle With Holes+1","Acrobatics+1","Backflip+1","Venomology+1","Deflect+1","Tactician+1","Backflip+1"],"relics":["Ring of the Snake","Vajra","Toxic Egg 2","Coffee Dripper","CaptainsWheel","Juzu Bracelet","Bag of Marbles"],"acts_visited":["Exordium","TheCity"],"potions_floor_usage":[33,33,33],"damage_taken":[{"damage":8.0,"enemies":"Small Slimes","floor":1.0,"turns":4.0},{"damage":0.0,"enemies":"Cultist","floor":3.0,"turns":4.0},{"damage":4.0,"enemies":"Jaw Worm","floor":4.0,"turns":5.0},{"damage":7.0,"enemies":"Exordium Wildlife","floor":5.0,"turns":5.0},{"damage":21.0,"enemies":"Gremlin Nob","floor":7.0,"turns":4.0},{"damage":6.0,"enemies":"Blue Slaver","floor":8.0,"turns":4.0},{"damage":0.0,"enemies":"Looter","floor":14.0,"turns":3.0},{"damage":6.0,"enemies":"The Guardian","floor":16.0,"turns":9.0},{"damage":10.0,"enemies":"Chosen","floor":18.0,"turns":5.0},{"damage":6.0,"enemies":"3 Byrds","floor":19.0,"turns":2.0},{"damage":3.0,"enemies":"Snake Plant","floor":22.0,"turns":5.0},{"damage":0.0,"enemies":"Cultist and Chosen","floor":24.0,"turns":4.0},{"damage":0.0,"enemies":"Snecko","floor":27.0,"turns":4.0},{"damage":5.0,"enemies":"Centurion and Healer","floor":28.0,"turns":5.0},{"damage":25.0,"enemies":"Sentry and Sphere","floor":29.0,"turns":6.0},{"damage":0.0,"enemies":"Snecko","floor":30.0,"turns":4.0},{"damage":0.0,"enemies":"Gremlin Leader","floor":31.0,"turns":7.0},{"damage":9,"enemies":"Collector","floor":33,"turns":7}],"seed_played":"2584882315887810860","potions_obtained":[{"floor":3.0,"key":"Block Potion"},{"floor":5.0,"key":"GamblersBrew"},{"floor":7.0,"key":"Fire Potion"},{"floor":16.0,"key":"GhostInAJar"},{"floor":24.0,"key":"SkillPotion"},{"floor":29.0,"key":"SpeedPotion"}],"is_trial":false,"path_per_floor":["M","?","M","M","M","R","E","M","T","?","$","R","$","M","R","B",null,"M","M","?","$","M","R","M","R","T","M","M","M","M","E","R","B"],"character_chosen":"THE_SILENT","items_purchased":["Calculated Gamble+1"],"campfire_rested":1,"item_purchase_floors":[11],"current_hp_per_floor":[51,51,51,47,40,40,19,13,13,13,13,32,32,32,32,26,56,46,40,40,40,37,37,37,37,37,37,32,7,7,7,7,0,0],"gold":213,"neow_bonus":"RANDOM_COLORLESS_2","is_daily":false,"chose_seed":false,"campfire_upgraded":5,"win_rate":0.0,"timestamp":1608898076,"path_taken":["M","?","M","M","M","R","E","?","T","?","$","R","$","M","R","BOSS","M","M","?","$","M","R","M","R","T","M","M","M","M","E","R","BOSS"],"items_purchased_type":["Card"],"build_version":"2020-12-22","purchased_purges":1,"victory":false,"max_hp_per_floor":[66,66,66,66,66,66,66,66,66,66,66,66,66,66,66,66,66,66,66,66,66,66,66,66,66,66,66,66,66,66,66,66,66,66],"card_choices":[{"not_picked":["Violence","Panache"],"picked":"Apotheosis","floor":0.0},{"not_picked":["Outmaneuver","Predator"],"picked":"Leg Sweep","floor":1.0},{"not_picked":["Blade Dance","Setup"],"picked":"Poisoned Stab","floor":3.0},{"not_picked":["Quick Slash","Sucker Punch"],"picked":"Slice","floor":4.0},{"not_picked":["Eviscerate","Cloak And Dagger"],"picked":"Escape Plan","floor":5.0},{"not_picked":["Dodge and Roll","Dash"],"picked":"Reflex","floor":7.0},{"not_picked":["Finisher","Dash"],"picked":"Reflex","floor":8.0},{"not_picked":["Quick Slash","PiercingWail+1"],"picked":"Acrobatics+1","floor":14.0},{"not_picked":["Envenom","Burst+1"],"picked":"Corpse Explosion+1","floor":16.0},{"not_picked":["All Out Attack","Quick Slash"],"picked":"Riddle With Holes","floor":18.0},{"not_picked":["Prepared+1","Dagger Spray"],"picked":"Acrobatics+1","floor":19.0},{"not_picked":["Flying Knee","Dagger Spray","PiercingWail+1"],"picked":"SKIP","floor":22.0},{"not_picked":["Dodge and Roll+1","Endless Agony"],"picked":"Backflip+1","floor":24.0},{"not_picked":["Caltrops","Blade Dance+1","Noxious Fumes"],"picked":"SKIP","floor":27.0},{"not_picked":["Caltrops","Blade Dance+1","Noxious Fumes"],"picked":"SKIP","floor":27.0},{"not_picked":["Dagger Spray","Deflect+1"],"picked":"Venomology+1","floor":28.0},{"not_picked":["Blade Dance+1","Caltrops"],"picked":"Deflect+1","floor":29.0},{"not_picked":["Escape Plan+1","Cloak And Dagger+1"],"picked":"Tactician+1","floor":30.0},{"not_picked":["Dash","Caltrops+1"],"picked":"Backflip+1","floor":31.0}],"player_experience":50445,"relics_obtained":[{"floor":7.0,"key":"Vajra"},{"floor":9.0,"key":"Toxic Egg 2"},{"floor":26.0,"key":"Juzu Bracelet"},{"floor":31.0,"key":"Bag of Marbles"}],"event_choices":[{"damage_healed":0.0,"max_hp_gain":0.0,"max_hp_loss":0.0,"gold_gain":0.0,"event_name":"Match and Keep!","player_choice":"1 cards matched","floor":2.0,"gold_loss":0.0,"damage_taken":0.0,"cards_obtained":["Bouncing Flask"]},{"cards_removed":["Strike_G"],"damage_healed":0.0,"max_hp_gain":0.0,"max_hp_loss":0.0,"gold_gain":0.0,"event_name":"Living Wall","player_choice":"Forget","floor":10.0,"gold_loss":0.0,"damage_taken":0.0},{"damage_healed":0.0,"max_hp_gain":0.0,"max_hp_loss":0.0,"gold_gain":0.0,"event_name":"Addict","player_choice":"Obtained Relic","floor":20.0,"gold_loss":85.0,"damage_taken":0.0,"relics_obtained":["CaptainsWheel"]}],"is_beta":false,"boss_relics":[{"not_picked":["WristBlade","Philosopher\u0027s Stone"],"picked":"Coffee Dripper"}],"items_purged_floors":[11],"is_endless":false,"potions_floor_spawned":[3,5,7,16,24,27,29],"killed_by":"Collector","ascension_level":20}}