{"host":"5gs251imfkyqlzrh","time":1608933009,"event":{"mods":["BaseMod","Downfall","Hermit","Jorbs\u0027s Wanderer Trilogy","Marisa????????","Minty Spire (QoL Compilation)","Replay The Spire","StSLib","The Bug Knight","The Construct","The Cursed","The Disciple","The Hierophant","The Necromancer","The Runesmith","The Servant 0.9.4"],"gold_per_floor":[110,120,137,152,170,199,199,79,79,105,85,118,16,16,16,111,111,130,130,130],"floor_reached":19,"playtime":1148,"items_purged":["hermit:Strike_Hermit"],"score":212,"play_id":"e65876f6-16e4-4b99-9a00-ac3df065b87d","local_time":"20201225215009","is_ascension_mode":false,"campfire_choices":[{"data":"hermit:Ricochet","floor":7,"key":"SMITH"},{"data":"hermit:Dive","floor":15,"key":"SMITH"}],"circlet_count":0,"master_deck":["hermit:Strike_Hermit","hermit:Strike_Hermit","hermit:Defend_Hermit","hermit:Defend_Hermit","hermit:Defend_Hermit","hermit:Defend_Hermit","hermit:Snapshot","hermit:Covet","hermit:Ricochet+1","hermit:Roulette","hermit:ItchyTrigger","hermit:TrackingShot","hermit:TrackingShot","hermit:Dive+1","hermit:Vantage","hermit:Ricochet","hermit:RoundhouseKick","hermit:Enervate"],"relics":["hermit:Momento","ReplayTheSpireMod:TigerMarble","Replay:Bottled Steam","Replay:Accelerometer","Replay:Mystery Machine","construct:WeddingRing"],"acts_visited":["Exordium","TheCity"],"potions_floor_usage":[10,10,16,16],"damage_taken":[{"damage":1,"enemies":"Cultist","floor":1,"turns":3},{"damage":0,"enemies":"Small Slimes","floor":2,"turns":2},{"damage":1,"enemies":"Jaw Worm","floor":3,"turns":4},{"damage":24,"enemies":"Large Slime","floor":4,"turns":7},{"damage":5,"enemies":"Exordium Thugs","floor":5,"turns":4},{"damage":17,"enemies":"Gremlin Nob","floor":6,"turns":4},{"damage":0,"enemies":"Lagavulin","floor":10,"turns":6},{"damage":11,"enemies":"3 Sentries","floor":12,"turns":6},{"damage":9,"enemies":"Hexaghost","floor":16,"turns":8},{"damage":17,"enemies":"Spheric Guardian","floor":18,"turns":4},{"damage":12,"enemies":"Shell Parasite","floor":19,"turns":3}],"seed_played":"4054827918182051164","potions_obtained":[{"floor":5,"key":"Dexterity Potion"},{"floor":6,"key":"LifebloodPotion"},{"floor":10,"key":"Toxic Potion"},{"floor":12,"key":"Guardian:BlockOnCardUsePotion"}],"is_trial":false,"path_per_floor":["M","M","M","M","M","E","R","$","T","E","?","E","$","?","R","B",null,"M","M"],"character_chosen":"HERMIT","items_purchased":["hermit:TrackingShot","hermit:Vantage","hermit:Ricochet"],"campfire_rested":0,"item_purchase_floors":[8,13,13],"current_hp_per_floor":[74,74,73,49,44,27,27,27,27,27,27,16,16,41,41,32,75,58,46,46],"gold":130,"neow_bonus":"RANDOM_EVENT","is_daily":false,"chose_seed":false,"campfire_upgraded":2,"win_rate":0.0,"timestamp":1608933009,"path_taken":["M","?","M","M","M","E","R","$","T","E","?","E","$","?","R","BOSS","M","M"],"items_purchased_type":["Card","Card","Card"],"build_version":"2020-12-22","purchased_purges":1,"victory":false,"max_hp_per_floor":[75,75,75,75,75,75,75,75,75,75,75,75,75,75,75,75,75,75,75,75],"card_choices":[{"not_picked":["hermit:HoleUp","hermit:Desperado"],"picked":"hermit:Ricochet","floor":1},{"not_picked":["hermit:Horror","hermit:Feint"],"picked":"hermit:Roulette","floor":2},{"not_picked":["hermit:LuckOfTheDraw","hermit:Horror","hermit:SprayPray"],"picked":"SKIP","floor":3},{"not_picked":["hermit:CursedWeapon","hermit:Feint"],"picked":"hermit:ItchyTrigger","floor":4},{"not_picked":["hermit:Midnight","hermit:Roulette"],"picked":"hermit:TrackingShot","floor":5},{"not_picked":["hermit:FlashPowder","hermit:WideOpen","hermit:Spite"],"picked":"SKIP","floor":6},{"not_picked":["hermit:ItchyTrigger","hermit:Glare"],"picked":"hermit:Dive","floor":10},{"not_picked":["hermit:Gambit","hermit:WideOpen","hermit:Manifest"],"picked":"SKIP","floor":12},{"not_picked":["hermit:Reprieve","hermit:FromBeyond"],"picked":"hermit:RoundhouseKick","floor":16},{"not_picked":["hermit:LoneWolf","hermit:Manifest+1"],"picked":"hermit:Enervate","floor":18}],"player_experience":174511,"relics_obtained":[{"floor":6,"key":"ReplayTheSpireMod:TigerMarble"},{"floor":9,"key":"Replay:Bottled Steam"},{"floor":10,"key":"Replay:Accelerometer"},{"floor":12,"key":"Replay:Mystery Machine"}],"event_choices":[{"damage_healed":0,"gold_gain":0,"player_choice":"Left Gold","damage_taken":0,"max_hp_gain":0,"max_hp_loss":0,"event_name":"World of Goop","floor":11,"gold_loss":20},{"damage_healed":25,"gold_gain":0,"player_choice":"Banana","damage_taken":0,"max_hp_gain":0,"max_hp_loss":0,"event_name":"Big Fish","floor":14,"gold_loss":0}],"is_beta":false,"boss_relics":[{"not_picked":["ReplayTheSpireMod:DimensionalGlitch","hermit:DentedPlate"],"picked":"construct:WeddingRing"}],"items_purged_floors":[8],"is_endless":false,"potions_floor_spawned":[5,6,10,12],"killed_by":"Shell Parasite","ascension_level":0}}