{"host":"3rixevx6n8b56xaj","time":1608906346,"event":{"mods":["2.2 Compatiblity","AchievementEnabler","Arknights The Spire","BaseMod","Colored Map","DeckTracker","Friendly Minions","Minty Spire (QoL Compilation)","StSLib","SuperFastMode"],"gold_per_floor":[111,36,47,122,134,134,154,184,207,219,254,23,81,99,99,201,201,245,284,320,28,67,93,93,128,151,151,76,175,210,260,260,383,383,428,473,473,206,248,248,290,332,412,450,486,546,546,585,585,610,610,610,166,193,193],"floor_reached":56,"playtime":2898,"items_purged":["Defend_P","Strike_P","Defend_P","Strike_P","ForeignInfluence+1"],"score":1385,"play_id":"a6d6e64d-31fa-4c48-b92a-12ebe82b3aef","local_time":"20201225232546","is_ascension_mode":false,"campfire_choices":[{"data":"Eruption","floor":6.0,"key":"SMITH"},{"data":"Wallop","floor":15.0,"key":"SMITH"},{"data":"Adaptation","floor":32,"key":"SMITH"},{"data":"CrushJoints","floor":40,"key":"SMITH"},{"data":"Vengeance","floor":47,"key":"SMITH"},{"floor":49,"key":"RECALL"},{"data":"Wish","floor":52,"key":"SMITH"}],"circlet_count":0,"master_deck":["Defend_P+1","Defend_P+1","Eruption+1","Vigilance+1","FearNoEvil+1","Wallop+1","InnerPeace+1","FlurryOfBlows+1","Vengeance+1","FollowUp+1","EmptyFist","EmptyBody+1","Wish+1","CrushJoints+1","Evaluate+1","Adaptation+1","DeusExMachina+1","TalkToTheHand+1","LessonLearned+1","CutThroughFate+1","Prostrate+1","Pray+1","EmptyMind+1","Fasting2+1","Halt+1","Worship+1","Evaluate+1"],"relics":["PureWater","ats:Originium","Oddly Smooth Stone","Nunchaku","ats:Originium","Bag of Preparation","Membership Card","War Paint","Black Star","OrangePellets","Incense Burner","ats:Originium","Happy Flower","Frozen Egg 2","Blood Vial","ats:Originium","Meat on the Bone","Dream Catcher","SlaversCollar","Ancient Tea Set","Kunai","Lantern","Toxic Egg 2","Art of War","ClockworkSouvenir","Bronze Scales","Letter Opener","Pen Nib","Toy Ornithopter"],"acts_visited":["Exordium","TheCity","TheBeyond","TheEnding"],"potions_floor_usage":[33,33,33,44,46,55,55],"damage_taken":[{"damage":0.0,"enemies":"Small Slimes","floor":1.0,"turns":2.0},{"damage":1.0,"enemies":"Jaw Worm","floor":3.0,"turns":3.0},{"damage":0.0,"enemies":"2 Louse","floor":5.0,"turns":2.0},{"damage":7.0,"enemies":"2 Fungi Beasts","floor":7.0,"turns":2.0},{"damage":11.0,"enemies":"Gremlin Nob","floor":8.0,"turns":4.0},{"damage":0.0,"enemies":"Lots of Slimes","floor":10.0,"turns":1.0},{"damage":0.0,"enemies":"3 Sentries","floor":11.0,"turns":4.0},{"damage":0.0,"enemies":"3 Sentries","floor":13.0,"turns":3.0},{"damage":0.0,"enemies":"Looter","floor":14.0,"turns":1.0},{"damage":9.0,"enemies":"The Guardian","floor":16.0,"turns":10.0},{"damage":0.0,"enemies":"Chosen","floor":18.0,"turns":3.0},{"damage":15.0,"enemies":"2 Thieves","floor":19.0,"turns":4.0},{"damage":9.0,"enemies":"Shelled Parasite and Fungi","floor":20.0,"turns":5.0},{"damage":27.0,"enemies":"Cultist and Chosen","floor":22.0,"turns":7.0},{"damage":22.0,"enemies":"Slavers","floor":23.0,"turns":4.0},{"damage":1.0,"enemies":"3 Cultists","floor":25.0,"turns":4.0},{"damage":3.0,"enemies":"Snecko","floor":30.0,"turns":6.0},{"damage":1,"enemies":"Book of Stabbing","floor":31,"turns":4},{"damage":12,"enemies":"Collector","floor":33,"turns":6},{"damage":19,"enemies":"3 Shapes","floor":35,"turns":5},{"damage":25,"enemies":"3 Darklings","floor":36,"turns":6},{"damage":10,"enemies":"Spire Growth","floor":39,"turns":3},{"damage":0,"enemies":"Sphere and 2 Shapes","floor":41,"turns":4},{"damage":0,"enemies":"Maw","floor":42,"turns":5},{"damage":0,"enemies":"Jaw Worm Horde","floor":44,"turns":4},{"damage":16,"enemies":"Sphere and 2 Shapes","floor":45,"turns":4},{"damage":24,"enemies":"Reptomancer","floor":46,"turns":7},{"damage":0,"enemies":"Maw","floor":48,"turns":5},{"damage":0,"enemies":"Awakened One","floor":50,"turns":7},{"damage":6,"enemies":"Shield and Spear","floor":54,"turns":3},{"damage":56,"enemies":"The Heart","floor":55,"turns":7}],"seed_played":"8586567417209924334","potions_obtained":[{"floor":3.0,"key":"Regen Potion"},{"floor":7.0,"key":"Dexterity Potion"},{"floor":8.0,"key":"SteroidPotion"},{"floor":10.0,"key":"LiquidBronze"},{"floor":20.0,"key":"EntropicBrew"},{"floor":22.0,"key":"LiquidMemories"},{"floor":33,"key":"PowerPotion"},{"floor":44,"key":"Block Potion"},{"floor":48,"key":"Energy Potion"}],"is_trial":false,"path_per_floor":["M","$","M","?","M","R","M","E","T","M","E","$","?","M","R","B",null,"M","M","M","$","M","E","?","M","T","?","?","?","M","E","R","B",null,"M","M","?","$","M","R","M","M","T","M","M","E","R","M","R","B",null,"R","$","E","B",null],"character_chosen":"WATCHER","items_purchased":["Membership Card","EmptyFist","OrangePellets","Incense Burner","Kunai","Lantern","Fasting2+1","ClockworkSouvenir","Bronze Scales","Letter Opener","Halt+1","Worship+1"],"campfire_rested":0,"item_purchase_floors":[12,12,21,21,38,38,53,53,53,53,53,53],"current_hp_per_floor":[72,72,71,60,60,60,53,42,42,42,42,42,42,42,42,33,72,72,57,62,62,35,13,37,36,36,23,23,23,22,23,23,25,77,58,47,47,47,39,39,41,43,43,45,43,33,33,47,47,49,77,77,77,71,33],"gold":193,"neow_bonus":"TRANSFORM_CARD","is_daily":false,"chose_seed":false,"campfire_upgraded":6,"win_rate":0.0,"timestamp":1608906346,"path_taken":["M","$","M","?","M","R","M","E","T","M","E","$","?","M","R","BOSS","M","M","M","$","M","E","?","M","T","?","?","?","M","E","R","BOSS","M","M","?","$","M","R","M","M","T","M","M","E","R","M","R","BOSS","R","$","E","BOSS"],"items_purchased_type":["Relic","Card","Relic","Relic","Relic","Relic","Card","Relic","Relic","Relic","Card","Card"],"build_version":"2020-12-22","purchased_purges":5,"victory":true,"max_hp_per_floor":[72,72,72,72,72,72,72,72,72,72,72,72,72,72,72,72,72,72,72,72,72,72,72,72,72,72,77,77,77,77,77,77,77,77,77,77,77,77,77,77,77,77,77,77,77,77,77,77,77,77,77,77,77,77,77],"card_choices":[{"not_picked":["BowlingBash","Conclude"],"picked":"FearNoEvil","floor":1.0},{"not_picked":["ClearTheMind","Protect"],"picked":"Wallop","floor":3.0},{"not_picked":["SashWhip","WindmillStrike"],"picked":"InnerPeace","floor":5.0},{"not_picked":["Conclude","WreathOfFlame","Prostrate"],"picked":"SKIP","floor":7.0},{"not_picked":["Vengeance","ClearTheMind"],"picked":"FlurryOfBlows","floor":8.0},{"not_picked":["Protect","PathToVictory"],"picked":"Vengeance","floor":10.0},{"not_picked":["Consecrate","BowlingBash"],"picked":"FollowUp","floor":11.0},{"not_picked":["Worship","BattleHymn"],"picked":"EmptyBody","floor":13.0},{"not_picked":["Devotion","Indignation"],"picked":"Halt","floor":14.0},{"not_picked":["DeusExMachina","Establishment"],"picked":"Wish","floor":16.0},{"not_picked":["FlurryOfBlows","ThirdEye","SashWhip+1"],"picked":"SKIP","floor":18.0},{"not_picked":["Consecrate","Wireheading"],"picked":"CrushJoints","floor":19.0},{"not_picked":["FollowUp","Consecrate"],"picked":"Evaluate","floor":20.0},{"not_picked":["LikeWater+1","CrushJoints"],"picked":"Adaptation","floor":22.0},{"not_picked":["Vengeance+1","EmptyFist","Nirvana+1"],"picked":"SKIP","floor":23.0},{"not_picked":["FollowUp","PathToVictory","JustLucky"],"picked":"SKIP","floor":25.0},{"not_picked":["SashWhip","JustLucky+1"],"picked":"DeusExMachina","floor":30.0},{"not_picked":["EmptyBody","BattleHymn+1"],"picked":"TalkToTheHand","floor":31},{"not_picked":["ConjureBlade","Judgement"],"picked":"LessonLearned","floor":33},{"not_picked":["Nirvana+1","Wallop","FlurryOfBlows"],"picked":"SKIP","floor":35},{"not_picked":["FlurryOfBlows+1","SandsOfTime","ClearTheMind"],"picked":"SKIP","floor":36},{"not_picked":["Evaluate","BowlingBash+1"],"picked":"CutThroughFate+1","floor":39},{"not_picked":["Fasting2+1","Alpha"],"picked":"Prostrate+1","floor":41},{"not_picked":["CarveReality+1","FlurryOfBlows+1"],"picked":"Pray+1","floor":42},{"not_picked":["Worship","Prostrate+1","WaveOfTheHand"],"picked":"SKIP","floor":44},{"not_picked":["SashWhip+1","Meditate","EmptyFist"],"picked":"SKIP","floor":45},{"not_picked":["EmptyBody+1","ThirdEye+1"],"picked":"EmptyMind+1","floor":46},{"not_picked":["ClearTheMind+1","EmptyBody+1","Crescendo+1"],"picked":"SKIP","floor":48},{"not_picked":["Pray+1","InnerPeace+1"],"picked":"Evaluate+1","floor":54}],"player_experience":566531,"relics_obtained":[{"floor":8.0,"key":"ats:Originium"},{"floor":8.0,"key":"Oddly Smooth Stone"},{"floor":9.0,"key":"Nunchaku"},{"floor":11.0,"key":"ats:Originium"},{"floor":11.0,"key":"Bag of Preparation"},{"floor":23.0,"key":"ats:Originium"},{"floor":23.0,"key":"Happy Flower"},{"floor":23.0,"key":"Frozen Egg 2"},{"floor":26.0,"key":"Blood Vial"},{"floor":31,"key":"ats:Originium"},{"floor":31,"key":"Meat on the Bone"},{"floor":31,"key":"Dream Catcher"},{"floor":46,"key":"Toxic Egg 2"},{"floor":46,"key":"Art of War"},{"floor":54,"key":"Pen Nib"},{"floor":54,"key":"Toy Ornithopter"}],"event_choices":[{"damage_healed":0.0,"max_hp_gain":0.0,"max_hp_loss":0.0,"gold_gain":75.0,"event_name":"World of Goop","player_choice":"Gather Gold","floor":4.0,"gold_loss":0.0,"damage_taken":11.0},{"damage_healed":0.0,"max_hp_gain":0.0,"max_hp_loss":0.0,"gold_gain":0.0,"event_name":"Dead Adventurer","player_choice":"Searched \u00272\u0027 times","floor":13.0,"gold_loss":0.0,"damage_taken":0.0,"relics_obtained":["War Paint"]},{"damage_healed":24.0,"max_hp_gain":0.0,"max_hp_loss":0.0,"gold_gain":0.0,"event_name":"The Library","player_choice":"Heal","floor":24.0,"gold_loss":0.0,"damage_taken":0.0},{"damage_healed":0.0,"max_hp_gain":5.0,"max_hp_loss":0.0,"gold_gain":0.0,"event_name":"Forgotten Altar","player_choice":"Shed Blood","floor":27.0,"gold_loss":0.0,"damage_taken":18.0},{"cards_removed":["Strike_P"],"damage_healed":0.0,"max_hp_gain":0.0,"max_hp_loss":0.0,"gold_gain":0.0,"event_name":"Beggar","player_choice":"Gave Gold","floor":28.0,"gold_loss":75.0,"damage_taken":0.0},{"damage_healed":0.0,"max_hp_gain":0.0,"max_hp_loss":0.0,"gold_gain":99.0,"event_name":"Nest","player_choice":"Stole From Cult","floor":29.0,"gold_loss":0.0,"damage_taken":0.0},{"cards_removed":["Halt"],"damage_healed":0,"gold_gain":0,"player_choice":"Gave Card","damage_taken":0,"relics_obtained":["Ancient Tea Set"],"max_hp_gain":0,"max_hp_loss":0,"event_name":"WeMeetAgain","floor":37,"gold_loss":0}],"is_beta":false,"boss_relics":[{"not_picked":["Runic Pyramid","Empty Cage"],"picked":"Black Star"},{"not_picked":["SacredBark","Calling Bell"],"picked":"SlaversCollar"}],"items_purged_floors":[2,12,21,38,53],"is_endless":false,"potions_floor_spawned":[3,7,8,10,16,20,22,33,39,44,45,48],"ascension_level":0}}