{"host":"iak1zw6udsaqx1iy","time":1608934244,"event":{"mods":["BaseMod","Hermit","Minty Spire (QoL Compilation)","Replay The Spire","StSLib","The Alterego","The Cursed","The Servant 0.9.4","WarShipGirlsR/’ΩΩ¢…Ÿ≈ÆR mod"],"gold_per_floor":[110,123,423,28,40,40,60,94,175,216,243,255,267,293,305,418,430,455,487,499,426,467,479,523,535,547,586,611,623,647,675,687,801,813,839,851,880,892,978,990,1031,1043,1055,1092,1124,1150,1190,1216,1228,1240,1252,1264,3,36,36,36],"floor_reached":55,"playtime":3151,"items_purged":[],"score":978,"play_id":"7c403a06-2217-4d87-80ec-3c1a8fde3ae8","local_time":"20201226061044","is_ascension_mode":true,"campfire_choices":[{"data":"Poisoned Stab","floor":6.0,"key":"SMITH"},{"data":"Dagger Spray","floor":12.0,"key":"SMITH"},{"data":"Bane","floor":15.0,"key":"SMITH"},{"data":"Poison Darts","floor":23.0,"key":"SMITH"},{"data":"Burst","floor":25.0,"key":"SMITH"},{"data":"Dagger Spray","floor":32.0,"key":"SMITH"},{"data":"After Image","floor":40.0,"key":"SMITH"},{"data":"Neutralize","floor":42.0,"key":"SMITH"},{"floor":49,"key":"RECALL"},{"data":"Quick Slash","floor":52,"key":"SMITH"}],"circlet_count":0,"master_deck":["Strike_G+1","Strike_G+1","Strike_G+1","Strike_G+1","Strike_G+1","Defend_G+1","Defend_G+1","Defend_G+1","Defend_G+1","Survivor+1","Neutralize+1","Quick Slash+1","Poisoned Stab+1","Unload+1","Prepared+1","Burst+1","Dagger Spray+1","Bane+1","Malaise+1","Quick Slash+1","Poison Darts+1","Dagger Spray+1","Deadly Poison+1","Backstab+1","ReplayTheSpireMod:The Works+1","Bane+1","PiercingWail+1","After Image+1","Underhanded Strike+1","Toxin Wave+1","Bullet Time+1","Concentrate+1","Noxious Fumes+1","Footwork+1","Terror+1","ReplayTheSpireMod:Scrap Shanks+1","ReplayTheSpireMod:Brewmster","Terror+1","Tools of the Trade","Blade Dance+1","Blur+1"],"relics":["Ring of the Snake","NeowsBlessing","Old Coin","ReplayTheSpireMod:Ninjato","TwistedFunnel","MawBank","Eternal Feather","Snake Skull","Coffee Dripper","Ninja Scroll","Red Mask","Toxic Egg 2","Blood Vial","Ring of Chaos","Quantum Egg","Turnip","Pen Nib","FossilizedHelix","ReplayTheSpireMod:Shallot","The Specimen","Guide Book","Divine Protection","War Paint"],"acts_visited":["Exordium","TheCity","TheBeyond","TheEnding"],"potions_floor_usage":[47,50,50,54,55,55,55],"damage_taken":[{"damage":0.0,"enemies":"Small Slimes","floor":1.0,"turns":1.0},{"damage":0.0,"enemies":"Cultist","floor":2.0,"turns":1.0},{"damage":0.0,"enemies":"Jaw Worm","floor":5.0,"turns":1.0},{"damage":0.0,"enemies":"3 Louse","floor":7.0,"turns":2.0},{"damage":16.0,"enemies":"Gremlin Nob","floor":8.0,"turns":3.0},{"damage":22.0,"enemies":"Lagavulin","floor":10.0,"turns":5.0},{"damage":0.0,"enemies":"Large Slime","floor":11.0,"turns":4.0},{"damage":0.0,"enemies":"Blue Slaver","floor":14.0,"turns":1.0},{"damage":46.0,"enemies":"The Guardian","floor":16.0,"turns":8.0},{"damage":0.0,"enemies":"3 Byrds","floor":18.0,"turns":2.0},{"damage":0.0,"enemies":"Chosen","floor":19.0,"turns":3.0},{"damage":0.0,"enemies":"Masked Bandits","floor":22.0,"turns":2.0},{"damage":0.0,"enemies":"Slavers","floor":24.0,"turns":4.0},{"damage":23.0,"enemies":"Book of Stabbing","floor":27.0,"turns":4.0},{"damage":0.0,"enemies":"Sentry and Sphere","floor":28.0,"turns":1.0},{"damage":10.0,"enemies":"Centurion and Healer","floor":30.0,"turns":2.0},{"damage":0.0,"enemies":"Shelled Parasite and Fungi","floor":31.0,"turns":2.0},{"damage":63.0,"enemies":"Automaton","floor":33.0,"turns":8.0},{"damage":6.0,"enemies":"3 Shapes","floor":35.0,"turns":4.0},{"damage":0.0,"enemies":"3 Darklings","floor":37.0,"turns":2.0},{"damage":49.0,"enemies":"Nemesis","floor":41.0,"turns":7.0},{"damage":30.0,"enemies":"R_Hoarder","floor":44.0,"turns":4.0},{"damage":0.0,"enemies":"Jaw Worm Horde","floor":45.0,"turns":2.0},{"damage":0.0,"enemies":"Maw","floor":46.0,"turns":5.0},{"damage":0,"enemies":"Reptomancer","floor":47,"turns":2},{"damage":0,"enemies":"3 Darklings","floor":48,"turns":3},{"damage":16,"enemies":"Donu and Deca","floor":50,"turns":6},{"damage":18,"enemies":"Shield and Spear","floor":54,"turns":6},{"damage":68,"enemies":"The Heart","floor":55,"turns":5}],"seed_played":"-4214352558462309929","potions_obtained":[{"floor":2.0,"key":"Fruit Juice"},{"floor":8.0,"key":"Energy Potion"},{"floor":11.0,"key":"Explosive Potion"},{"floor":14.0,"key":"Doom Potion"},{"floor":16.0,"key":"GamblersBrew"},{"floor":22.0,"key":"Elixir"},{"floor":24.0,"key":"Toxic Potion"},{"floor":27.0,"key":"AttackPotion"},{"floor":41.0,"key":"Toxic Potion"},{"floor":44.0,"key":"Venom Potion"},{"floor":47,"key":"Poison Potion"},{"floor":48,"key":"LiquidMemories"}],"is_trial":false,"path_per_floor":["M","M","?","$","M","R","M","E","T","E","M","R","$","M","R","B",null,"M","M","?","?","?","R","E","R","T","E","M","$","M","M","R","B",null,"M","?","M","$","T","R","E","R","T","E","M","M","E","M","R","B",null,"R","$","E","B"],"character_chosen":"THE_SILENT","items_purchased":["ReplayTheSpireMod:Ninjato","TwistedFunnel","The Specimen","ReplayTheSpireMod:Brewmster","Guide Book","Terror+1","Tools of the Trade","Divine Protection","LiquidMemories","Blade Dance+1","Fire Potion"],"campfire_rested":0,"item_purchase_floors":[4,4,53,53,53,53,53,53,53,53,53],"current_hp_per_floor":[70,70,70,70,70,70,70,59,59,37,37,46,46,46,55,9,75,75,75,75,75,75,75,75,75,75,52,54,54,46,48,63,2,75,69,69,71,71,71,75,26,44,44,16,18,20,22,24,45,31,75,75,75,57,0,0],"gold":36,"neow_bonus":"THREE_ENEMY_KILL","is_daily":false,"chose_seed":false,"campfire_upgraded":9,"win_rate":0.0,"timestamp":1608934244,"path_taken":["M","M","?","$","M","R","M","E","T","E","M","R","?","M","R","BOSS","M","M","?","?","?","R","E","R","T","E","M","?","M","M","R","BOSS","M","?","?","?","?","R","E","R","T","E","?","M","E","M","R","BOSS","R","$","E","BOSS"],"items_purchased_type":["Relic","Relic","Relic","Card","Relic","Card","Card","Relic","Potion","Card","Potion"],"build_version":"2020-12-22","purchased_purges":0,"victory":false,"max_hp_per_floor":[70,70,70,70,70,70,70,75,75,75,75,75,75,75,75,75,75,75,75,75,75,75,75,75,75,75,75,75,75,75,75,75,75,75,75,75,75,75,75,75,75,75,75,75,75,75,75,75,75,75,75,75,75,75,75,75],"card_choices":[{"not_picked":["Deflect","Well Laid Plans"],"picked":"Flying Knee","floor":1.0},{"not_picked":["Flying Knee","Slice"],"picked":"Quick Slash","floor":2.0},{"not_picked":["Flying Knee","PiercingWail"],"picked":"Poisoned Stab","floor":5.0},{"not_picked":["Sucker Punch","Quick Slash"],"picked":"Unload","floor":7.0},{"not_picked":["Quick Slash","Outmaneuver"],"picked":"Prepared","floor":8.0},{"not_picked":["Prepared","Poisoned Stab"],"picked":"Burst","floor":10.0},{"not_picked":["Sucker Punch","Distraction"],"picked":"Dagger Spray","floor":11.0},{"not_picked":["Poisoned Stab","Deadly Poison"],"picked":"Bane","floor":14.0},{"not_picked":["Bullet Time","Grand Finale"],"picked":"Malaise","floor":16.0},{"not_picked":["Flying Knee","Hidden Blade"],"picked":"Quick Slash+1","floor":18.0},{"not_picked":["Flying Knee","Dagger Throw"],"picked":"Poison Darts","floor":19.0},{"not_picked":["Prepared","Blade Dance"],"picked":"Dagger Spray","floor":22.0},{"not_picked":["Malaise+1","Prepared+1"],"picked":"Deadly Poison+1","floor":24.0},{"not_picked":["Bane","Sucker Punch"],"picked":"Backstab+1","floor":27.0},{"not_picked":["Backflip+1","Deflect+1"],"picked":"ReplayTheSpireMod:The Works+1","floor":28.0},{"not_picked":["Hidden Blade+1","Quick Slash"],"picked":"Bane+1","floor":30.0},{"not_picked":["Quick Slash","ReplayTheSpireMod:Speed Training+1"],"picked":"PiercingWail+1","floor":31.0},{"not_picked":["Burst+1","Die Die Die"],"picked":"After Image","floor":33.0},{"not_picked":["Dagger Spray","Poisoned Stab"],"picked":"Underhanded Strike+1","floor":35.0},{"not_picked":["Backflip+1","Heel Hook+1"],"picked":"Toxin Wave+1","floor":37.0},{"not_picked":["Prepared+1","Bouncing Flask+1"],"picked":"Bullet Time+1","floor":41.0},{"not_picked":["Finisher","Blade Dance+1"],"picked":"Concentrate+1","floor":44.0},{"not_picked":["PiercingWail+1","Hidden Blade+1"],"picked":"Noxious Fumes+1","floor":45.0},{"not_picked":["Blade Dance+1","Heel Hook+1"],"picked":"Footwork+1","floor":46.0},{"not_picked":["Prepared+1","Cloak And Dagger+1"],"picked":"Terror+1","floor":47},{"not_picked":["Toxin Wave+1","Eviscerate+1"],"picked":"ReplayTheSpireMod:Scrap Shanks+1","floor":48},{"not_picked":["Setup+1","Acrobatics+1"],"picked":"Blur+1","floor":54}],"player_experience":258042,"relics_obtained":[{"floor":8.0,"key":"MawBank"},{"floor":9.0,"key":"Eternal Feather"},{"floor":10.0,"key":"Snake Skull"},{"floor":22.0,"key":"Red Mask"},{"floor":24.0,"key":"Toxic Egg 2"},{"floor":27.0,"key":"Blood Vial"},{"floor":39.0,"key":"Quantum Egg"},{"floor":41.0,"key":"Turnip"},{"floor":43.0,"key":"Pen Nib"},{"floor":44.0,"key":"FossilizedHelix"},{"floor":47,"key":"ReplayTheSpireMod:Shallot"},{"floor":54,"key":"War Paint"}],"event_choices":[{"cards_removed":["Flying Knee"],"damage_healed":0.0,"max_hp_gain":0.0,"max_hp_loss":0.0,"gold_gain":0.0,"event_name":"WeMeetAgain","player_choice":"Gave Card","floor":3.0,"gold_loss":0.0,"damage_taken":0.0,"relics_obtained":["Old Coin"]},{"damage_healed":0.0,"max_hp_gain":0.0,"max_hp_loss":0.0,"gold_gain":0.0,"event_name":"Back to Basics","player_choice":"Simplicity","floor":20.0,"gold_loss":0.0,"damage_taken":0.0,"cards_upgraded":["Strike_G","Strike_G","Strike_G","Strike_G","Strike_G","Defend_G","Defend_G","Defend_G","Defend_G","Defend_G"]},{"damage_healed":0.0,"max_hp_gain":0.0,"max_hp_loss":0.0,"gold_gain":0.0,"event_name":"Addict","player_choice":"Obtained Relic","floor":21.0,"gold_loss":85.0,"damage_taken":0.0,"relics_obtained":["Ninja Scroll"]},{"damage_healed":0.0,"max_hp_gain":0.0,"max_hp_loss":0.0,"gold_gain":0.0,"event_name":"Masked Bandits","player_choice":"Fought Bandits","floor":22.0,"gold_loss":0.0,"damage_taken":0.0},{"cards_removed":["Defend_G"],"damage_healed":0.0,"max_hp_gain":0.0,"max_hp_loss":0.0,"gold_gain":0.0,"event_name":"Purifier","player_choice":"Purged","floor":36.0,"gold_loss":0.0,"damage_taken":0.0}],"is_beta":false,"boss_relics":[{"not_picked":["WristBlade","Black Star"],"picked":"Coffee Dripper"},{"not_picked":["Replay:Wanted Poster","Sozu"],"picked":"Ring of Chaos"}],"items_purged_floors":[],"is_endless":false,"potions_floor_spawned":[2,8,11,14,16,22,24,27,41,44,45,47,48],"killed_by":"The Heart","ascension_level":3}}