{"host":"ymmeoa1x24ihslbm","time":1608877159,"event":{"mods":["AchievementEnabler","BaseMod","Colored Map","Colored Powertips","Defuse TimeMaze Blight","Highlight Path","Minty Spire (QoL Compilation)","Permanent Neow","Quick Restart","StSLib","Unceasing Turn Reminder"],"gold_per_floor":[118,129,140,151,168,168,36,64,117,117,142,142,58,69,69,165,165,181,194,211,211,63,98,23,23,323,323,323,334,352,352,352,352,352],"floor_reached":33,"playtime":82378,"items_purged":["Defend_P"],"score":305,"play_id":"3d4970c4-3042-476b-a111-02ec6849f6c5","local_time":"20201225071919","is_ascension_mode":true,"campfire_choices":[{"data":"Eruption","floor":6,"key":"SMITH"},{"data":"Vigilance","floor":10,"key":"SMITH"},{"data":"FlurryOfBlows","floor":12,"key":"SMITH"},{"data":"Blind","floor":15,"key":"SMITH"},{"data":"Seeing Red","floor":32,"key":"SMITH"}],"circlet_count":0,"master_deck":["Strike_P","Strike_P","Defend_P","Eruption+1","Vigilance+1","FearNoEvil","FollowUp","EmptyFist","FlurryOfBlows+1","Evaluate","Blind+1","Wireheading","Pray","Devotion","Good Instincts","ThirdEye","Judgement","SashWhip","WaveOfTheHand","Seeing Red+1"],"relics":["PureWater","Nunchaku","MealTicket","Matryoshka","SlaversCollar","Strawberry","Turnip","PrismaticShard","Bag of Marbles","Damaru","Old Coin","StoneCalendar"],"acts_visited":["Exordium","TheCity"],"potions_floor_usage":[4,5,5,8,11,20,30],"damage_taken":[{"damage":0,"enemies":"Cultist","floor":1,"turns":4},{"damage":2,"enemies":"Jaw Worm","floor":2,"turns":4},{"damage":0,"enemies":"Small Slimes","floor":3,"turns":3},{"damage":0,"enemies":"3 Louse","floor":4,"turns":3},{"damage":3,"enemies":"Blue Slaver","floor":5,"turns":2},{"damage":3,"enemies":"Gremlin Nob","floor":8,"turns":3},{"damage":3,"enemies":"3 Sentries","floor":11,"turns":4},{"damage":7,"enemies":"Exordium Thugs","floor":14,"turns":5},{"damage":19,"enemies":"The Guardian","floor":16,"turns":10},{"damage":7,"enemies":"Chosen","floor":18,"turns":4},{"damage":0,"enemies":"3 Byrds","floor":19,"turns":4},{"damage":20,"enemies":"Snake Plant","floor":20,"turns":5},{"damage":66,"enemies":"Book of Stabbing","floor":23,"turns":8},{"damage":0,"enemies":"Chosen and Byrds","floor":29,"turns":4},{"damage":0,"enemies":"Snecko","floor":30,"turns":3},{"damage":0,"enemies":"Automaton","floor":33,"turns":2}],"seed_played":"-9185553998518750390","potions_obtained":[{"floor":2,"key":"StancePotion"},{"floor":4,"key":"SpeedPotion"},{"floor":5,"key":"EntropicBrew"},{"floor":16,"key":"LiquidMemories"},{"floor":18,"key":"Ambrosia"},{"floor":23,"key":"Fire Potion"},{"floor":29,"key":"Energy Potion"},{"floor":30,"key":"SpeedPotion"}],"is_trial":false,"path_per_floor":["M","M","M","M","M","R","$","E","T","R","E","R","$","M","R","B",null,"M","M","M","T","$","E","$","?","T","?","T","M","M","?","R","B"],"character_chosen":"WATCHER","items_purchased":["Blind","Wireheading","Good Instincts","PrismaticShard"],"campfire_rested":0,"item_purchase_floors":[7,7,13,22],"current_hp_per_floor":[72,70,70,70,67,67,67,64,64,64,61,61,72,65,65,46,72,65,65,45,52,67,1,16,16,16,1,1,1,1,1,1,1,1],"gold":352,"neow_bonus":"TRANSFORM_CARD","is_daily":false,"chose_seed":false,"campfire_upgraded":5,"win_rate":0.0,"timestamp":1608877159,"path_taken":["M","M","?","M","M","R","$","E","T","R","E","R","$","M","R","BOSS","M","M","M","?","?","E","?","?","T","?","?","?","M","?","R","BOSS"],"items_purchased_type":["Card","Card","Card","Relic"],"build_version":"2020-12-22","purchased_purges":1,"victory":false,"max_hp_per_floor":[72,72,72,72,72,72,72,72,72,72,72,72,72,72,72,72,72,72,72,72,79,79,79,79,79,79,84,84,84,84,84,84,84,84],"card_choices":[{"not_picked":["Evaluate","ClearTheMind","Halt"],"picked":"SKIP","floor":1},{"not_picked":["CutThroughFate","Evaluate"],"picked":"FollowUp","floor":2},{"not_picked":["FlurryOfBlows","Swivel"],"picked":"EmptyFist","floor":3},{"not_picked":["ForeignInfluence","Crescendo"],"picked":"FlurryOfBlows","floor":4},{"not_picked":["Scrawl","Vengeance"],"picked":"Evaluate","floor":5},{"not_picked":["ClearTheMind","InnerPeace"],"picked":"Pray","floor":8},{"not_picked":["Adaptation","Conclude"],"picked":"Devotion","floor":11},{"not_picked":["CrushJoints","Crescendo"],"picked":"ThirdEye","floor":14},{"not_picked":["Blasphemy","Wish"],"picked":"Judgement","floor":16},{"not_picked":["EmptyFist","FollowUp","EmptyMind"],"picked":"SKIP","floor":18},{"not_picked":["Evaluate","ThirdEye","PathToVictory"],"picked":"SKIP","floor":19},{"not_picked":["Perseverance","CrushJoints","Protect"],"picked":"SKIP","floor":20},{"not_picked":["Perseverance","Dark Embrace","Leap"],"picked":"SKIP","floor":23},{"not_picked":["SashWhip","EmptyBody"],"picked":"Seeing Red","floor":29},{"not_picked":["Prepared","Unload","Pommel Strike"],"picked":"SKIP","floor":30}],"player_experience":597391,"relics_obtained":[{"floor":8,"key":"Nunchaku"},{"floor":9,"key":"MealTicket"},{"floor":11,"key":"Matryoshka"},{"floor":21,"key":"Strawberry"},{"floor":21,"key":"Turnip"},{"floor":23,"key":"Bag of Marbles"},{"floor":26,"key":"Damaru"},{"floor":26,"key":"Old Coin"},{"floor":28,"key":"StoneCalendar"}],"event_choices":[{"damage_healed":0,"gold_gain":0,"cards_transformed":["Defend_P","Strike_P"],"player_choice":"Became Test Subject","damage_taken":0,"max_hp_gain":0,"max_hp_loss":0,"event_name":"Drug Dealer","floor":25,"gold_loss":0,"cards_obtained":["SashWhip","WaveOfTheHand"]},{"damage_healed":0,"gold_gain":0,"player_choice":"Shed Blood","damage_taken":20,"max_hp_gain":5,"max_hp_loss":0,"event_name":"Forgotten Altar","floor":27,"gold_loss":0},{"cards_removed":["Strike_P"],"damage_healed":0,"gold_gain":0,"player_choice":"Elegance","damage_taken":0,"max_hp_gain":0,"max_hp_loss":0,"event_name":"Back to Basics","floor":31,"gold_loss":0}],"is_beta":false,"boss_relics":[{"not_picked":["Philosopher\u0027s Stone","Pandora\u0027s Box"],"picked":"SlaversCollar"}],"items_purged_floors":[24],"is_endless":false,"potions_floor_spawned":[2,4,5,16,18,23,29,30],"killed_by":"Automaton","ascension_level":2}}