{"host":"o54aw4mfims5m8ve","time":1608900162,"event":{"mods":["BaseMod","Downfall","Minty Spire (QoL Compilation)","StSLib","The Cursed","The Saiyan","The Senshi"],"gold_per_floor":[117,42,55,71,87,121,121,131,202,236,68,84,117,132,132,228,228,248,248,248,261,6,38,4,14,84,84,84,184,215,231,231,332,332,351,365,83,83,83,111,128,128,176,204,217,217,217],"floor_reached":46,"playtime":12964,"items_purged":["Strike_P","Strike_P","Shame"],"score":646,"play_id":"d2c8b824-0074-4aaf-be2e-ab86a2157d46","local_time":"20201225124242","is_ascension_mode":true,"campfire_choices":[{"floor":7.0,"key":"REST"},{"floor":15.0,"key":"REST"},{"floor":28.0,"key":"REST"},{"floor":32.0,"key":"REST"},{"floor":42.0,"key":"REST"}],"circlet_count":0,"master_deck":["Strike_P","Defend_P","Defend_P","Eruption+1","Vigilance","MentalFortress","EmptyFist","EmptyBody","Adaptation","Prostrate","Vengeance","FlurryOfBlows","MentalFortress","Devotion","LikeWater","WaveOfTheHand+1"],"relics":["HolyWater","FossilizedHelix","Sundial","Unceasing Top","MealTicket","Toy Ornithopter","Empty Cage","HornCleat","Nunchaku","Pocketwatch","Darkstone Periapt","Blood Vial","Ornamental Fan","Damaru","Toxic Egg 2","Question Card","Regal Pillow","Bronze Scales"],"acts_visited":[],"potions_floor_usage":[46],"damage_taken":[{"damage":4.0,"enemies":"2 Louse","floor":1.0,"turns":3.0},{"damage":1.0,"enemies":"Jaw Worm","floor":3.0,"turns":5.0},{"damage":10.0,"enemies":"Small Slimes","floor":4.0,"turns":3.0},{"damage":0.0,"enemies":"Looter","floor":5.0,"turns":4.0},{"damage":22.0,"enemies":"Gremlin Nob","floor":6.0,"turns":5.0},{"damage":13.0,"enemies":"Lots of Slimes","floor":8.0,"turns":5.0},{"damage":13.0,"enemies":"3 Sentries","floor":10.0,"turns":10.0},{"damage":13.0,"enemies":"Exordium Thugs","floor":12.0,"turns":6.0},{"damage":8.0,"enemies":"Gremlin Nob","floor":13.0,"turns":4.0},{"damage":3.0,"enemies":"Red Slaver","floor":14.0,"turns":5.0},{"damage":17.0,"enemies":"Hexaghost","floor":16.0,"turns":11.0},{"damage":12.0,"enemies":"3 Byrds","floor":18.0,"turns":5.0},{"damage":0.0,"enemies":"Chosen","floor":21.0,"turns":6.0},{"damage":65.0,"enemies":"Gremlin Leader","floor":23.0,"turns":7.0},{"damage":9.0,"enemies":"Snake Plant","floor":25.0,"turns":6.0},{"damage":71.0,"enemies":"Slavers","floor":30.0,"turns":9.0},{"damage":0.0,"enemies":"Shelled Parasite and Fungi","floor":31.0,"turns":6.0},{"damage":0.0,"enemies":"Champ","floor":33.0,"turns":13.0},{"damage":16.0,"enemies":"3 Darklings","floor":35.0,"turns":6.0},{"damage":0.0,"enemies":"Orb Walker","floor":36.0,"turns":5.0},{"damage":57.0,"enemies":"Reptomancer","floor":40.0,"turns":6.0},{"damage":11.0,"enemies":"Transient","floor":41.0,"turns":5.0},{"damage":3,"enemies":"Nemesis","floor":44,"turns":12},{"damage":0,"enemies":"3 Darklings","floor":45,"turns":5},{"damage":98,"enemies":"Reptomancer","floor":46,"turns":3}],"seed_played":"-2022158859351855398","potions_obtained":[{"floor":1.0,"key":"Ancient Potion"},{"floor":4.0,"key":"Swift Potion"},{"floor":6.0,"key":"FairyPotion"},{"floor":10.0,"key":"Energy Potion"},{"floor":21.0,"key":"FairyPotion"},{"floor":31.0,"key":"Explosive Potion"},{"floor":33.0,"key":"Energy Potion"},{"floor":35.0,"key":"EntropicBrew"},{"floor":36.0,"key":"LiquidBronze"},{"floor":44,"key":"Swift Potion"}],"is_trial":false,"path_per_floor":["M","$","M","M","M","E","R","M","T","E","$","M","E","M","R","B",null,"M","?","T","M","$","E","$","M","T","?","R","?","E","M","R","B",null,"M","M","$","T","$","E","M","R","T","E","M","E"],"character_chosen":"WATCHER","items_purchased":["MealTicket","FlurryOfBlows","Nunchaku","LikeWater","Damaru"],"campfire_rested":5,"item_purchase_floors":[11,11,22,24,37],"current_hp_per_floor":[68,68,67,57,57,35,56,43,43,30,30,17,9,6,27,10,72,60,60,60,60,72,7,22,13,13,19,42,42,12,14,37,44,78,62,64,78,78,78,26,17,40,40,39,41,0,0],"gold":217,"neow_bonus":"UPGRADE_CARD","is_daily":false,"chose_seed":false,"campfire_upgraded":0,"win_rate":0.0,"timestamp":1608900162,"path_taken":["M","$","M","M","M","E","R","M","T","E","$","M","E","M","R","BOSS","M","?","?","M","$","E","$","M","T","?","R","?","E","M","R","BOSS","M","M","$","?","?","E","M","R","T","E","M","E"],"items_purchased_type":["Relic","Card","Relic","Card","Relic"],"build_version":"2020-12-22","purchased_purges":3,"victory":false,"max_hp_per_floor":[72,72,72,72,72,72,72,72,72,72,72,72,72,72,72,72,72,72,72,72,72,72,72,72,72,72,78,78,78,78,78,78,78,78,78,78,78,78,78,78,78,78,78,78,78,78,78],"card_choices":[{"not_picked":["Meditate","Wallop"],"picked":"MentalFortress","floor":1.0},{"not_picked":["Fasting2","FollowUp"],"picked":"EmptyFist","floor":3.0},{"not_picked":["SandsOfTime","EmptyFist"],"picked":"EmptyBody","floor":4.0},{"not_picked":["FlurryOfBlows","Protect"],"picked":"Adaptation","floor":5.0},{"not_picked":["FollowUp","Ragnarok"],"picked":"Prostrate","floor":6.0},{"not_picked":["Worship","BowlingBash"],"picked":"Vengeance","floor":8.0},{"not_picked":["ThirdEye","CarveReality","CutThroughFate"],"picked":"SKIP","floor":10.0},{"not_picked":["FollowUp","Vengeance","Crescendo"],"picked":"SKIP","floor":12.0},{"not_picked":["Worship","Pray"],"picked":"MentalFortress","floor":13.0},{"not_picked":["Worship","Prostrate","FollowUp"],"picked":"SKIP","floor":14.0},{"not_picked":["Blasphemy","Wish"],"picked":"Devotion","floor":16.0},{"not_picked":["Crescendo","JustLucky","Evaluate"],"picked":"SKIP","floor":18.0},{"not_picked":["EmptyBody","ThirdEye","ForeignInfluence"],"picked":"SKIP","floor":21.0},{"not_picked":["Perseverance","Prostrate","PathToVictory"],"picked":"SKIP","floor":23.0},{"not_picked":["Consecrate","DeceiveReality+1","FollowUp"],"picked":"SKIP","floor":25.0},{"not_picked":["BowlingBash+1","Crescendo","Adaptation+1"],"picked":"SKIP","floor":30.0},{"not_picked":["WheelKick+1","SandsOfTime","Halt"],"picked":"SKIP","floor":31.0},{"not_picked":["Adaptation","Protect","Crescendo"],"picked":"SKIP","floor":35.0},{"not_picked":["DeceiveReality+1","ForeignInfluence+1","Fasting2+1"],"picked":"SKIP","floor":36.0},{"not_picked":["Pray+1","ReachHeaven"],"picked":"WaveOfTheHand+1","floor":40.0},{"not_picked":["DeceiveReality+1","Meditate+1","SashWhip+1","FollowUp+1"],"picked":"SKIP","floor":41.0},{"not_picked":["CrushJoints","Perseverance+1","SashWhip+1","JustLucky+1"],"picked":"SKIP","floor":44},{"not_picked":["CarveReality+1","Alpha+1","SandsOfTime","JustLucky+1"],"picked":"SKIP","floor":45}],"player_experience":146796,"relics_obtained":[{"floor":6.0,"key":"FossilizedHelix"},{"floor":9.0,"key":"Sundial"},{"floor":10.0,"key":"Unceasing Top"},{"floor":13.0,"key":"Toy Ornithopter"},{"floor":20.0,"key":"HornCleat"},{"floor":23.0,"key":"Pocketwatch"},{"floor":26.0,"key":"Darkstone Periapt"},{"floor":30.0,"key":"Ornamental Fan"},{"floor":38.0,"key":"Toxic Egg 2"},{"floor":40.0,"key":"Question Card"},{"floor":43,"key":"Regal Pillow"},{"floor":44,"key":"Bronze Scales"}],"event_choices":[{"cards_removed":["Defend_P"],"damage_healed":0.0,"max_hp_gain":0.0,"max_hp_loss":0.0,"gold_gain":0.0,"event_name":"Back to Basics","player_choice":"Elegance","floor":19.0,"gold_loss":0.0,"damage_taken":0.0},{"damage_healed":0.0,"max_hp_gain":0.0,"max_hp_loss":0.0,"gold_gain":0.0,"event_name":"Addict","player_choice":"Stole Relic","floor":27.0,"gold_loss":0.0,"damage_taken":0.0,"relics_obtained":["Blood Vial"],"cards_obtained":["Shame"]},{"damage_healed":0.0,"max_hp_gain":0.0,"max_hp_loss":0.0,"gold_gain":100.0,"event_name":"Golden Shrine","player_choice":"Pray","floor":29.0,"gold_loss":0.0,"damage_taken":0.0}],"is_beta":false,"boss_relics":[{"not_picked":["Astrolabe","Runic Pyramid"],"picked":"Empty Cage"},{"not_picked":["Sozu","Snecko Eye"],"picked":"HolyWater"}],"items_purged_floors":[2,22,37],"is_endless":false,"potions_floor_spawned":[1,4,6,10,21,31,33,35,36,44],"killed_by":"Reptomancer","ascension_level":1}}