{"host":"hzyv8pm5uot6l4n9","time":1608897866,"event":{"mods":["Aspiration","Astrologer","BaseMod","Better Note","Better Third Choice","BetterRewards","Downfall","Energized Spire","GifTheSpireLib","GungeonMod","Minty Spire (QoL Compilation)","Quick Restart","Replay The Spire","Shade Mod","StSLib","Stuff the Spire","The Necromancer"],"gold_per_floor":[99,109,123,123,141,171,171,184,204,204,218,246,246,281,297,399,399,324,338,338,338,338,351,351,276,302,322,87,87,102,119,137,239,239,164,177,193,193,278,289,335,335,366,366,398,398,58,73,86,86,86,114,14,14,14],"floor_reached":56,"playtime":3342,"items_purged":["Writhe","Shame"],"score":2309,"play_id":"288b68e2-7b0b-412c-8e54-fb8879ee50c7","local_time":"20201225130426","is_ascension_mode":true,"campfire_choices":[{"data":"Negative_Energy_Arrows","floor":1.0,"key":"SMITH"},{"data":"Acid_Javelin","floor":10,"key":"SMITH"},{"data":"Negative_Energy_Shield","floor":10,"key":"SMITH"},{"data":"Skeleton_Dragon","floor":18,"key":"SMITH"},{"data":"Summon_Undead_Army","floor":18,"key":"SMITH"},{"floor":25,"key":"RECALL"},{"data":"Summon_Vampire_Lady","floor":35,"key":"SMITH"},{"data":"Slay_Living","floor":35,"key":"SMITH"},{"data":"Bone_Armor","floor":42,"key":"SMITH"},{"data":"Bone_Bullets","floor":42,"key":"SMITH"},{"data":"Violent_Necrosis","floor":44,"key":"SMITH"},{"data":"Summon_Undead_Army","floor":44,"key":"SMITH"},{"data":"Bone_Wall","floor":54,"key":"SMITH"},{"data":"Toxic_Smoke_Screen","floor":54,"key":"SMITH"}],"circlet_count":1,"master_deck":["Defend_W","Defend_W","Defend_W","Negative_Energy_Arrows+1","Bone_Wall+1","Death_March_Dance","Blood_Shield","All Out Attack","Deadly Poison","Acid_Javelin+1","Bone_Armor+1","Negative_Energy_Javelin","Negative_Energy_Shield+1","Siphon_Strength","Bone_Bullets+1","Summon_Undead_Army+1","Siphon_Strength","Skeleton_Dragon+1","Bone_Prison","Consume_Illness","Finger_Of_Death+1","Uncharnel","Slay_Living+1","Stop_Heart","Summon_Vampire_Lady+1","Plague_Bolt","Summon_Undead_Army+1","Bone_Armor+1","Plague_Bolt+1","Violent_Necrosis+1","Summon_Undead_Army+1","Bone_Prison","Toxic_Smoke_Screen+1","Spectral_Walk+1"],"relics":["Vampire_Amulet","Meat on the Bone","Replay:Arrowhead","Pondfish Scales","Question Card","energizedSpire:OgreHead","downfall:HeartBlessingGreen","Enchiridion","Letter Opener","downfall:HeartBlessingBlue","aspiration:StickyExplosives_weak","Bronze Scales","DemoMod:WeirdEgg","DemoMod:RiddleOfLead","downfall:HeartBlessingRed","Orichalcum","StuffTheSpire:Gunfinga","Lantern","Eternal Feather","Dream Catcher","aspiration:SeaSaltIceCream","Circlet","Replay:Bottled Steam"],"acts_visited":["Exordium","TheCity","TheBeyond","TheEnding"],"potions_floor_usage":[12,26,27,33,36,48,48,55],"damage_taken":[{"damage":0.0,"enemies":"2 Louse","floor":2.0,"turns":2.0},{"damage":3,"enemies":"Small Slimes","floor":3,"turns":4},{"damage":0,"enemies":"Jaw Worm","floor":5,"turns":4},{"damage":17,"enemies":"Lagavulin","floor":6,"turns":7},{"damage":2,"enemies":"Blue Slaver","floor":8,"turns":4},{"damage":10,"enemies":"Exordium Wildlife","floor":9,"turns":5},{"damage":2,"enemies":"Red Slaver","floor":11,"turns":4},{"damage":2,"enemies":"Replay:BlueRogue","floor":12,"turns":6},{"damage":3,"enemies":"Gremlin Nob","floor":14,"turns":3},{"damage":2,"enemies":"Blue Slaver","floor":15,"turns":3},{"damage":10,"enemies":"downfall:Silent","floor":16,"turns":8},{"damage":0,"enemies":"Chosen","floor":19,"turns":4},{"damage":2,"enemies":"Shell Parasite","floor":23,"turns":3},{"damage":4,"enemies":"Gremlin Leader","floor":26,"turns":5},{"damage":44,"enemies":"Centurion and Healer","floor":27,"turns":3},{"damage":2,"enemies":"downfall:FleeingMerchant","floor":28,"turns":4},{"damage":16,"enemies":"Shelled Parasite and Fungi","floor":30,"turns":4},{"damage":23,"enemies":"Sentry and Sphere","floor":31,"turns":4},{"damage":21,"enemies":"Centurion and Healer","floor":32,"turns":5},{"damage":7,"enemies":"downfall:Defect","floor":33,"turns":6},{"damage":44,"enemies":"3 Shapes","floor":36,"turns":5},{"damage":9,"enemies":"3 Darklings","floor":37,"turns":6},{"damage":36,"enemies":"downfall:FleeingMerchant","floor":39,"turns":4},{"damage":28,"enemies":"Spire Growth","floor":40,"turns":5},{"damage":14,"enemies":"R_Hoarder","floor":43,"turns":6},{"damage":20,"enemies":"Giant Head","floor":45,"turns":8},{"damage":18,"enemies":"Sphere and 2 Shapes","floor":48,"turns":3},{"damage":23,"enemies":"Jaw Worm Horde","floor":49,"turns":3},{"damage":1,"enemies":"downfall:Watcher","floor":50,"turns":6},{"damage":46,"enemies":"downfall:CharBossMerchant","floor":52,"turns":7},{"damage":108,"enemies":"downfall:NeowBoss","floor":55,"turns":28}],"seed_played":"3024631953398367603","potions_obtained":[{"floor":2.0,"key":"Swift Potion"},{"floor":5,"key":"Adrenaline Potion"},{"floor":6,"key":"Weak Potion"},{"floor":9,"key":"Toxic Potion"},{"floor":16,"key":"Explosive Potion"},{"floor":27,"key":"Dexterity Potion"},{"floor":31,"key":"Guardian:BlockOnCardUsePotion"},{"floor":33,"key":"Fire Potion"},{"floor":37,"key":"Block Potion"},{"floor":38,"key":"Adrenaline Potion"},{"floor":52,"key":"Adrenaline Potion"}],"is_trial":false,"path_per_floor":["R","M","M","?","M","E","T","M","M","R","M","E","?","E","M","B",null,"R","M","?","T","?","M","T","R","E","M","$","?","M","M","M","B",null,"R","M","M","?","$","M","T","R","E","R","E","?","$","M","M","B",null,"E","$","R","B",null],"character_chosen":"NECROMANCER","items_purchased":["Bronze Scales","Slay_Living","Orichalcum","aspiration:SeaSaltIceCream","Bone_Prison"],"campfire_rested":0,"item_purchase_floors":[28,28,39,47,47],"current_hp_per_floor":[50,54,55,55,57,42,42,42,48,48,48,48,48,47,47,39,66,66,68,52,52,52,61,61,71,77,49,59,59,50,46,44,54,95,95,66,74,74,49,38,38,38,41,41,53,53,53,56,48,64,87,64,64,82,54],"gold":14,"neow_bonus":"REMOVE_TWO","is_daily":false,"chose_seed":false,"campfire_upgraded":13,"win_rate":0.0,"timestamp":1608897866,"path_taken":["R","M","M","?","M","E","T","M","M","R","M","E","?","E","M","BOSS","R","M","?","?","?","?","T","R","E","M","?","?","M","M","M","BOSS","R","M","M","?","?","M","T","R","E","R","E","?","$","?","M","BOSS","E","$","R","BOSS"],"items_purchased_type":["Relic","Card","Relic","Relic","Card"],"build_version":"2020-12-22","purchased_purges":2,"victory":true,"max_hp_per_floor":[75,75,75,75,75,75,75,75,75,75,75,75,75,75,75,75,75,75,75,75,75,75,75,75,85,85,85,85,85,85,85,85,85,95,95,95,95,95,95,95,95,95,95,95,95,95,95,95,95,95,95,95,95,95,95],"card_choices":[{"not_picked":["Vampiric_Strike","Bone_Armory"],"picked":"Death_March_Dance","floor":2.0},{"not_picked":["Whirlwind_of_Bones","Death_March_Dance"],"picked":"Blood_Shield","floor":3},{"not_picked":["Finger_Of_Death","Consume_Illness"],"picked":"Acid_Javelin","floor":5},{"not_picked":["Summon_Lich","Scare"],"picked":"Bone_Armor","floor":6},{"not_picked":["Negative_Energy_Burst","Bone_Shift"],"picked":"Negative_Energy_Javelin","floor":8},{"not_picked":["Scare","Blood_Curse"],"picked":"Negative_Energy_Shield","floor":9},{"not_picked":["Epidemic","Summon_Undead_Army"],"picked":"Siphon_Strength","floor":11},{"not_picked":["Bone_Spikes","Stop_Heart"],"picked":"Bone_Bullets","floor":12},{"not_picked":["Necromantic_Selection","Bone_Shift"],"picked":"Summon_Undead_Army","floor":14},{"not_picked":["Bone_Spikes","Consume_Illness","Thousand_Bone_Knives"],"picked":"Siphon_Strength","floor":15},{"not_picked":["Summon_Vampire_Lady","Summon_Death_Knight","Grasp_Heart"],"picked":"Skeleton_Dragon","floor":16},{"not_picked":["Necromantic_Selection","Bone_Shift+1","Necrotic_Claws"],"picked":"Bone_Prison","floor":19},{"not_picked":["Blood_Whip","Bone_Armor","Vampiric_Strike+1"],"picked":"Consume_Illness","floor":23},{"not_picked":["Blood_Curse","Scare","Bone_Spikes+1"],"picked":"Finger_Of_Death+1","floor":26},{"not_picked":["Scare+1","Epidemic","Life_Tap"],"picked":"Uncharnel","floor":27},{"not_picked":["Hellfire","Life_Drain","Necrotic_Claws","Life_Tap"],"picked":"SKIP","floor":28},{"not_picked":["Negative_Energy_Sphere+1","Bone_Armor+1","Negative_Energy_Shield","Blood_Curse"],"picked":"SKIP","floor":30},{"not_picked":["Scare","Death_March_Dance","Vampiric_Strike"],"picked":"Stop_Heart","floor":31},{"not_picked":["Vampiric_Strike","Death_Coil","Shackles_Of_Pain","Scare"],"picked":"SKIP","floor":32},{"not_picked":["Skeleton_Dragon","Hellfire","Grasp_Heart"],"picked":"Summon_Vampire_Lady","floor":33},{"not_picked":["Blood_Curse+1","Vampiric_Strike","Death_Coil+1"],"picked":"Plague_Bolt","floor":36},{"not_picked":["Scare","Vampiric_Strike+1","Bones_to_Steel"],"picked":"Summon_Undead_Army","floor":37},{"not_picked":["Negative_Energy_Javelin+1","Whirlwind_of_Bones","Bone_Bullets+1"],"picked":"Bone_Armor+1","floor":39},{"not_picked":["Scare+1","Deaths_Shadow","Shackles_Of_Pain+1"],"picked":"Plague_Bolt+1","floor":40},{"not_picked":["Death_Coil+1","Death_March_Dance","Strike_from_Beyond"],"picked":"Violent_Necrosis","floor":43},{"not_picked":["Negative_Energy_Shield+1","Blood_Wake","Negative_Energy_Mist"],"picked":"Summon_Undead_Army+1","floor":45},{"not_picked":["Negative_Energy_Mist","Blood_Shield+1","Uncharnel+1"],"picked":"Toxic_Smoke_Screen","floor":48},{"not_picked":["Death_Knell","Finger_Of_Death","Negative_Energy_Sphere","Negative_Energy_Mist+1"],"picked":"SKIP","floor":49},{"not_picked":["Toxic_Smoke_Screen","Death_Coil","Negative_Energy_Sphere+1"],"picked":"Spectral_Walk+1","floor":52}],"player_experience":578391,"relics_obtained":[{"floor":6,"key":"Meat on the Bone"},{"floor":7,"key":"Replay:Arrowhead"},{"floor":12,"key":"Pondfish Scales"},{"floor":14,"key":"Question Card"},{"floor":20,"key":"Enchiridion"},{"floor":24,"key":"Letter Opener"},{"floor":26,"key":"aspiration:StickyExplosives_weak"},{"floor":41,"key":"StuffTheSpire:Gunfinga"},{"floor":43,"key":"Lantern"},{"floor":45,"key":"Eternal Feather"},{"floor":46,"key":"Dream Catcher"},{"floor":52,"key":"Replay:Bottled Steam"}],"event_choices":[{"damage_healed":0,"gold_gain":0,"player_choice":"Got Potions","damage_taken":0,"max_hp_gain":0,"max_hp_loss":0,"event_name":"Lab","floor":38,"gold_loss":0}],"is_beta":false,"boss_relics":[{"not_picked":["aspiration:SecretTechniqueScroll","aspiration:RitualDagger"],"picked":"energizedSpire:OgreHead"},{"not_picked":["Honey Jar","aspiration:SilentSkillbook"],"picked":"DemoMod:RiddleOfLead"}],"items_purged_floors":[39,53],"is_endless":false,"potions_floor_spawned":[2,5,6,9,16,23,27,31,33,37,40,43,52],"ascension_level":6}}