{"host":"u94b8se4p65mmtuf","time":1608864327,"event":{"mods":["BaseMod","Downfall","Hubris","Infinite Spire","Jorbs\u0027s Wanderer Trilogy","Minty Spire (QoL Compilation)","Replay The Spire","StSLib","SuperFastMode","The Animator","The Jungle"],"gold_per_floor":[119,37,37,37,50,84,97,97,97,124,124,152,211,231,231,276,276],"floor_reached":16,"playtime":751,"items_purged":[],"score":135,"play_id":"45d73b90-a079-4548-bf79-3b8ad0808267","local_time":"20201224214527","is_ascension_mode":false,"campfire_choices":[{"data":"animator:Pride","floor":11,"key":"SMITH"}],"circlet_count":0,"master_deck":["animator:Strike_Konosuba+1","animator:Defend_Konosuba","animator:Strike","animator:Strike","animator:Strike+1","animator:Defend","animator:Defend","animator:Defend","animator:Kazuma","animator:ElricEdward","animator:RoyMustang","animator:MaesHughes","animator:Pride+1"],"relics":["animator:LivingPicture","animator:TheMissingPiece","animator:PurgingStone","ReplayTheSpireMod:Ring of Addiction","ReplayTheSpireMod:Ring of Challenge","hubris:EmptyBottle","White Beast Statue","Boot","hubris:Towel","hubris:SphereOfDissonance","Potion Belt","hubris:BundleOfHerbs","Simple Rune"],"acts_visited":["Exordium"],"potions_floor_usage":[6,6,6,6,12,12,13,13,13,16,16,16],"damage_taken":[{"damage":6,"enemies":"Small Slimes","floor":1,"turns":4},{"damage":2,"enemies":"2 Louse","floor":5,"turns":2},{"damage":17,"enemies":"3 Sentries","floor":6,"turns":7},{"damage":7,"enemies":"Cultist","floor":7,"turns":4},{"damage":0,"enemies":"Gremlin Nob","floor":12,"turns":3},{"damage":2,"enemies":"Large Slime","floor":13,"turns":6},{"damage":0,"enemies":"Blue Slaver","floor":14,"turns":4},{"damage":48,"enemies":"The Guardian","floor":16,"turns":6}],"seed_played":"927453506975362","potions_obtained":[{"floor":3,"key":"ColorlessPotion"},{"floor":3,"key":"Dexterity Potion"},{"floor":3,"key":"Swift Potion"},{"floor":6,"key":"Swift Potion"},{"floor":7,"key":"sneckomod:MuddlingPotion"},{"floor":12,"key":"Strength Potion"},{"floor":13,"key":"FearPotion"},{"floor":14,"key":"SmokeBomb"}],"is_trial":false,"path_per_floor":["M","$","?","?","M","E","M","?","T","T","R","E","M","M","R","B"],"character_chosen":"THE_ANIMATOR","items_purchased":["animator:RoyMustang"],"campfire_rested":0,"item_purchase_floors":[2],"current_hp_per_floor":[66,66,66,72,70,53,46,46,46,46,46,46,44,44,44,0,0],"gold":276,"neow_bonus":"TEN_PERCENT_HP_BONUS","is_daily":false,"chose_seed":false,"campfire_upgraded":1,"win_rate":0.0,"timestamp":1608864327,"path_taken":["M","$","?","?","M","E","?","?","T","?","R","E","M","M","R","BOSS"],"items_purchased_type":["Card"],"build_version":"2020-12-22","purchased_purges":0,"victory":false,"max_hp_per_floor":[72,72,72,72,72,72,72,72,72,70,70,70,70,70,70,70,70],"card_choices":[{"not_picked":["animator:Hakurou","animator:Genos"],"picked":"animator:ElricEdward","floor":1},{"not_picked":["animator:Archer","animator:NagisaMomoe"],"picked":"animator:MaesHughes","floor":5},{"not_picked":["animator:Assassin","animator:SilverFang","animator:GazelDwargon"],"picked":"SKIP","floor":6},{"not_picked":["animator:Sloth","animator:Gluttony"],"picked":"animator:Pride","floor":7},{"not_picked":["animator:Tatsumaki","animator:Illya","animator:Spearman"],"picked":"SKIP","floor":12},{"not_picked":["animator:DolaCouronne","animator:EmiyaShirou","animator:DwarfShaman"],"picked":"SKIP","floor":13},{"not_picked":["animator:KyokoSakura","animator:Millim","animator:ShinjiMatou"],"picked":"SKIP","floor":14}],"player_experience":101416,"relics_obtained":[{"floor":3,"key":"ReplayTheSpireMod:Ring of Addiction"},{"floor":3,"key":"ReplayTheSpireMod:Ring of Challenge"},{"floor":3,"key":"hubris:EmptyBottle"},{"floor":3,"key":"White Beast Statue"},{"floor":6,"key":"Boot"},{"floor":9,"key":"hubris:SphereOfDissonance"},{"floor":10,"key":"Potion Belt"},{"floor":12,"key":"hubris:BundleOfHerbs"}],"event_choices":[{"cards_removed":["animator:Aqua"],"damage_healed":6,"gold_gain":0,"player_choice":"Offered Uncommon","damage_taken":0,"max_hp_gain":0,"max_hp_loss":0,"event_name":"Bonfire Elementals","floor":4,"gold_loss":0},{"damage_healed":0,"gold_gain":0,"player_choice":"Gave Potion","damage_taken":0,"relics_obtained":["Simple Rune"],"max_hp_gain":0,"max_hp_loss":0,"event_name":"WeMeetAgain","floor":15,"gold_loss":0}],"is_beta":false,"boss_relics":[],"items_purged_floors":[],"is_endless":false,"potions_floor_spawned":[5,6,7,12,13,14],"killed_by":"The Guardian","ascension_level":0}}