{"host":"3a1ypf1irl30q4k8","time":1608910312,"event":{"mods":["AchievementEnabler","BaseMod","Bestiary","Colored Map","Minty Spire (QoL Compilation)","Relic Stats"],"gold_per_floor":[115,126,139,157,157,171,171,48,48,60,74,105,116,38,38,38,38],"floor_reached":16,"playtime":802,"items_purged":["Strike_B"],"score":164,"play_id":"597a35cd-998a-478a-97cb-b99a9dd4c595","local_time":"20201225153152","is_ascension_mode":true,"campfire_choices":[{"data":"Turbo","floor":7,"key":"SMITH"},{"floor":15,"key":"REST"}],"circlet_count":0,"master_deck":["AscendersBane","Strike_B","Strike_B","Defend_B","Defend_B","Defend_B","Defend_B","Zap","Dualcast","Conserve Battery","Conserve Battery","Coolheaded","Cold Snap","Turbo+1","Coolheaded","Auto Shields","Redo","Biased Cognition","Cold Snap","Defragment"],"relics":["Cracked Core","Symbiotic Virus","Matryoshka"],"acts_visited":["Exordium"],"potions_floor_usage":[6,12,13],"damage_taken":[{"damage":3,"enemies":"Jaw Worm","floor":1,"turns":4},{"damage":4,"enemies":"Cultist","floor":2,"turns":4},{"damage":1,"enemies":"2 Louse","floor":3,"turns":3},{"damage":3,"enemies":"Blue Slaver","floor":4,"turns":5},{"damage":20,"enemies":"Lots of Slimes","floor":6,"turns":8},{"damage":11,"enemies":"3 Louse","floor":10,"turns":4},{"damage":0,"enemies":"2 Fungi Beasts","floor":11,"turns":5},{"damage":27,"enemies":"Lagavulin","floor":12,"turns":8},{"damage":0,"enemies":"Looter","floor":13,"turns":3},{"damage":36,"enemies":"Hexaghost","floor":16,"turns":14}],"seed_played":"5403614355193952210","potions_obtained":[{"floor":1,"key":"Dexterity Potion"},{"floor":4,"key":"Ancient Potion"},{"floor":11,"key":"DistilledChaos"},{"floor":12,"key":"SkillPotion"},{"floor":13,"key":"FearPotion"}],"is_trial":false,"path_per_floor":["M","M","M","M","?","M","R","$","T","M","M","E","M","$","R","B"],"character_chosen":"DEFECT","items_purchased":["Coolheaded","Defragment"],"campfire_rested":1,"item_purchase_floors":[8,14],"current_hp_per_floor":[72,68,67,64,64,44,44,44,44,33,33,6,6,6,30,0,0],"gold":38,"neow_bonus":"TEN_PERCENT_HP_BONUS","is_daily":false,"chose_seed":false,"campfire_upgraded":1,"win_rate":0.0,"timestamp":1608910312,"path_taken":["M","M","M","M","?","M","R","$","T","M","M","E","M","$","R","BOSS"],"items_purchased_type":["Card","Card"],"build_version":"2020-12-22","purchased_purges":1,"victory":false,"max_hp_per_floor":[82,82,82,82,82,82,82,82,82,82,82,82,82,82,82,82,82],"relic_stats":{"counters":[10,58],"obtain_stats":[{"Matryoshka":12,"Cracked Core":0,"Symbiotic Virus":9},{"Matryoshka":8,"Cracked Core":0,"Symbiotic Virus":5},{"Matryoshka":41,"Cracked Core":0,"Symbiotic Virus":24}]},"card_choices":[{"not_picked":["Chill","Skim"],"picked":"Conserve Battery","floor":1},{"not_picked":["Gash","Streamline"],"picked":"Conserve Battery","floor":2},{"not_picked":["Hologram","Beam Cell"],"picked":"Coolheaded","floor":3},{"not_picked":["Beam Cell","Redo"],"picked":"Cold Snap","floor":4},{"not_picked":["Gash","FTL"],"picked":"Turbo","floor":6},{"not_picked":["Hologram","Stack"],"picked":"Auto Shields","floor":10},{"not_picked":["Skim","FTL"],"picked":"Redo","floor":11},{"not_picked":["Conserve Battery","Barrage"],"picked":"Biased Cognition","floor":12},{"not_picked":["Turbo","Ball Lightning"],"picked":"Cold Snap","floor":13}],"player_experience":888511,"relics_obtained":[{"floor":9,"key":"Symbiotic Virus"},{"floor":12,"key":"Matryoshka"}],"event_choices":[{"cards_removed":["Strike_B"],"damage_healed":0,"gold_gain":0,"player_choice":"Offered Basic","damage_taken":0,"max_hp_gain":0,"max_hp_loss":0,"event_name":"Bonfire Elementals","floor":5,"gold_loss":0}],"is_beta":false,"boss_relics":[],"items_purged_floors":[8],"is_endless":false,"potions_floor_spawned":[1,4,11,12,13],"killed_by":"Hexaghost","ascension_level":11}}