{"host":"2461dio7vetlq1z3","time":1608914598,"event":{"mods":["2.2 Compatiblity","AchievementEnabler","Aspiration","BaseMod","Better Third Choice","Hermit","Minty Spire (QoL Compilation)","Relic Stats","Spicy Shops","StSLib","The Runesmith","Waifu the Spire"],"gold_per_floor":[119,44,44,44,62,62,88,88,115,131,148,59,93,108,108,184,184,195,209,209,209,226,226,236,268,268,296,296,312,312,324,324,398,398,418,418,145,161,161,161,194,212,267,296,296,42,67,87,87,87,87,87,87,28,57,57],"floor_reached":57,"playtime":3950,"items_purged":["Strike_R","Parasite"],"score":2795,"play_id":"78008a8f-bef2-4005-9a87-b6d11e7bf95a","local_time":"20201225174318","is_ascension_mode":true,"campfire_choices":[{"data":"Dual Wield","floor":6,"key":"SMITH"},{"data":"Blood for Blood","floor":8,"key":"SMITH"},{"floor":15,"key":"REST"},{"data":"Fiend Fire","floor":23,"key":"SMITH"},{"data":"RitualDagger","floor":28,"key":"SMITH"},{"floor":30,"key":"REST"},{"data":"Disarm","floor":32,"key":"SMITH"},{"floor":40,"key":"REST"},{"floor":49,"key":"RECALL"},{"floor":53,"key":"REST"}],"circlet_count":0,"master_deck":["AscendersBane","Strike_R+1","Defend_R","Defend_R","Defend_R","Bash+1","Reckless Charge+1","Battle Trance+1","Bloodletting+1","Armaments+1","Dual Wield+1","Blood for Blood+1","Headbutt","Flame Barrier","Feel No Pain+1","Second Wind","Fiend Fire+1","Reckless Charge+1","Shrug It Off","RitualDagger+1","Disarm+1","Feel No Pain+1","Inflame+1","Burning Pact+1","Dropkick","Flame Barrier+1","Fire Breathing+1","Impervious+1","Warcry+1","Dark Embrace+1","Flame Barrier+1","Double Tap+1","Fire Breathing+1","Dual Wield+1","Fiend Fire","Inflame+1","Deep Breath+1","Battle Trance+1","Dark Embrace+1","Entrench+1","Burning Pact+1","Inflame+1"],"relics":["Astrolabe","Frozen Egg 2","aspiration:Lifesprig","Dream Catcher","Runic Pyramid","Potion Belt","Toy Ornithopter","Toxic Egg 2","Philosopher\u0027s Stone","Anchor","aspiration:FrozenJewel","Centennial Puzzle","Membership Card","Prayer Wheel","Mercury Hourglass"],"acts_visited":["Exordium","TheCity","TheBeyond","TheEnding"],"potions_floor_usage":[7,19,24,27,33,38,44,50,50],"damage_taken":[{"damage":5,"enemies":"2 Louse","floor":1,"turns":2},{"damage":0,"enemies":"Cultist","floor":5,"turns":2},{"damage":16,"enemies":"Lagavulin","floor":7,"turns":4},{"damage":5,"enemies":"Small Slimes","floor":10,"turns":3},{"damage":0,"enemies":"2 Fungi Beasts","floor":11,"turns":3},{"damage":3,"enemies":"Gremlin Nob","floor":13,"turns":2},{"damage":6,"enemies":"Exordium Thugs","floor":14,"turns":3},{"damage":14,"enemies":"Hexaghost","floor":16,"turns":6},{"damage":11,"enemies":"Shell Parasite","floor":18,"turns":5},{"damage":17,"enemies":"2 Thieves","floor":19,"turns":3},{"damage":8,"enemies":"Cultist and Chosen","floor":22,"turns":7},{"damage":13,"enemies":"Shelled Parasite and Fungi","floor":24,"turns":4},{"damage":2,"enemies":"Book of Stabbing","floor":25,"turns":6},{"damage":18,"enemies":"Gremlin Leader","floor":27,"turns":4},{"damage":12,"enemies":"Centurion and Healer","floor":29,"turns":3},{"damage":5,"enemies":"Snake Plant","floor":31,"turns":4},{"damage":17,"enemies":"Collector","floor":33,"turns":6},{"damage":50,"enemies":"3 Darklings","floor":35,"turns":6},{"damage":0,"enemies":"Orb Walker","floor":38,"turns":2},{"damage":12,"enemies":"Nemesis","floor":41,"turns":5},{"damage":3,"enemies":"Writhing Mass","floor":42,"turns":6},{"damage":10,"enemies":"Giant Head","floor":44,"turns":7},{"damage":0,"enemies":"Mind Bloom Boss Battle","floor":47,"turns":3},{"damage":0,"enemies":"Spire Growth","floor":48,"turns":3},{"damage":44,"enemies":"Awakened One","floor":50,"turns":9},{"damage":0,"enemies":"Time Eater","floor":51,"turns":9},{"damage":36,"enemies":"Shield and Spear","floor":55,"turns":8},{"damage":33,"enemies":"The Heart","floor":56,"turns":9}],"seed_played":"351860461375432429","potions_obtained":[{"floor":5,"key":"Dexterity Potion"},{"floor":10,"key":"BlessingOfTheForge"},{"floor":13,"key":"SmokeBomb"},{"floor":16,"key":"Weak Potion"},{"floor":24,"key":"Explosive Potion"},{"floor":25,"key":"FearPotion"},{"floor":29,"key":"Swift Potion"},{"floor":33,"key":"BloodPotion"},{"floor":35,"key":"Fire Potion"},{"floor":38,"key":"Block Potion"},{"floor":47,"key":"Weak Potion"}],"is_trial":false,"path_per_floor":["M","?","?","?","M","R","E","R","T","M","M","$","E","M","R","B",null,"M","M","?","?","M","R","M","E","T","E","R","M","R","M","R","B",null,"M","?","$","M","?","R","E","M","T","E","?","$","?","M","R","B","B",null,"R","$","E","B",null],"character_chosen":"IRONCLAD","items_purchased":["Feel No Pain+1","Dark Embrace+1","Anchor","Inflame+1","Membership Card","Deep Breath+1","Burning Pact+1","Inflame+1"],"campfire_rested":4,"item_purchase_floors":[12,37,37,46,46,46,54,54],"current_hp_per_floor":[63,63,40,40,40,40,24,24,24,19,19,19,16,10,32,18,61,50,33,27,75,67,67,54,52,52,39,39,27,49,44,44,32,64,14,14,14,34,34,56,44,41,41,36,40,40,40,40,40,6,6,56,72,72,36,3],"gold":57,"neow_bonus":"BOSS_RELIC","is_daily":false,"chose_seed":false,"campfire_upgraded":5,"win_rate":0.0,"timestamp":1608914598,"path_taken":["M","?","?","?","?","R","E","R","T","M","M","$","E","M","R","BOSS","M","M","?","?","M","R","M","E","T","E","R","M","R","?","R","BOSS","M","?","$","M","?","R","E","M","T","E","?","$","?","M","R","BOSS","BOSS","R","$","E","BOSS"],"items_purchased_type":["Card","Card","Relic","Card","Relic","Card","Card","Card"],"build_version":"2020-12-22","purchased_purges":2,"victory":true,"max_hp_per_floor":[75,75,75,75,75,75,75,75,75,75,75,75,75,75,75,75,75,75,75,75,75,75,75,75,75,75,75,75,75,75,75,75,75,75,75,75,75,75,75,75,75,75,75,75,75,72,72,72,72,72,72,72,72,72,72,72],"relic_stats":{"Dream Catcher":4,"Centennial Puzzle":[7],"counters":[28,134],"Astrolabe":["Reckless Charge","Battle Trance","Bloodletting"],"Prayer Wheel":1,"obtain_stats":[{"Potion Belt":25,"aspiration:Lifesprig":9,"Astrolabe":0,"Frozen Egg 2":7,"Burning Blood":0,"aspiration:FrozenJewel":41,"Mercury Hourglass":55,"Dream Catcher":13,"Anchor":37,"Centennial Puzzle":44,"Philosopher\u0027s Stone":34,"Prayer Wheel":47,"Membership Card":46,"Toxic Egg 2":27,"Toy Ornithopter":26,"Runic Pyramid":17},{"Potion Belt":13,"aspiration:Lifesprig":3,"Astrolabe":0,"Frozen Egg 2":3,"Burning Blood":0,"aspiration:FrozenJewel":20,"Mercury Hourglass":27,"Dream Catcher":6,"Anchor":18,"Centennial Puzzle":22,"Philosopher\u0027s Stone":17,"Prayer Wheel":23,"Membership Card":22,"Toxic Egg 2":14,"Toy Ornithopter":13,"Runic Pyramid":8},{"Potion Belt":50,"aspiration:Lifesprig":8,"Astrolabe":0,"Frozen Egg 2":8,"Burning Blood":0,"aspiration:FrozenJewel":80,"Mercury Hourglass":125,"Dream Catcher":16,"Anchor":73,"Centennial Puzzle":93,"Philosopher\u0027s Stone":67,"Prayer Wheel":96,"Membership Card":93,"Toxic Egg 2":54,"Toy Ornithopter":50,"Runic Pyramid":25}],"Toy Ornithopter":30,"Mercury Hourglass":[27]},"card_choices":[{"not_picked":["Havoc","Twin Strike"],"picked":"Armaments","floor":1},{"not_picked":["Reckless Charge","Warcry"],"picked":"Dual Wield","floor":5},{"not_picked":["Sentinel","Dual Wield"],"picked":"Blood for Blood","floor":7},{"not_picked":["Havoc","Warcry"],"picked":"Headbutt","floor":10},{"not_picked":["Thunderclap","Infernal Blade"],"picked":"Flame Barrier","floor":11},{"not_picked":["Hemokinesis","Berserk+1"],"picked":"Second Wind","floor":13},{"not_picked":["Dual Wield","Clothesline","Flex"],"picked":"SKIP","floor":14},{"not_picked":["Pommel Strike","True Grit"],"picked":"Evolve+1","floor":15},{"not_picked":["Double Tap","Exhume"],"picked":"Fiend Fire","floor":16},{"not_picked":["Headbutt","Pommel Strike"],"picked":"Reckless Charge+1","floor":18},{"not_picked":["Clothesline","Warcry+1"],"picked":"Shrug It Off","floor":19},{"not_picked":["Havoc","Flex"],"picked":"Disarm","floor":22},{"not_picked":["Iron Wave","Clash"],"picked":"Feel No Pain+1","floor":24},{"not_picked":["Rage","Wild Strike"],"picked":"Inflame+1","floor":25},{"not_picked":["Reaper","Reckless Charge"],"picked":"Burning Pact+1","floor":27},{"not_picked":["Rupture+1","Thunderclap"],"picked":"Dropkick","floor":29},{"not_picked":["Twin Strike","Headbutt"],"picked":"Flame Barrier+1","floor":30},{"not_picked":["Wild Strike","Infernal Blade+1"],"picked":"Fire Breathing+1","floor":31},{"not_picked":["Reaper","Immolate"],"picked":"Impervious+1","floor":33},{"not_picked":["Havoc+1","Armaments+1"],"picked":"Warcry+1","floor":35},{"not_picked":["Rupture+1","Combust+1"],"picked":"Flame Barrier+1","floor":38},{"not_picked":["Havoc+1","Dropkick"],"picked":"Double Tap+1","floor":40},{"not_picked":["Shrug It Off+1","Body Slam"],"picked":"Fire Breathing+1","floor":41},{"not_picked":["Shrug It Off+1","Hemokinesis"],"picked":"Dual Wield+1","floor":42},{"not_picked":["Clothesline+1","Cleave"],"picked":"Fiend Fire","floor":44},{"not_picked":["Clash","Clothesline+1"],"picked":"Battle Trance+1","floor":47},{"not_picked":["Thunderclap","Perfected Strike"],"picked":"Dark Embrace+1","floor":48},{"not_picked":["Dual Wield+1","Uppercut","Flame Barrier+1"],"picked":"SKIP","floor":48},{"not_picked":["Clash","Pommel Strike"],"picked":"Entrench+1","floor":53},{"not_picked":["Pommel Strike","Heavy Blade+1","Clothesline"],"picked":"SKIP","floor":55}],"player_experience":940872,"relics_obtained":[{"floor":7,"key":"Frozen Egg 2"},{"floor":9,"key":"aspiration:Lifesprig"},{"floor":13,"key":"Dream Catcher"},{"floor":25,"key":"Potion Belt"},{"floor":26,"key":"Toy Ornithopter"},{"floor":27,"key":"Toxic Egg 2"},{"floor":41,"key":"aspiration:FrozenJewel"},{"floor":44,"key":"Centennial Puzzle"},{"floor":47,"key":"Prayer Wheel"},{"floor":55,"key":"Mercury Hourglass"}],"event_choices":[{"cards_removed":["Strike_R"],"damage_healed":0,"gold_gain":0,"player_choice":"Card Removal","damage_taken":0,"max_hp_gain":0,"max_hp_loss":0,"event_name":"The Cleric","floor":2,"gold_loss":75},{"damage_healed":63,"gold_gain":0,"player_choice":"Upgrade","damage_taken":23,"max_hp_gain":0,"max_hp_loss":75,"event_name":"betterThird:BetterShining","floor":3,"gold_loss":0,"cards_upgraded":["Bash","Strike_R"]},{"damage_healed":0,"gold_gain":0,"player_choice":"Forge","damage_taken":0,"max_hp_gain":0,"max_hp_loss":0,"event_name":"Accursed Blacksmith","floor":4,"gold_loss":0,"cards_upgraded":["Armaments"]},{"damage_healed":0,"gold_gain":0,"player_choice":"Dagger","damage_taken":6,"max_hp_gain":0,"max_hp_loss":0,"event_name":"betterThird:BetterNest","floor":20,"gold_loss":0,"cards_obtained":["RitualDagger"]},{"cards_removed":["Evolve"],"damage_healed":48,"gold_gain":0,"player_choice":"Offered Uncommon","damage_taken":0,"max_hp_gain":0,"max_hp_loss":0,"event_name":"Bonfire Elementals","floor":21,"gold_loss":0},{"damage_healed":0,"gold_gain":0,"player_choice":"Ignored","damage_taken":0,"max_hp_gain":0,"max_hp_loss":0,"event_name":"Tomb of Lord Red Mask","floor":36,"gold_loss":0},{"damage_healed":0,"gold_gain":0,"player_choice":"Ignored","damage_taken":0,"max_hp_gain":0,"max_hp_loss":0,"event_name":"Mysterious Sphere","floor":39,"gold_loss":0},{"damage_healed":0,"gold_gain":0,"player_choice":"Fight","damage_taken":0,"max_hp_gain":0,"max_hp_loss":0,"event_name":"MindBloom","floor":47,"gold_loss":0}],"is_beta":false,"boss_relics":[{"not_picked":["Pandora\u0027s Box","Runic Cube"],"picked":"Runic Pyramid"},{"not_picked":["Runic Dome","Snecko Eye"],"picked":"Philosopher\u0027s Stone"}],"items_purged_floors":[37,46],"is_endless":false,"potions_floor_spawned":[5,10,13,16,24,25,29,33,35,38,47],"ascension_level":20}}