{"host":"thn8o1tmql8xszd5","time":1608863458,"event":{"mods":["AchievementEnabler","Act Like it!","BaseMod","Block Reminder","Colored Map","DeckTracker","Gensokyo","Highlight Path","Minty Spire (QoL Compilation)","Permanent Neow","Quick Restart","Relic Stats","Robot Space Explorer","StSLib","The Animator","The Blue Laboratory"],"gold_per_floor":[115,134,148,78,3,3,15,31,78,178,178,207,207,222,222,324,374,386,266,266,276,276,308,328,328,328,348,348,364,364,364],"floor_reached":30,"playtime":2320,"items_purged":["RobotSpaceExplorer:Strike"],"score":351,"play_id":"84b8fd19-a412-4c11-b92c-f671418cdf95","local_time":"20201224213058","is_ascension_mode":true,"campfire_choices":[{"data":"RobotSpaceExplorer:SurgingStrike","floor":6,"key":"SMITH"},{"data":"RobotSpaceExplorer:GearShield","floor":11,"key":"SMITH"},{"data":"RobotSpaceExplorer:Counterblock","floor":15,"key":"SMITH"},{"floor":25,"key":"REST"},{"data":"RobotSpaceExplorer:ShockMissile","floor":28,"key":"SMITH"}],"circlet_count":0,"master_deck":["RobotSpaceExplorer:Strike+1","RobotSpaceExplorer:Defend+1","RobotSpaceExplorer:Defend","RobotSpaceExplorer:Defend","RobotSpaceExplorer:Defend","RobotSpaceExplorer:Scan","RobotSpaceExplorer:MiniLasers+1","RobotSpaceExplorer:LuckyStrike","RobotSpaceExplorer:SurgingStrike+1","RobotSpaceExplorer:Probe+1","RobotSpaceExplorer:MiniDrones+1","RobotSpaceExplorer:GearShield+1","RobotSpaceExplorer:Counterblock+1","RobotSpaceExplorer:ShockMissile+1","RobotSpaceExplorer:SurgingStrike","RobotSpaceExplorer:Jetpack","RobotSpaceExplorer:Autoloader","RobotSpaceExplorer:Smokescreen+1","RobotSpaceExplorer:SurgingShield"],"relics":["RobotSpaceExplorer:RoboCore","Sundial","Tiny House","Gensokyo:DemonMask","Blue Candle","Matryoshka","Ornamental Fan","Ancient Tea Set","Frozen Eye"],"acts_visited":["Exordium","Gensokyo:Gensokyo"],"potions_floor_usage":[12,12,27],"damage_taken":[{"damage":2,"enemies":"Gensokyo:3_Fairies","floor":1,"turns":3},{"damage":0,"enemies":"Gensokyo:Python","floor":2,"turns":2},{"damage":0,"enemies":"Gensokyo:2_Kodama","floor":3,"turns":3},{"damage":1,"enemies":"Gensokyo:2_Rabbits","floor":7,"turns":3},{"damage":0,"enemies":"Gensokyo:Python_and_Kodama","floor":8,"turns":3},{"damage":0,"enemies":"Gensokyo:Cirno","floor":12,"turns":4},{"damage":0,"enemies":"Gensokyo:VengefulSpirit","floor":14,"turns":4},{"damage":16,"enemies":"Gensokyo:Yukari","floor":16,"turns":8},{"damage":4,"enemies":"Gensokyo:2_Gloops","floor":18,"turns":4},{"damage":0,"enemies":"Gensokyo:Chomper","floor":21,"turns":4},{"damage":17,"enemies":"Gensokyo:Tenshi","floor":23,"turns":5},{"damage":34,"enemies":"Gensokyo:3_Gloops","floor":24,"turns":5},{"damage":7,"enemies":"Gensokyo:Slime_Group","floor":27,"turns":4},{"damage":0,"enemies":"Gensokyo:Swordslinger","floor":29,"turns":4},{"damage":47,"enemies":"Gensokyo:Koishi","floor":30,"turns":8}],"seed_played":"6167531650046474069","potions_obtained":[{"floor":2,"key":"blueLaboratory:FruitPunch"},{"floor":3,"key":"AttackPotion"},{"floor":12,"key":"blueLaboratory:NullPotion"},{"floor":17,"key":"Dexterity Potion"},{"floor":23,"key":"blueLaboratory:BubblePotion"},{"floor":27,"key":"blueLaboratory:BottleOfRum"}],"is_trial":false,"path_per_floor":["M","M","M","?","$","R","M","M","T","?","R","E","?","M","R","B",null,"M","?","?","M","T","E","M","R","T","M","R","M","E"],"character_chosen":"RobotSpaceExplorer","items_purchased":[],"campfire_rested":1,"item_purchase_floors":[],"current_hp_per_floor":[66,66,66,66,66,66,65,65,65,65,65,67,67,67,67,51,76,72,72,72,72,72,55,21,45,45,38,38,38,0,0],"gold":364,"neow_bonus":"UPGRADE_CARD","is_daily":false,"chose_seed":false,"campfire_upgraded":4,"win_rate":0.0,"timestamp":1608863458,"path_taken":["M","M","M","?","$","R","M","M","T","?","R","E","?","?","R","BOSS","M","?","?","M","?","E","?","R","T","M","R","M","E"],"items_purchased_type":[],"build_version":"2020-12-22","purchased_purges":1,"victory":false,"max_hp_per_floor":[75,75,75,75,75,75,75,75,75,75,75,77,77,77,77,77,82,82,82,82,82,82,82,82,82,82,82,82,82,82,82],"relic_stats":{"counters":[15,64],"Sundial":[10],"Ornamental Fan":[36],"Blue Candle":[0],"obtain_stats":[{"Gensokyo:DemonMask":19,"Frozen Eye":30,"Tiny House":17,"Matryoshka":23,"Sundial":12,"Ornamental Fan":26,"Bronze Scales":9,"Blue Candle":22,"RobotSpaceExplorer:RoboCore":0,"Ancient Tea Set":26},{"Gensokyo:DemonMask":9,"Frozen Eye":14,"Tiny House":8,"Matryoshka":11,"Sundial":6,"Ornamental Fan":12,"Bronze Scales":5,"Blue Candle":10,"RobotSpaceExplorer:RoboCore":0,"Ancient Tea Set":12},{"Gensokyo:DemonMask":34,"Frozen Eye":56,"Tiny House":30,"Matryoshka":43,"Sundial":18,"Ornamental Fan":48,"Bronze Scales":14,"Blue Candle":38,"RobotSpaceExplorer:RoboCore":0,"Ancient Tea Set":48}]},"card_choices":[{"not_picked":["RobotSpaceExplorer:ExhaustFan","RobotSpaceExplorer:ShockKick"],"picked":"RobotSpaceExplorer:LuckyStrike","floor":1},{"not_picked":["RobotSpaceExplorer:TurboDodge","RobotSpaceExplorer:Discharger"],"picked":"RobotSpaceExplorer:SurgingStrike","floor":2},{"not_picked":["RobotSpaceExplorer:Discharger","RobotSpaceExplorer:Reload"],"picked":"RobotSpaceExplorer:Probe","floor":3},{"not_picked":["RobotSpaceExplorer:ScrapMissile","RobotSpaceExplorer:Ammunition"],"picked":"RobotSpaceExplorer:MiniDrones","floor":7},{"not_picked":["RobotSpaceExplorer:ToxicBomb","RobotSpaceExplorer:SlimeMissile"],"picked":"RobotSpaceExplorer:GearShield","floor":8},{"not_picked":["RobotSpaceExplorer:GlueSpray","RobotSpaceExplorer:PowerGlove","RobotSpaceExplorer:Explosion"],"picked":"SKIP","floor":12},{"not_picked":["RobotSpaceExplorer:ShockKick","RobotSpaceExplorer:PowerGlove"],"picked":"RobotSpaceExplorer:Counterblock","floor":14},{"not_picked":["RobotSpaceExplorer:HighVoltage","RobotSpaceExplorer:ChargingLaser"],"picked":"RobotSpaceExplorer:ShockMissile","floor":16},{"not_picked":["RobotSpaceExplorer:Pulsar","RobotSpaceExplorer:Ammunition"],"picked":"RobotSpaceExplorer:SurgingStrike","floor":17},{"not_picked":["RobotSpaceExplorer:MetalStrike","RobotSpaceExplorer:MiniDrones"],"picked":"RobotSpaceExplorer:Jetpack","floor":18},{"not_picked":["RobotSpaceExplorer:Blitz","RobotSpaceExplorer:SurgingStrike","RobotSpaceExplorer:ScrapMissile"],"picked":"SKIP","floor":21},{"not_picked":["RobotSpaceExplorer:StarDust","RobotSpaceExplorer:Smokescreen"],"picked":"RobotSpaceExplorer:Autoloader","floor":23},{"not_picked":["RobotSpaceExplorer:StunGrenade","RobotSpaceExplorer:MiniDrones"],"picked":"RobotSpaceExplorer:Smokescreen+1","floor":24},{"not_picked":["RobotSpaceExplorer:SurgingStrike","RobotSpaceExplorer:Pulsar+1","RobotSpaceExplorer:MetalStrike"],"picked":"SKIP","floor":27},{"not_picked":["RobotSpaceExplorer:Discharger","RobotSpaceExplorer:ShockKick+1"],"picked":"RobotSpaceExplorer:SurgingShield","floor":29}],"player_experience":703461,"relics_obtained":[{"floor":9,"key":"Bronze Scales"},{"floor":12,"key":"Sundial"},{"floor":22,"key":"Blue Candle"},{"floor":23,"key":"Matryoshka"},{"floor":26,"key":"Ornamental Fan"},{"floor":26,"key":"Ancient Tea Set"}],"event_choices":[],"is_beta":false,"boss_relics":[{"not_picked":["Philosopher\u0027s Stone","Runic Pyramid"],"picked":"Tiny House"}],"items_purged_floors":[5],"is_endless":false,"potions_floor_spawned":[2,3,12,23,27],"killed_by":"Gensokyo:Koishi","ascension_level":6}}