{"host":"7yxt37kap0q16lk4","time":1608918257,"event":{"mods":["2.2 Compatiblity","Act Like it!","BaseMod","Better Third Choice","Better-Laid Plans","Colored Map","Custom Start","Highlight Path","Keyboard Shortcuts","Minty Spire (QoL Compilation)","Quick Restart","Rare Cards Sparkle","Relic Stats","Shop Mod","Slay the Relics Exporter","StSLib","SuperFastMode"],"gold_per_floor":[111,111,128,147,72,101,101,134,157,157,157,169,180,180,180,180,180],"floor_reached":16,"playtime":327,"items_purged":[],"score":220,"play_id":"bda2cffc-4208-4da9-9c96-c10b2ed96451","local_time":"20201226024417","is_ascension_mode":true,"campfire_choices":[{"data":"Bludgeon","floor":7,"key":"SMITH"},{"floor":10,"key":"REST"},{"data":"Bash","floor":15,"key":"SMITH"}],"circlet_count":0,"master_deck":["AscendersBane","Strike_R","Strike_R","Strike_R","Strike_R","Defend_R","Defend_R+1","Defend_R+1","Defend_R","Bash+1","Berserk","Shrug It Off","Electrodynamics","Ghostly Armor","Bludgeon+1","Spot Weakness"],"relics":["Burning Blood","Lantern","War Paint","Peace Pipe","Toy Ornithopter","Magic Flower"],"acts_visited":["Exordium"],"potions_floor_usage":[],"damage_taken":[{"damage":11.0,"enemies":"Small Slimes","floor":1.0,"turns":4.0},{"damage":4,"enemies":"Jaw Worm","floor":3,"turns":3},{"damage":6,"enemies":"Cultist","floor":4,"turns":3},{"damage":17,"enemies":"3 Sentries","floor":6,"turns":7},{"damage":28,"enemies":"Lagavulin","floor":8,"turns":5},{"damage":12,"enemies":"Gremlin Gang","floor":12,"turns":5},{"damage":29,"enemies":"Exordium Thugs","floor":13,"turns":4},{"damage":24,"enemies":"Hexaghost","floor":16,"turns":7}],"seed_played":"5140534824109032311","potions_obtained":[{"floor":4,"key":"SteroidPotion"},{"floor":13,"key":"Explosive Potion"}],"is_trial":false,"path_per_floor":["M","?","M","M","?","E","R","E","T","R","?","M","M","?","R","B"],"character_chosen":"IRONCLAD","items_purchased":[],"campfire_rested":1,"item_purchase_floors":[],"current_hp_per_floor":[63,49,51,51,51,40,40,18,18,40,65,59,36,36,36,12,12],"gold":180,"neow_bonus":"ONE_RANDOM_RARE_CARD","is_daily":false,"chose_seed":false,"campfire_upgraded":2,"win_rate":0.0,"timestamp":1608918257,"path_taken":["M","?","M","M","?","E","R","E","T","R","?","?","M","?","R","BOSS"],"items_purchased_type":[],"build_version":"2020-12-22","purchased_purges":0,"victory":false,"max_hp_per_floor":[75,75,75,75,75,75,75,75,75,75,75,75,75,75,75,75,75],"relic_stats":{"Peace Pipe":0,"counters":[8,38],"Magic Flower":[0],"War Paint":["Defend_R","Defend_R"],"obtain_stats":[{"Peace Pipe":8,"Lantern":2,"Magic Flower":14,"War Paint":6,"Burning Blood":0,"Toy Ornithopter":9},{"Peace Pipe":5,"Lantern":1,"Magic Flower":7,"War Paint":4,"Burning Blood":0,"Toy Ornithopter":5},{"Peace Pipe":22,"Lantern":4,"Magic Flower":31,"War Paint":17,"Burning Blood":0,"Toy Ornithopter":22}],"Burning Blood":42,"Toy Ornithopter":0},"card_choices":[{"not_picked":["Sword Boomerang","Heavy Blade"],"picked":"Shrug It Off","floor":1},{"not_picked":["Wild Strike","Perfected Strike"],"picked":"Ghostly Armor","floor":3},{"not_picked":["Dark Embrace","Twin Strike"],"picked":"Bludgeon","floor":4},{"not_picked":["Reckless Charge","Infernal Blade","Rupture"],"picked":"SKIP","floor":6},{"not_picked":["Uppercut","Dual Wield","Clash"],"picked":"SKIP","floor":8},{"not_picked":["Rampage","Armaments"],"picked":"Spot Weakness","floor":12},{"not_picked":["Dual Wield","Flex","Pummel"],"picked":"SKIP","floor":13}],"player_experience":1015737,"relics_obtained":[{"floor":6,"key":"War Paint"},{"floor":8,"key":"Peace Pipe"},{"floor":9,"key":"Toy Ornithopter"}],"event_choices":[{"cards_removed":["Strike_R"],"damage_healed":0,"gold_gain":0,"player_choice":"Card Removal","damage_taken":0,"max_hp_gain":0,"max_hp_loss":0,"event_name":"The Cleric","floor":5,"gold_loss":75},{"damage_healed":25,"gold_gain":0,"player_choice":"Banana","damage_taken":0,"max_hp_gain":0,"max_hp_loss":0,"event_name":"Big Fish","floor":11,"gold_loss":0},{"damage_healed":0,"gold_gain":0,"player_choice":"Gave Potion","damage_taken":0,"relics_obtained":["Magic Flower"],"max_hp_gain":0,"max_hp_loss":0,"event_name":"WeMeetAgain","floor":14,"gold_loss":0}],"is_beta":false,"boss_relics":[],"items_purged_floors":[],"is_endless":false,"potions_floor_spawned":[4,13],"killed_by":"Hexaghost","ascension_level":20}}