{"host":"l3driqybz9dsrt8z","time":1608926238,"event":{"mods":["AchievementEnabler","Act Like it!","Aspiration","BaseMod","Conspire","Downfall","GifTheSpireLib","Hallownest","Hermit","Hubris","Hunter ??","Infinite Spire","Marisa????????","Minty Spire (QoL Compilation)","Quick Restart","Replay The Spire","StSLib","Stuff the Spire","The Bug Knight","The Servant 0.9.4","[IsaacMod]????"],"gold_per_floor":[113,125,135,148,222,250,250,283,330,330,100,100,100,125,125,228,228,239,239,94,94,112,139,149,160,160,174,174,174,203,216,216,318,318,329,329,329,348,366,391,391,404,404,432,448,460,460,478,478,478,495,495,495,530,530],"floor_reached":54,"playtime":2426,"items_purged":[],"score":561,"play_id":"0d6209a0-64ff-4380-8952-f70ad1a12a8c","local_time":"20201225195718","is_ascension_mode":false,"campfire_choices":[{"floor":7.0,"key":"REST"},{"data":"Eruption","floor":10.0,"key":"SMITH"},{"floor":12.0,"key":"REST"},{"data":"Crescendo","floor":15.0,"key":"SMITH"},{"data":"BattleHymn","floor":28.0,"key":"SMITH"},{"data":"Establishment","floor":32.0,"key":"SMITH"},{"floor":41.0,"key":"REST"},{"floor":49,"key":"REST"}],"circlet_count":0,"master_deck":["Strike_P+1","Strike_P+1","Strike_P+1","Strike_P+1","Defend_P+1","Defend_P+1","Defend_P+1","Eruption+1","Vigilance","FollowUp","WheelKick","SandsOfTime","FlyingSleeves+1","Tantrum+1","Crescendo+1","Establishment+1","Wallop+1","ClearTheMind+1","BattleHymn+1","FlyingSleeves+1","BattleHymn+1","Parasite","Doubt","Indignation+1","Halt","StuffTheSpire:Innocence"],"relics":["PureWater","Lizard Tail","Anchor","Molten Egg 2","Dream Catcher","PreservedInsect","Oddly Smooth Stone","Black Star","Lee\u0027s Waffle","Tiny Chest","Bronze Scales","Nloth\u0027s Gift","Vajra","Ginger","SlaversCollar","Mummified Hand","Torii","Blood Vial","Strawberry","Frozen Egg 2","Pen Nib","HushsDoor","BloodDonationMachine","StuffTheSpire:Barrel","hubris:Potato"],"acts_visited":["Exordium"],"potions_floor_usage":[50,50],"damage_taken":[{"damage":0.0,"enemies":"Cultist","floor":1.0,"turns":3.0},{"damage":12.0,"enemies":"2 Louse","floor":2.0,"turns":2.0},{"damage":0.0,"enemies":"Jaw Worm","floor":3.0,"turns":3.0},{"damage":8.0,"enemies":"Gremlin Gang","floor":4.0,"turns":3.0},{"damage":0.0,"enemies":"Gremlin Nob","floor":6.0,"turns":2.0},{"damage":14.0,"enemies":"3 Sentries","floor":8.0,"turns":6.0},{"damage":0.0,"enemies":"Lagavulin","floor":14.0,"turns":4.0},{"damage":30.0,"enemies":"Hexaghost","floor":16.0,"turns":6.0},{"damage":4.0,"enemies":"Chosen","floor":18.0,"turns":4.0},{"damage":0.0,"enemies":"Shell Parasite","floor":22.0,"turns":3.0},{"damage":0.0,"enemies":"Gremlin Leader","floor":23.0,"turns":4.0},{"damage":8.0,"enemies":"Snecko","floor":24.0,"turns":3.0},{"damage":1.0,"enemies":"Sentry and Sphere","floor":25.0,"turns":3.0},{"damage":0.0,"enemies":"Cultist and Chosen","floor":27.0,"turns":3.0},{"damage":9.0,"enemies":"Book of Stabbing","floor":30.0,"turns":3.0},{"damage":0.0,"enemies":"Centurion and Healer","floor":31.0,"turns":3.0},{"damage":23.0,"enemies":"Collector","floor":33.0,"turns":5.0},{"damage":6.0,"enemies":"Orb Walker","floor":35.0,"turns":3.0},{"damage":18.0,"enemies":"3 Darklings","floor":38.0,"turns":4.0},{"damage":13.0,"enemies":"Spire Growth","floor":39.0,"turns":3.0},{"damage":9.0,"enemies":"Nemesis","floor":40.0,"turns":3.0},{"damage":0.0,"enemies":"Writhing Mass","floor":42.0,"turns":4.0},{"damage":31.0,"enemies":"Reptomancer","floor":44.0,"turns":3.0},{"damage":26.0,"enemies":"4 Shapes","floor":45.0,"turns":4.0},{"damage":22.0,"enemies":"3 Darklings","floor":46.0,"turns":3.0},{"damage":8,"enemies":"Jaw Worm Horde","floor":48,"turns":3},{"damage":44,"enemies":"Time Eater","floor":50,"turns":5},{"damage":1,"enemies":"Jaw Worm","floor":51,"turns":2},{"damage":18,"enemies":"conspire:MimicChest","floor":54,"turns":3}],"seed_played":"-8902386090262686702","potions_obtained":[{"floor":2.0,"key":"BlessingOfTheForge"},{"floor":3.0,"key":"FearPotion"},{"floor":8.0,"key":"AttackPotion"},{"floor":31.0,"key":"Energy Potion"},{"floor":38.0,"key":"CultistPotion"},{"floor":40.0,"key":"CultistPotion"},{"floor":54,"key":"BottledMiracle"}],"is_trial":false,"path_per_floor":["M","M","M","M","?","E","R","E","T","R","$","R","$","E","R","B",null,"M","?","$","?","M","E","M","M","T","M","R","?","E","M","R","B",null,"M","?","T","M","M","E","R","M","T","E","M","M","?","M","R","B","M","?","T","?"],"character_chosen":"WATCHER","items_purchased":["Tantrum+1","PreservedInsect","Lee\u0027s Waffle"],"campfire_rested":4,"item_purchase_floors":[11,11,20],"current_hp_per_floor":[51,39,39,31,31,31,52,38,38,38,38,59,59,59,59,29,72,68,68,79,79,79,79,71,70,70,70,70,70,61,61,61,38,79,73,73,73,55,42,33,56,58,65,36,12,43,86,78,86,86,85,78,78,62,62],"gold":530,"neow_bonus":"TRANSFORM_CARD","is_daily":false,"chose_seed":false,"campfire_upgraded":4,"win_rate":0.0,"timestamp":1608926238,"path_taken":["M","M","M","M","?","E","R","E","T","R","$","R","$","E","R","BOSS","M","?","$","?","?","E","?","M","T","M","R","?","E","M","R","BOSS","M","?","?","M","?","E","R","M","T","E","M","M","?","M","R","BOSS","M","?","?","?"],"items_purchased_type":["Card","Relic","Relic"],"build_version":"2020-12-22","purchased_purges":0,"victory":false,"max_hp_per_floor":[72,72,72,72,72,72,72,72,72,72,72,72,72,72,72,72,72,72,72,79,79,79,79,79,79,79,79,79,79,79,79,79,79,79,79,79,79,79,79,79,79,79,86,86,86,86,86,86,86,86,86,86,86,86,86],"card_choices":[{"not_picked":["PathToVictory","Vengeance"],"picked":"FollowUp","floor":1.0},{"not_picked":["JustLucky","Consecrate","PathToVictory"],"picked":"SKIP","floor":2.0},{"not_picked":["SashWhip","Consecrate"],"picked":"WheelKick","floor":3.0},{"not_picked":["Indignation","PathToVictory"],"picked":"SandsOfTime","floor":4.0},{"not_picked":["JustLucky","Ragnarok","Protect"],"picked":"SKIP","floor":6.0},{"not_picked":["Weave+1","Nirvana"],"picked":"FlyingSleeves+1","floor":8.0},{"not_picked":["Fasting2","Nirvana"],"picked":"Crescendo","floor":12.0},{"not_picked":["DeceiveReality","SignatureMove+1","SashWhip+1"],"picked":"SKIP","floor":14.0},{"not_picked":["DevaForm","Vault"],"picked":"Establishment","floor":16.0},{"not_picked":["Crescendo","FollowUp+1"],"picked":"Wallop+1","floor":18.0},{"not_picked":["LikeWater","Worship"],"picked":"ClearTheMind+1","floor":22.0},{"not_picked":["Judgement","ClearTheMind"],"picked":"BattleHymn","floor":23.0},{"not_picked":["Consecrate+1","SashWhip+1"],"picked":"FlyingSleeves+1","floor":24.0},{"not_picked":["InnerPeace","Sanctity","Nirvana"],"picked":"SKIP","floor":25.0},{"not_picked":["Crescendo","EmptyFist+1","Weave+1"],"picked":"SKIP","floor":27.0},{"not_picked":["BowlingBash+1","SignatureMove+1","Evaluate"],"picked":"SKIP","floor":30.0},{"not_picked":["Crescendo","FlurryOfBlows+1","WheelKick+1"],"picked":"SKIP","floor":31.0},{"not_picked":["WheelKick+1","PathToVictory","Meditate+1"],"picked":"SKIP","floor":35.0},{"not_picked":["BowlingBash+1","ThirdEye+1","Sanctity"],"picked":"SKIP","floor":38.0},{"not_picked":["Consecrate+1","FlyingSleeves+1"],"picked":"BattleHymn+1","floor":39.0},{"not_picked":["Perseverance+1","ConjureBlade","WaveOfTheHand+1"],"picked":"SKIP","floor":40.0},{"not_picked":["ThirdEye+1","Pray+1","FlyingSleeves+1"],"picked":"SKIP","floor":42.0},{"not_picked":["Conclude+1","Crescendo","Evaluate+1"],"picked":"SKIP","floor":44.0},{"not_picked":["SashWhip+1","Sanctity+1","CarveReality+1"],"picked":"SKIP","floor":45.0},{"not_picked":["Judgement","Crescendo","FlurryOfBlows+1"],"picked":"SKIP","floor":46.0},{"not_picked":["FlurryOfBlows+1","ThirdEye+1"],"picked":"PathToVictory+1","floor":48},{"not_picked":["Consecrate+1","Scrawl"],"picked":"Indignation+1","floor":49},{"not_picked":["TalkToTheHand+1","FollowUp+1","Replay:Hum"],"picked":"SKIP","floor":51}],"player_experience":26169,"relics_obtained":[{"floor":6.0,"key":"Anchor"},{"floor":8.0,"key":"Molten Egg 2"},{"floor":9.0,"key":"Dream Catcher"},{"floor":14.0,"key":"Oddly Smooth Stone"},{"floor":23.0,"key":"Tiny Chest"},{"floor":23.0,"key":"Bronze Scales"},{"floor":26.0,"key":"White Beast Statue"},{"floor":30.0,"key":"Vajra"},{"floor":30.0,"key":"Ginger"},{"floor":37.0,"key":"Mummified Hand"},{"floor":40.0,"key":"Torii"},{"floor":40.0,"key":"Blood Vial"},{"floor":43.0,"key":"Strawberry"},{"floor":44.0,"key":"Frozen Egg 2"},{"floor":44.0,"key":"Pen Nib"},{"floor":53,"key":"StuffTheSpire:Barrel"},{"floor":54,"key":"hubris:Potato"}],"event_choices":[{"damage_healed":0.0,"max_hp_gain":0.0,"max_hp_loss":0.0,"gold_gain":74.0,"event_name":"Golden Wing","player_choice":"Gained Gold","floor":5.0,"gold_loss":0.0,"damage_taken":0.0},{"damage_healed":0.0,"max_hp_gain":0.0,"max_hp_loss":0.0,"gold_gain":0.0,"event_name":"Back to Basics","player_choice":"Simplicity","floor":19.0,"gold_loss":0.0,"damage_taken":0.0,"cards_upgraded":["Strike_P","Strike_P","Strike_P","Strike_P","Defend_P","Defend_P","Defend_P","Defend_P"]},{"cards_removed":["Defend_P"],"damage_healed":0.0,"max_hp_gain":0.0,"max_hp_loss":0.0,"gold_gain":0.0,"event_name":"Purifier","player_choice":"Purged","floor":21.0,"gold_loss":0.0,"damage_taken":0.0},{"damage_healed":0.0,"max_hp_gain":0.0,"max_hp_loss":0.0,"gold_gain":0.0,"event_name":"N\u0027loth","player_choice":"Traded Relic","floor":29.0,"relics_lost":["White Beast Statue"],"gold_loss":0.0,"damage_taken":0.0,"relics_obtained":["Nloth\u0027s Gift"]},{"damage_healed":0.0,"max_hp_gain":0.0,"max_hp_loss":0.0,"gold_gain":0.0,"event_name":"SensoryStone","player_choice":"Memory 1","floor":36.0,"gold_loss":0.0,"damage_taken":0.0},{"damage_healed":43,"gold_gain":0,"player_choice":"Heal","damage_taken":0,"max_hp_gain":0,"max_hp_loss":0,"event_name":"MindBloom","floor":47,"gold_loss":0,"cards_obtained":["Doubt"]}],"is_beta":false,"boss_relics":[{"not_picked":["Empty Cage","Runic Dome"],"picked":"Black Star"},{"not_picked":["Cursed Key","Astrolabe"],"picked":"SlaversCollar"}],"items_purged_floors":[],"is_endless":false,"potions_floor_spawned":[2,3,8,16,18,24,27,30,31,38,40,44,45,46,48,54],"killed_by":"conspire:MimicChest","ascension_level":0}}