{"host":"6qohxdms6n72zb21","time":1608880296,"event":{"mods":["2.2 Compatiblity","Act Like it!","Ascension Reborn","Aspiration","BaseMod","Better Synergies","Better Third Choice","Conspire","Downfall","Energized Spire","Hubris","Infinite Spire","Marked Mod","Minty Spire (QoL Compilation)","Permanent Neow","Quick Restart","Replay The Spire","Spicy Shops","Spikes Relics","StSLib","The Blue Laboratory","The Saiyan"],"gold_per_floor":[90,90,103,120,132,132,150,40,40,65,133,133,165,185,185,286,286,306,316,347,347,347,347,394,394,394,394,394,59,59,8,8,105,105,120,120,133,149,188,188,188,188,211,254,286,298,310,357,369,381,381],"floor_reached":50,"playtime":3597,"items_purged":["Voices"],"score":604,"play_id":"87c84111-d36f-44e6-ab80-7d4137677348","local_time":"20201225021136","is_ascension_mode":true,"campfire_choices":[{"data":"Saiyan:PressOn","floor":6,"key":"SMITH"},{"data":"Saiyan:SoulSpice","floor":12,"key":"SMITH"},{"floor":15,"key":"REST"},{"floor":23,"key":"REST"},{"floor":30,"key":"REST"},{"floor":40,"key":"REST"},{"data":"Saiyan:MajinSeal","floor":42,"key":"SMITH"},{"floor":49,"key":"REST"}],"circlet_count":0,"master_deck":["Saiyan:SAIYA_Strike","Saiyan:SAIYA_Strike","Saiyan:SAIYA_Strike","Saiyan:SAIYA_Strike","Saiyan:SAIYA_Defend","Saiyan:SAIYA_Defend","Saiyan:SAIYA_Defend","Saiyan:SAIYA_Defend","Saiyan:EnergyBlast","Saiyan:KaioKen","Saiyan:RuthlessBlow+1","Saiyan:Flurry","Saiyan:PressOn+1","Saiyan:Quickening","Saiyan:SoulSpice+1","Saiyan:DragonFist","Saiyan:DoubleMasenko","Saiyan:Expend","Saiyan:RemoveWeights","Dark Shackles","Saiyan:PowerStance","Saiyan:SolarFlare","Saiyan:PowerUp","Saiyan:ExpandingShockwave","Saiyan:MajinSeal+1","Saiyan:KiStrike+1","Saiyan:SaiyanHubris+1","infinitespire:Starlight","Saiyan:Furor","Saiyan:FingerParry","Saiyan:MajinSeal","Saiyan:LastResort+1","Saiyan:CCCapsule","Saiyan:Pacing","Saiyan:UltraInstinct+1","Pain","Saiyan:DrainingStrike+1","Saiyan:Afterimage+1","Saiyan:Quickening+1"],"relics":["SaiyanSoul","SaiyanHeart","aspiration:DSix","ReplayTheSpireMod:Ring of Collecting","BargainBundle","BrokenLever","Simple Rune","Red Mask","MutagenicStrength","Juzu Bracelet","infinitespire:Lucky Rock","Iron Hammer","Shuriken","aspiration:FutureDiary","HandDrill","Vajra","WarpedTongs","MawBank","Whetstone","hubris:Spice"],"acts_visited":["Exordium","TheCity","TheBeyond"],"potions_floor_usage":[5,10,10,10,13,20,20,33,33,48],"damage_taken":[{"damage":1,"enemies":"2 Louse","floor":1,"turns":3},{"damage":9,"enemies":"Jaw Worm","floor":3,"turns":2},{"damage":4,"enemies":"Small Slimes","floor":4,"turns":3},{"damage":3,"enemies":"Looter","floor":5,"turns":3},{"damage":8,"enemies":"Blue Slaver","floor":7,"turns":3},{"damage":0,"enemies":"Gremlin Nob","floor":10,"turns":4},{"damage":21,"enemies":"3 Sentries","floor":13,"turns":7},{"damage":7,"enemies":"Exordium Wildlife","floor":14,"turns":6},{"damage":13,"enemies":"Fading Forest","floor":16,"turns":11},{"damage":10,"enemies":"3 Byrds","floor":18,"turns":7},{"damage":3,"enemies":"2 Thieves","floor":19,"turns":4},{"damage":47,"enemies":"Masked Bandits","floor":20,"turns":8},{"damage":71,"enemies":"Collector","floor":33,"turns":12},{"damage":34,"enemies":"3 Darklings","floor":35,"turns":8},{"damage":10,"enemies":"3 Shapes","floor":37,"turns":7},{"damage":29,"enemies":"Writhing Mass","floor":38,"turns":8},{"damage":18,"enemies":"conspire:MimicChest","floor":39,"turns":9},{"damage":16,"enemies":"R_Hoarder","floor":44,"turns":9},{"damage":23,"enemies":"3 Darklings","floor":45,"turns":5},{"damage":50,"enemies":"Giant Head","floor":48,"turns":10},{"damage":94,"enemies":"Time Eater","floor":50,"turns":14}],"seed_played":"6568388949212458540","potions_obtained":[{"floor":1,"key":"blueLaboratory:BottleOfVodka"},{"floor":4,"key":"blueLaboratory:FruitPunch"},{"floor":10,"key":"blueLaboratory:SavagePotion"},{"floor":18,"key":"SkillPotion"},{"floor":19,"key":"Energy Potion"},{"floor":32,"key":"Slimebound:ThreeZeroPotion"},{"floor":32,"key":"champ:CounterPotion"},{"floor":37,"key":"Swift Potion"},{"floor":38,"key":"SmokeBomb"}],"is_trial":false,"path_per_floor":["M","?","M","M","M","R","M","$","T","E","?","R","E","M","R","B",null,"M","M","?","?","?","R","T","?","T","?","?","$","R","$","R","B",null,"M","AVR","M","M","?","R","?","R","T","E","M","?","?","E","R","B"],"character_chosen":"SAIYAJIN","items_purchased":["BargainBundle","Saiyan:DoubleMasenko","Saiyan:Expend","Saiyan:RemoveWeights","Dark Shackles","champ:CounterPotion","Weak Potion","Saiyan:PowerStance","Shuriken","Saiyan:Furor","Saiyan:FingerParry"],"campfire_rested":5,"item_purchase_floors":[8,8,8,8,8,8,8,8,29,29,31],"current_hp_per_floor":[60,60,52,50,50,50,43,43,43,45,45,45,25,18,39,33,72,63,61,14,14,14,36,36,43,43,43,43,43,65,65,65,3,74,52,52,59,41,39,63,63,63,63,71,65,65,65,36,65,0,0],"gold":381,"neow_bonus":"DSIX","is_daily":false,"chose_seed":false,"campfire_upgraded":3,"win_rate":0.0,"timestamp":1608880296,"path_taken":["M","?","M","M","M","R","M","$","T","E","?","R","E","M","R","BOSS","M","M","?","?","?","R","?","?","T","?","?","?","R","$","R","BOSS","M","AVR","M","M","?","R","?","R","T","E","M","?","?","E","R","BOSS"],"items_purchased_type":["Relic","Card","Card","Card","Card","Potion","Potion","Card","Relic","Card","Card"],"build_version":"2020-12-22","purchased_purges":1,"victory":false,"max_hp_per_floor":[61,61,62,64,67,67,68,68,68,70,70,70,71,71,71,72,72,73,74,74,74,74,74,74,74,74,74,74,74,74,74,74,74,74,76,76,78,79,80,80,80,80,80,89,91,91,86,97,97,99,99],"card_choices":[{"not_picked":["Saiyan:WarmUp","Saiyan:RemoveWeights"],"picked":"Saiyan:Flurry","floor":1},{"not_picked":["Saiyan:UltraInstinct","Saiyan:BackAttack"],"picked":"Saiyan:PressOn","floor":3},{"not_picked":["Saiyan:Pacing","Saiyan:SaiyanHubris"],"picked":"Saiyan:Quickening","floor":4},{"not_picked":["Saiyan:MindBoom","Saiyan:LastResort"],"picked":"Saiyan:SoulSpice","floor":5},{"not_picked":["Saiyan:PlotArmor","Saiyan:DragonRadar"],"picked":"Saiyan:DragonFist","floor":7},{"not_picked":["Saiyan:Overexert","Saiyan:BurningSoul"],"picked":"Saiyan:SolarFlare","floor":10},{"not_picked":["Saiyan:Scouter","Saiyan:RemoveWeights"],"picked":"Saiyan:PowerUp","floor":13},{"not_picked":["Saiyan:ReverberatingForce","Saiyan:Kienzan"],"picked":"Saiyan:ExpandingShockwave","floor":14},{"not_picked":["Saiyan:SolarFlare","Saiyan:Rekindle"],"picked":"Saiyan:MajinSeal","floor":16},{"not_picked":["Saiyan:Expend","Saiyan:PlotArmor+1"],"picked":"Saiyan:KiStrike+1","floor":18},{"not_picked":["Saiyan:PlotArmor","Saiyan:ExtremeSpeed","Saiyan:LastResort"],"picked":"SKIP","floor":19},{"not_picked":["Saiyan:Quickening","Saiyan:LastResort"],"picked":"Saiyan:SaiyanHubris+1","floor":20},{"not_picked":["hubris:InfiniteBlow","ReplayTheSpireMod:Black Plague"],"picked":"infinitespire:Starlight","floor":22},{"not_picked":["Saiyan:GenkiDama","Saiyan:TransfigurationBeam"],"picked":"Saiyan:MajinSeal","floor":33},{"not_picked":["Saiyan:FingerParry","Saiyan:PowerUp"],"picked":"Saiyan:LastResort+1","floor":35},{"not_picked":["Saiyan:ThirstForFight","Saiyan:PowerUp+1"],"picked":"Saiyan:CCCapsule","floor":37},{"not_picked":["Saiyan:DoubleMasenko","Saiyan:PowerUp+1"],"picked":"Saiyan:Pacing","floor":38},{"not_picked":["Saiyan:DoubleMasenko","Saiyan:Planning"],"picked":"Saiyan:UltraInstinct+1","floor":39},{"not_picked":["Saiyan:PowerUp","Saiyan:DragonFist"],"picked":"Saiyan:DrainingStrike+1","floor":44},{"not_picked":["Saiyan:KiStrike","Saiyan:DragonFist"],"picked":"Saiyan:Afterimage+1","floor":45},{"not_picked":["Saiyan:ExpandingShockwave","Saiyan:PlotArmor"],"picked":"Saiyan:Quickening+1","floor":48}],"player_experience":194192,"relics_obtained":[{"floor":2,"key":"ReplayTheSpireMod:Ring of Collecting"},{"floor":10,"key":"BrokenLever"},{"floor":13,"key":"Simple Rune"},{"floor":20,"key":"Red Mask"},{"floor":24,"key":"Juzu Bracelet"},{"floor":24,"key":"infinitespire:Lucky Rock"},{"floor":26,"key":"Iron Hammer"},{"floor":39,"key":"Vajra"},{"floor":43,"key":"MawBank"},{"floor":43,"key":"Whetstone"},{"floor":44,"key":"hubris:Spice"},{"floor":48,"key":"hubris:Spice"}],"event_choices":[{"damage_healed":0,"gold_gain":68,"player_choice":"Gained Gold","damage_taken":0,"max_hp_gain":0,"max_hp_loss":0,"event_name":"Golden Wing","floor":11,"gold_loss":0},{"damage_healed":0,"gold_gain":0,"player_choice":"Fought Bandits","damage_taken":0,"max_hp_gain":0,"max_hp_loss":0,"event_name":"Masked Bandits","floor":20,"gold_loss":0},{"damage_healed":0,"gold_gain":0,"player_choice":"Inject Mutagens","damage_taken":0,"relics_obtained":["MutagenicStrength"],"max_hp_gain":0,"max_hp_loss":0,"event_name":"Drug Dealer","floor":21,"gold_loss":0},{"cards_removed":["Languid","ReplayTheSpireMod:Restless Dread"],"damage_healed":0,"gold_gain":0,"player_choice":"Removed Curses","damage_taken":0,"max_hp_gain":0,"max_hp_loss":0,"event_name":"Fountain of Cleansing","floor":27,"gold_loss":0},{"damage_healed":0,"gold_gain":0,"player_choice":"Ignored","damage_taken":0,"max_hp_gain":0,"max_hp_loss":0,"event_name":"Purifier","floor":28,"gold_loss":0},{"damage_healed":0,"gold_gain":0,"player_choice":"Rummage","damage_taken":0,"relics_obtained":["WarpedTongs"],"max_hp_gain":0,"max_hp_loss":0,"event_name":"Accursed Blacksmith","floor":41,"gold_loss":0,"cards_obtained":["Pain"]},{"damage_healed":0,"gold_gain":0,"player_choice":"Max HP","damage_taken":0,"max_hp_gain":0,"max_hp_loss":5,"event_name":"Winding Halls","floor":47,"gold_loss":0}],"is_beta":false,"boss_relics":[{"not_picked":["Coffee Dripper","aspiration:RitualDagger","energizedSpire:CursedPentagram"]},{"not_picked":["aspiration:SecretTechniqueScroll","hubris:BlackHole"],"picked":"aspiration:FutureDiary"}],"items_purged_floors":[8],"is_endless":false,"potions_floor_spawned":[1,4,10,18,19,37,38,39],"killed_by":"Time Eater","ascension_level":0}}