{"host":"922zt4fjsmmy4kg9","time":1608863604,"event":{"mods":["A Magickal Journey","Act Like it!","BaseMod","Better Third Choice","Downfall","Friendly Minions","Hermit","HololiveMod","Hubris","Jorbs\u0027s Wanderer Trilogy","Kiyohime????","Koishi","Marisa????????","Minty Spire (QoL Compilation)","Quick Restart","Reimu??????","Shop Mod","Spicy Shops","StSLib","SuperFastMode","The Animator","The Disciple","The Runesmith"],"gold_per_floor":[99,99,99,99,99,145,145,320,341,364,405,436,361,4,14,14,14],"floor_reached":16,"playtime":581,"items_purged":["Doubt"],"score":164,"play_id":"a76fd782-db3c-4310-a778-0654a1de4db5","local_time":"20201225133324","is_ascension_mode":true,"campfire_choices":[{"data":"animator:IrohaTamaki","floor":1.0,"key":"SMITH"},{"floor":13,"key":"REST"}],"circlet_count":0,"master_deck":["AscendersBane","animator:Strike_MadokaMagica","animator:Defend_MadokaMagica","animator:Strike","animator:Strike","animator:Strike","animator:Defend","animator:Defend","animator:Defend","animator:IrohaTamaki+1","animator:YuiTsuruno","animator:Ciel+1","animator:Ain","animator:Lu","animator:KyokoSakura","animator:OrikoMikuni","animator:ChaikaTrabant","animator:NagisaMomoe","animator:Tatsumaki","animator:YachiyoNanami"],"relics":["animator:LivingPicture","animator:TheMissingPiece","downfall:HeartsMalice","animator:BattleDrones","Guardian:PocketSentry","Odd Mushroom","Art of War","downfall:HeartBlessingGreen","Membership Card","Turnip"],"acts_visited":["Exordium"],"potions_floor_usage":[11,14,16,16,16],"damage_taken":[{"damage":0.0,"enemies":"2 Louse","floor":2.0,"turns":1.0},{"damage":0.0,"enemies":"Cultist","floor":4.0,"turns":1.0},{"damage":0.0,"enemies":"Jaw Worm","floor":5.0,"turns":1.0},{"damage":15.0,"enemies":"Gremlin Nob","floor":6.0,"turns":5.0},{"damage":17.0,"enemies":"The Mushroom Lair","floor":9.0,"turns":6.0},{"damage":0.0,"enemies":"2 Fungi Beasts","floor":10.0,"turns":2.0},{"damage":14,"enemies":"Lagavulin","floor":11,"turns":6},{"damage":10,"enemies":"Blue Slaver","floor":12,"turns":3},{"damage":0,"enemies":"downfall:FleeingMerchant","floor":14,"turns":4},{"damage":0,"enemies":"Large Slime","floor":15,"turns":2},{"damage":26,"enemies":"downfall:Defect","floor":16,"turns":5}],"seed_played":"5049130866678897226","potions_obtained":[{"floor":6.0,"key":"Energy Potion"},{"floor":10.0,"key":"MagicPotion:ReiMu"},{"floor":11,"key":"Guardian:BlockOnCardUsePotion"},{"floor":12,"key":"DuplicationPotion"},{"floor":15,"key":"EntropicBrew"}],"is_trial":false,"path_per_floor":["R","M","?","M","M","E","T","?","?","M","E","M","R","$","M","B"],"character_chosen":"THE_ANIMATOR","items_purchased":["Membership Card","Turnip"],"campfire_rested":1,"item_purchase_floors":[14,14],"current_hp_per_floor":[59,59,59,59,59,44,44,44,28,28,14,4,24,25,25,0,0],"gold":14,"neow_bonus":"THREE_ENEMY_KILL","is_daily":false,"chose_seed":false,"campfire_upgraded":1,"win_rate":0.0,"timestamp":1608863604,"path_taken":["R","M","?","?","M","E","T","?","?","M","E","M","R","?","M","BOSS"],"items_purchased_type":["Relic","Relic"],"build_version":"2020-12-22","purchased_purges":1,"victory":false,"max_hp_per_floor":[66,66,66,66,66,66,66,66,67,67,67,67,67,68,68,68,68],"card_choices":[{"not_picked":["animator:Guy","animator:Fredrika"],"picked":"animator:Ciel","floor":2.0},{"not_picked":["animator:YaoHaDucy","animator:Millim"],"picked":"animator:Ain","floor":4.0},{"not_picked":["animator:SilverFang","animator:Kaijin"],"picked":"animator:Lu","floor":5.0},{"not_picked":["animator:SayakaMiki","animator:IrohaTamaki"],"picked":"animator:KyokoSakura","floor":6.0},{"not_picked":["animator:Shion","animator:MumenRider"],"picked":"animator:OrikoMikuni","floor":9.0},{"not_picked":["animator:Guy","animator:Ciel"],"picked":"animator:ChaikaTrabant","floor":10.0},{"not_picked":["animator:MetalKnight","animator:Eve"],"picked":"animator:NagisaMomoe","floor":11},{"not_picked":["animator:Shuna","animator:Guy"],"picked":"animator:Tatsumaki","floor":12},{"not_picked":["animator:YuiTsuruno","animator:SuzuneAmano"],"picked":"animator:YachiyoNanami","floor":14},{"not_picked":["animator:Shion","animator:Shuna","animator:ZankiKiguchi"],"picked":"SKIP","floor":15}],"player_experience":1305634,"relics_obtained":[{"floor":6.0,"key":"animator:BattleDrones"},{"floor":7.0,"key":"Guardian:PocketSentry"},{"floor":9.0,"key":"Odd Mushroom"},{"floor":11,"key":"Art of War"}],"event_choices":[{"damage_healed":0.0,"max_hp_gain":0.0,"max_hp_loss":0.0,"gold_gain":0.0,"event_name":"Upgrade Shrine","player_choice":"Upgraded","floor":3.0,"gold_loss":0.0,"damage_taken":0.0,"cards_upgraded":["animator:Ciel"]},{"damage_healed":0.0,"max_hp_gain":0.0,"max_hp_loss":0.0,"gold_gain":0.0,"event_name":"Mushrooms","player_choice":"Fought Mushrooms","floor":9.0,"gold_loss":0.0,"damage_taken":0.0}],"is_beta":false,"boss_relics":[],"items_purged_floors":[14],"is_endless":false,"potions_floor_spawned":[6,10,11,12,15],"killed_by":"downfall:Defect","ascension_level":11}}