{"host":"ppno391ju7318je5","time":1608935560,"event":{"mods":["AchievementEnabler","BaseMod","DeckTracker","Keyboard Shortcuts","Minty Spire (QoL Compilation)"],"gold_per_floor":[114,114,129,144,159,189,204,234,234,264,279,309,384,384,384,484,484,499,514,529,544,559,559,589,589,639,669,669,699,723,753,753,853,853,868,595,595,645,645,675,675,705,730,730,760,457,487,187,187,187],"floor_reached":51,"playtime":4272,"items_purged":[],"score":1296,"play_id":"5879e100-a033-4a32-8817-f7d4c52ce0ac","local_time":"20201225233240","daily_mods":["Draft","Hoarder","Elite Swarm"],"is_ascension_mode":false,"campfire_choices":[{"floor":15.0,"key":"REST"},{"data":"Armaments","floor":23,"key":"SMITH"},{"data":"Armaments","floor":25,"key":"SMITH"},{"data":"Armaments","floor":32,"key":"SMITH"},{"data":"Armaments","floor":41,"key":"SMITH"},{"data":"Armaments","floor":44,"key":"SMITH"},{"data":"Pommel Strike","floor":49,"key":"SMITH"}],"circlet_count":0,"master_deck":["Iron Wave","Iron Wave","Iron Wave","Pommel Strike+1","Pommel Strike","Thunderclap","Thunderclap+1","Thunderclap","Iron Wave","Iron Wave","Iron Wave","Clothesline","Clothesline","Clothesline","Heavy Blade","Heavy Blade","Heavy Blade+1","Heavy Blade","Heavy Blade","Heavy Blade","Shrug It Off","Shrug It Off","Shrug It Off","Seeing Red","Seeing Red","Seeing Red","Armaments+1","Armaments+1","Armaments+1","Seeing Red","Seeing Red","Seeing Red+1","Dropkick","Dropkick","Dropkick","Iron Wave","Iron Wave","Iron Wave","Havoc","Havoc","Havoc","Armaments+1","Armaments+1","Armaments","Decay","Decay","Decay","Limit Break","Limit Break","Limit Break","Limit Break","Limit Break+1","Limit Break","Limit Break","Limit Break","Limit Break","Reaper","Reaper","Reaper","Warcry+1","Warcry+1","Warcry+1","Armaments+1","Armaments+1","Armaments+1","Warcry+1","Warcry+1","Warcry+1","Warcry","Warcry","Warcry","Inflame","Inflame","Inflame","Warcry","Warcry","Warcry","Sadistic Nature","Sadistic Nature","Sadistic Nature"],"relics":["Burning Blood","Vajra","Potion Belt","Pear","InkBottle","Red Skull","Black Star","Centennial Puzzle","HornCleat","CeramicFish","Magic Flower","CaptainsWheel","MutagenicStrength","Blue Candle","Bronze Scales","Orichalcum","Du-Vu Doll","Coffee Dripper","Membership Card","Juzu Bracelet","Torii","Lizard Tail","Anchor","Charon\u0027s Ashes","Mango","Whetstone","Strawberry","White Beast Statue","ClockworkSouvenir","Champion Belt","War Paint","Mummified Hand","Kunai","Sling","Bag of Preparation","Toy Ornithopter"],"acts_visited":["Exordium","TheCity","TheBeyond"],"potions_floor_usage":[38],"damage_taken":[{"damage":0.0,"enemies":"Small Slimes","floor":1.0,"turns":2.0},{"damage":2.0,"enemies":"Cultist","floor":3.0,"turns":3.0},{"damage":0.0,"enemies":"2 Louse","floor":4.0,"turns":2.0},{"damage":11.0,"enemies":"Large Slime","floor":5.0,"turns":7.0},{"damage":3.0,"enemies":"3 Sentries","floor":6.0,"turns":8.0},{"damage":0.0,"enemies":"Exordium Wildlife","floor":7.0,"turns":5.0},{"damage":17.0,"enemies":"Gremlin Nob","floor":8.0,"turns":5.0},{"damage":10.0,"enemies":"Lagavulin","floor":10.0,"turns":4.0},{"damage":25.0,"enemies":"Blue Slaver","floor":11.0,"turns":5.0},{"damage":20.0,"enemies":"Gremlin Nob","floor":12.0,"turns":3.0},{"damage":20.0,"enemies":"Slime Boss","floor":16.0,"turns":7.0},{"damage":18.0,"enemies":"Shell Parasite","floor":18.0,"turns":5.0},{"damage":7.0,"enemies":"Spheric Guardian","floor":19.0,"turns":4.0},{"damage":53.0,"enemies":"3 Cultists","floor":20.0,"turns":6.0},{"damage":17.0,"enemies":"Cultist and Chosen","floor":21.0,"turns":5.0},{"damage":37,"enemies":"Sentry and Sphere","floor":22,"turns":5},{"damage":72,"enemies":"Gremlin Leader","floor":24,"turns":6},{"damage":42,"enemies":"Book of Stabbing","floor":27,"turns":6},{"damage":18,"enemies":"Slavers","floor":29,"turns":3},{"damage":0,"enemies":"Snake Plant","floor":30,"turns":2},{"damage":14,"enemies":"Book of Stabbing","floor":31,"turns":5},{"damage":0,"enemies":"Champ","floor":33,"turns":5},{"damage":0,"enemies":"3 Darklings","floor":35,"turns":5},{"damage":0,"enemies":"Mind Bloom Boss Battle","floor":38,"turns":4},{"damage":9,"enemies":"Reptomancer","floor":40,"turns":4},{"damage":1,"enemies":"Nemesis","floor":42,"turns":5},{"damage":0,"enemies":"Reptomancer","floor":45,"turns":2},{"damage":0,"enemies":"Giant Head","floor":47,"turns":4},{"damage":22,"enemies":"Donu and Deca","floor":50,"turns":5}],"seed_played":"-567031674859551473","potions_obtained":[{"floor":4.0,"key":"SteroidPotion"},{"floor":5.0,"key":"ColorlessPotion"},{"floor":6.0,"key":"Energy Potion"},{"floor":10.0,"key":"FearPotion"},{"floor":11.0,"key":"Regen Potion"},{"floor":16.0,"key":"Block Potion"},{"floor":19.0,"key":"Swift Potion"},{"floor":22,"key":"BlessingOfTheForge"},{"floor":29,"key":"SteroidPotion"},{"floor":30,"key":"FairyPotion"},{"floor":31,"key":"Block Potion"},{"floor":38,"key":"Fruit Juice"},{"floor":45,"key":"EssenceOfSteel"},{"floor":47,"key":"Energy Potion"}],"is_trial":false,"path_per_floor":["M","?","M","M","M","E","M","E","T","E","M","E","?","?","R","B",null,"M","M","M","M","M","R","E","R","T","E","?","E","M","E","R","B",null,"M","$","?","?","?","E","R","E","T","R","E","$","E","$","R","B",null],"character_chosen":"IRONCLAD","items_purchased":["Membership Card","Juzu Bracelet","Warcry","Inflame","ClockworkSouvenir","Champion Belt","War Paint","Warcry","Sling","Bag of Preparation","Toy Ornithopter","Sadistic Nature"],"campfire_rested":1,"item_purchase_floors":[36,36,36,36,46,46,46,46,48,48,48,48],"current_hp_per_floor":[80,80,80,80,75,78,80,69,79,75,56,42,31,36,64,50,95,92,91,63,64,41,41,93,93,93,57,57,48,57,52,52,61,95,95,95,95,100,95,95,95,109,109,109,116,116,116,116,116,103],"gold":187,"neow_bonus":"","is_daily":true,"chose_seed":false,"campfire_upgraded":6,"win_rate":0.0,"timestamp":1608935560,"path_taken":["M","?","M","M","?","E","M","E","T","E","M","E","?","?","R","BOSS","M","M","M","M","M","R","E","R","T","E","?","E","M","E","R","BOSS","M","$","?","?","?","E","R","E","T","R","E","$","E","?","R","BOSS"],"items_purchased_type":["Relic","Relic","Card","Card","Relic","Relic","Relic","Card","Relic","Relic","Relic","Card"],"build_version":"2020-12-22","purchased_purges":0,"victory":true,"max_hp_per_floor":[80,80,80,80,80,80,80,80,90,90,90,90,90,95,95,95,95,95,95,95,95,95,95,95,95,95,95,95,95,95,95,95,95,95,95,95,95,100,95,95,95,109,109,109,116,116,116,116,116,116],"card_choices":[{"not_picked":["Havoc","Warcry"],"picked":"Iron Wave","floor":0.0},{"not_picked":["Reckless Charge","Seeing Red"],"picked":"Pommel Strike","floor":0.0},{"not_picked":["Searing Blow","Flame Barrier"],"picked":"Thunderclap","floor":0.0},{"not_picked":["Sentinel","Heavy Blade"],"picked":"Iron Wave","floor":0.0},{"not_picked":["Heavy Blade","Bloodletting"],"picked":"Clothesline","floor":0.0},{"not_picked":["Dual Wield","Cleave"],"picked":"Heavy Blade","floor":0.0},{"not_picked":["Cleave","Clash"],"picked":"Heavy Blade","floor":0.0},{"not_picked":["Power Through","Flex"],"picked":"Shrug It Off","floor":0.0},{"not_picked":["Heavy Blade","Combust"],"picked":"Seeing Red","floor":0.0},{"not_picked":["Clash","Sword Boomerang"],"picked":"Armaments","floor":0.0},{"not_picked":["Thunderclap","Perfected Strike"],"picked":"Seeing Red","floor":0.0},{"not_picked":["Wild Strike","Dual Wield"],"picked":"Dropkick","floor":0.0},{"not_picked":["Cleave","Havoc"],"picked":"Iron Wave","floor":0.0},{"not_picked":["Disarm","Body Slam"],"picked":"Havoc","floor":0.0},{"not_picked":["Clash","Rupture"],"picked":"Armaments","floor":0.0},{"not_picked":["Thunderclap","Combust","Sentinel"],"picked":"SKIP","floor":1.0},{"not_picked":["Entrench","Shrug It Off","Heavy Blade"],"picked":"SKIP","floor":3.0},{"not_picked":["Shrug It Off","Seeing Red","Heavy Blade"],"picked":"SKIP","floor":4.0},{"not_picked":["Clothesline","Searing Blow","Heavy Blade"],"picked":"SKIP","floor":5.0},{"not_picked":["Impervious","Exhume"],"picked":"Limit Break","floor":6.0},{"not_picked":["Clash","Thunderclap","Wild Strike"],"picked":"SKIP","floor":7.0},{"not_picked":["Reaper","Feed"],"picked":"Limit Break","floor":8.0},{"not_picked":["Brutality","Impervious"],"picked":"Limit Break","floor":10.0},{"not_picked":["Clothesline","Whirlwind","Dark Embrace"],"picked":"SKIP","floor":11.0},{"not_picked":["Immolate","Juggernaut","Impervious"],"picked":"SKIP","floor":12.0},{"not_picked":["Double Tap","Impervious"],"picked":"Reaper","floor":16.0},{"not_picked":["Disarm","Dual Wield+1","Sword Boomerang"],"picked":"SKIP","floor":18.0},{"not_picked":["Anger+1","Clothesline+1"],"picked":"Warcry+1","floor":19.0},{"not_picked":["Fiend Fire","Combust","Havoc"],"picked":"SKIP","floor":20.0},{"not_picked":["Headbutt+1","Sword Boomerang"],"picked":"Armaments+1","floor":21.0},{"not_picked":["True Grit","Rampage","Iron Wave"],"picked":"SKIP","floor":22},{"not_picked":["Exhume","Juggernaut","Bludgeon"],"picked":"SKIP","floor":24},{"not_picked":["Fiend Fire","Juggernaut","Bludgeon"],"picked":"SKIP","floor":27},{"not_picked":["Limit Break","Juggernaut","Brutality"],"picked":"SKIP","floor":29},{"not_picked":["Shrug It Off","Iron Wave+1"],"picked":"Warcry+1","floor":30},{"not_picked":["Limit Break","Juggernaut","Bludgeon"],"picked":"SKIP","floor":31},{"not_picked":["Anger+1","Heavy Blade","Power Through"],"picked":"SKIP","floor":35},{"not_picked":["Berserk","Double Tap","Impervious"],"picked":"SKIP","floor":40},{"not_picked":["Bludgeon","Offering","Limit Break"],"picked":"SKIP","floor":42},{"not_picked":["Corruption","Exhume","Reaper"],"picked":"SKIP","floor":45},{"not_picked":["Bludgeon","Feed","Fiend Fire"],"picked":"SKIP","floor":47}],"player_experience":94417,"relics_obtained":[{"floor":6.0,"key":"Vajra"},{"floor":8.0,"key":"Potion Belt"},{"floor":9.0,"key":"Pear"},{"floor":10.0,"key":"InkBottle"},{"floor":12.0,"key":"Red Skull"},{"floor":24,"key":"Centennial Puzzle"},{"floor":24,"key":"HornCleat"},{"floor":26,"key":"CeramicFish"},{"floor":27,"key":"Magic Flower"},{"floor":27,"key":"CaptainsWheel"},{"floor":29,"key":"Blue Candle"},{"floor":29,"key":"Bronze Scales"},{"floor":31,"key":"Orichalcum"},{"floor":31,"key":"Du-Vu Doll"},{"floor":38,"key":"Torii"},{"floor":40,"key":"Lizard Tail"},{"floor":40,"key":"Anchor"},{"floor":42,"key":"Charon\u0027s Ashes"},{"floor":42,"key":"Mango"},{"floor":43,"key":"Whetstone"},{"floor":45,"key":"Strawberry"},{"floor":45,"key":"White Beast Statue"},{"floor":47,"key":"Mummified Hand"},{"floor":47,"key":"Kunai"}],"event_choices":[{"damage_healed":0.0,"max_hp_gain":0.0,"max_hp_loss":0.0,"gold_gain":0.0,"event_name":"Wheel of Change","player_choice":"Cursed","floor":2.0,"gold_loss":0.0,"damage_taken":0.0,"cards_obtained":["Decay"]},{"damage_healed":0.0,"max_hp_gain":0.0,"max_hp_loss":0.0,"gold_gain":75.0,"event_name":"World of Goop","player_choice":"Gather Gold","floor":13.0,"gold_loss":0.0,"damage_taken":11.0},{"damage_healed":0.0,"max_hp_gain":5.0,"max_hp_loss":0.0,"gold_gain":0.0,"event_name":"Big Fish","player_choice":"Donut","floor":14.0,"gold_loss":0.0,"damage_taken":0.0},{"damage_healed":0,"gold_gain":0,"player_choice":"Inject Mutagens","damage_taken":0,"relics_obtained":["MutagenicStrength"],"max_hp_gain":0,"max_hp_loss":0,"event_name":"Drug Dealer","floor":28,"gold_loss":0},{"cards_removed":["Pommel Strike"],"damage_healed":0,"gold_gain":0,"player_choice":"Removed Attack","damage_taken":0,"max_hp_gain":0,"max_hp_loss":0,"event_name":"Falling","floor":37,"gold_loss":0},{"damage_healed":0,"gold_gain":0,"player_choice":"Fight","damage_taken":0,"max_hp_gain":0,"max_hp_loss":0,"event_name":"MindBloom","floor":38,"gold_loss":0},{"damage_healed":0,"gold_gain":0,"player_choice":"Max HP","damage_taken":0,"max_hp_gain":0,"max_hp_loss":5,"event_name":"Winding Halls","floor":39,"gold_loss":0}],"is_beta":false,"boss_relics":[{"not_picked":["SacredBark","Astrolabe"],"picked":"Black Star"},{"not_picked":["Cursed Key","Busted Crown"],"picked":"Coffee Dripper"}],"items_purged_floors":[],"is_endless":false,"potions_floor_spawned":[4,5,6,10,11,16,19,22,29,30,31,38,45,47],"ascension_level":0}}