{"host":"8fjsnt81u6xsmhji","time":1608879549,"event":{"mods":["BaseMod","Colored Powertips","Downfall","Glutton Mod","Hermit","Minty Spire (QoL Compilation)","Quick Restart","Somnambulant","StSLib","The Blackbeard","The Bladedancer","The Bug Knight","The Construct","The Forsaken","The Hierophant","The Mystic","The Servant 0.9.4"],"gold_per_floor":[349,359,379,390,23,23,97,125,161,199,269,269,305,330,363,368,368],"floor_reached":16,"playtime":1079,"items_purged":[],"score":113,"play_id":"6c2e476f-103a-4080-a054-4d91a28964ac","local_time":"20201225005909","is_ascension_mode":true,"campfire_choices":[{"floor":1.0,"key":"REST"}],"circlet_count":0,"master_deck":["hermit:Strike_Hermit","hermit:Strike_Hermit","hermit:Strike_Hermit","hermit:Defend_Hermit","hermit:Defend_Hermit","hermit:Defend_Hermit","hermit:Defend_Hermit","hermit:Snapshot","hermit:Covet","hermit:FlashPowder","hermit:GhostlyPresence","hermit:Enervate","hermit:DeadOrAlive","hermit:Scavenge","hermit:Determination","hermit:BigShot","hermit:GoldenBullet","hermit:FlashPowder","hermit:Deadeye","hermit:Snipe"],"relics":["hermit:Momento","Chemical X","Matryoshka","Pocketwatch"],"acts_visited":["Exordium"],"potions_floor_usage":[16,16,16],"damage_taken":[{"damage":1.0,"enemies":"Jaw Worm","floor":2.0,"turns":4.0},{"damage":5.0,"enemies":"Small Slimes","floor":3.0,"turns":4.0},{"damage":1.0,"enemies":"Cultist","floor":4.0,"turns":4.0},{"damage":0.0,"enemies":"downfall:FleeingMerchant","floor":5.0,"turns":4.0},{"damage":10.0,"enemies":"Gremlin Gang","floor":8.0,"turns":4.0},{"damage":11.0,"enemies":"Exordium Thugs","floor":9.0,"turns":4.0},{"damage":3.0,"enemies":"Blue Slaver","floor":10.0,"turns":3.0},{"damage":5.0,"enemies":"3 Sentries","floor":11.0,"turns":12.0},{"damage":5.0,"enemies":"3 Louse","floor":13.0,"turns":5.0},{"damage":2.0,"enemies":"Large Slime","floor":14.0,"turns":8.0},{"damage":0.0,"enemies":"Blue Slaver","floor":15.0,"turns":5.0},{"damage":36,"enemies":"downfall:Defect","floor":16,"turns":6}],"seed_played":"1350848326785639186","potions_obtained":[{"floor":4.0,"key":"EntropicBrew"},{"floor":8.0,"key":"DistilledChaos"},{"floor":10.0,"key":"SpeedPotion"},{"floor":14.0,"key":"sneckomod:MuddlingPotion"},{"floor":15.0,"key":"Explosive Potion"}],"is_trial":false,"path_per_floor":["R","M","M","M","$","?","T","M","M","M","E","?","M","M","M","B"],"character_chosen":"HERMIT","items_purchased":["hermit:DeadOrAlive","Chemical X","hermit:Scavenge"],"campfire_rested":1,"item_purchase_floors":[5,5,5],"current_hp_per_floor":[75,74,69,68,68,68,68,58,47,44,39,39,34,32,32,0,0],"gold":368,"neow_bonus":"TWO_FIFTY_GOLD","is_daily":false,"chose_seed":false,"campfire_upgraded":0,"win_rate":0.0,"timestamp":1608879549,"path_taken":["R","M","M","M","$","?","T","M","M","M","E","?","?","?","M","BOSS"],"items_purchased_type":["Card","Relic","Card"],"build_version":"2020-12-22","purchased_purges":0,"victory":false,"max_hp_per_floor":[75,75,75,75,75,75,75,75,75,75,75,75,75,75,75,75,75],"card_choices":[{"not_picked":["hermit:HighCaliber","hermit:HoleUp"],"picked":"hermit:FlashPowder","floor":2.0},{"not_picked":["hermit:FlashPowder","hermit:Snipe"],"picked":"hermit:GhostlyPresence","floor":3.0},{"not_picked":["hermit:HighCaliber","hermit:Dive"],"picked":"hermit:Enervate","floor":4.0},{"not_picked":["hermit:ItchyTrigger","hermit:Enervate","hermit:Roulette"],"picked":"SKIP","floor":5.0},{"not_picked":["hermit:Midnight","hermit:Gestalt"],"picked":"hermit:Determination","floor":8.0},{"not_picked":["hermit:Spite","hermit:Misfire"],"picked":"hermit:BigShot","floor":9.0},{"not_picked":["hermit:Adapt","hermit:ItchyTrigger","hermit:BodyArmor"],"picked":"SKIP","floor":10.0},{"not_picked":["hermit:CalledShot","hermit:Grudge"],"picked":"hermit:GoldenBullet","floor":11.0},{"not_picked":["hermit:Misfire","hermit:Enervate"],"picked":"hermit:Deadeye","floor":13.0},{"not_picked":["hermit:Midnight","hermit:BlackWind"],"picked":"hermit:Snipe","floor":14.0},{"not_picked":["hermit:CalledShot","hermit:Manifest","hermit:Snipe"],"picked":"SKIP","floor":15.0}],"player_experience":736826,"relics_obtained":[{"floor":7.0,"key":"Matryoshka"},{"floor":11.0,"key":"Pocketwatch"}],"event_choices":[{"cards_removed":["hermit:Strike_Hermit"],"damage_healed":0.0,"max_hp_gain":0.0,"max_hp_loss":0.0,"gold_gain":0.0,"event_name":"The Cleric","player_choice":"Card Removal","floor":6.0,"gold_loss":0.0,"damage_taken":0.0}],"is_beta":false,"boss_relics":[],"items_purged_floors":[],"is_endless":false,"potions_floor_spawned":[4,8,10,14,15],"killed_by":"downfall:Defect","ascension_level":1}}