{"host":"iz3c9fhlsuknuus5","time":1608857967,"event":{"mods":["BaseMod","Better Third Choice","Colored Map","Colored Powertips","Downfall","GifTheSpireLib","Minty Spire (QoL Compilation)","Quick Restart","StSLib"],"gold_per_floor":[99,99,99,99,24,43,67,67,77,77,77,87,122,136,152,152,152,152],"floor_reached":16,"playtime":568,"items_purged":["Regret"],"score":125,"play_id":"5450e74f-9571-4e0b-b14d-bd9b414ae6ee","local_time":"20201225005927","is_ascension_mode":false,"campfire_choices":[{"data":"Slimebound:CorrosiveSpit","floor":1,"key":"SMITH"},{"data":"Slimebound:Split","floor":8,"key":"SMITH"},{"data":"Slimebound:SamplingLick","floor":10,"key":"SMITH"}],"circlet_count":0,"master_deck":["Slimebound:Strike_Slimebound+1","Slimebound:Strike_Slimebound","Slimebound:Strike_Slimebound","Slimebound:Tackle","Slimebound:Defend_Slimebound","Slimebound:Defend_Slimebound+1","Slimebound:Defend_Slimebound","Slimebound:Defend_Slimebound+1","Slimebound:Split+1","Slimebound:CorrosiveSpit+1","Slimebound:SlimeTap","Slimebound:SamplingLick+1","Slimebound:PressTheAttack","Slimebound:SplitLeeching"],"relics":["Slimebound:AbsorbEndCombat","downfall:HeartsMalice","Slimebound:AggressiveSlimeRelic","StrikeDummy"],"acts_visited":["Exordium"],"potions_floor_usage":[12,16],"damage_taken":[{"damage":0,"enemies":"Small Slimes","floor":3,"turns":1},{"damage":0,"enemies":"2 Louse","floor":4,"turns":1},{"damage":0,"enemies":"downfall:FleeingMerchant","floor":5,"turns":1},{"damage":4,"enemies":"Cultist","floor":6,"turns":4},{"damage":18,"enemies":"Exordium Wildlife","floor":9,"turns":2},{"damage":12,"enemies":"Large Slime","floor":12,"turns":3},{"damage":12,"enemies":"Lagavulin","floor":13,"turns":7},{"damage":12,"enemies":"Lots of Slimes","floor":14,"turns":3},{"damage":4,"enemies":"3 Louse","floor":15,"turns":2},{"damage":68,"enemies":"downfall:Defect","floor":16,"turns":6}],"seed_played":"4314299239558900027","potions_obtained":[{"floor":6,"key":"SkillPotion"},{"floor":13,"key":"champ:CounterPotion"},{"floor":15,"key":"SkillPotion"}],"is_trial":false,"path_per_floor":["R","?","M","M","$","M","T","R","M","R","?","M","E","M","M","B"],"character_chosen":"SLIMEBOUND","items_purchased":[],"campfire_rested":0,"item_purchase_floors":[],"current_hp_per_floor":[60,60,60,60,60,60,60,60,56,56,56,60,60,60,60,0,0,0],"gold":152,"neow_bonus":"THREE_ENEMY_KILL","is_daily":false,"chose_seed":false,"campfire_upgraded":3,"win_rate":0.0,"timestamp":1608857967,"path_taken":["R","?","M","M","$","M","T","R","M","R","?","M","E","?","M","BOSS"],"items_purchased_type":[],"build_version":"2020-12-22","purchased_purges":1,"victory":false,"max_hp_per_floor":[60,60,60,60,60,60,60,60,60,60,60,60,60,60,60,60,60,60],"card_choices":[{"not_picked":["Slimebound:FinishingTackle","Slimebound:SpikyOuterGoop","Slimebound:Repurpose"],"picked":"SKIP","floor":3},{"not_picked":["Slimebound:FinishingTackle","Slimebound:SpikyOuterGoop","Slimebound:Repurpose"],"picked":"SKIP","floor":3},{"not_picked":["Slimebound:SpikyOuterGoop","Slimebound:SplitBruiser"],"picked":"Slimebound:SlimeTap","floor":4},{"not_picked":["Slimebound:Schlurp","Slimebound:SplitMire","Slimebound:MassFeed"],"picked":"SKIP","floor":5},{"not_picked":["Slimebound:LeechEnergy","Slimebound:Grow"],"picked":"Slimebound:SamplingLick","floor":6},{"not_picked":["Slimebound:SamplingLick","Slimebound:Replication"],"picked":"Slimebound:PressTheAttack","floor":9},{"not_picked":["Slimebound:RollThrough","Slimebound:DuplicatedForm","Slimebound:GoopSpray"],"picked":"SKIP","floor":12},{"not_picked":["Slimebound:RollThrough","Slimebound:ComboTackle","Slimebound:ViciousTackle"],"picked":"SKIP","floor":13},{"not_picked":["Slimebound:ComboTackle","Slimebound:SamplingLick","Slimebound:GrowthPunch"],"picked":"SKIP","floor":14},{"not_picked":["Slimebound:ForwardTackle","Slimebound:FirmFortitude"],"picked":"Slimebound:SplitLeeching","floor":15}],"player_experience":213249,"relics_obtained":[{"floor":7,"key":"Slimebound:AggressiveSlimeRelic"},{"floor":13,"key":"StrikeDummy"}],"event_choices":[{"damage_healed":0,"gold_gain":0,"player_choice":"Ignored","damage_taken":0,"max_hp_gain":0,"max_hp_loss":0,"event_name":"NoteForYourself","floor":11,"gold_loss":0}],"is_beta":false,"boss_relics":[],"items_purged_floors":[5],"is_endless":false,"potions_floor_spawned":[6,13,15],"killed_by":"downfall:Defect","ascension_level":0}}