{"host":"mwsmbxdngw43p4je","time":1608863220,"event":{"mods":["BaseMod","Better Third Choice","Colored Map","Colored Powertips","DeckTracker","Downfall","Minty Spire (QoL Compilation)","Permanent Neow","Quick Restart","Relic Stats","Replay The Spire","StSLib"],"gold_per_floor":[99,119,26,26,26,26,51,69,69,81,66,97,116,148,159,257,257,182,192,205,221,233,233,233,259,209,119,44,44,44,54,65,160,160,160,177,177,191,201,221,268,278,297,322,64,64,82,110,143,159],"floor_reached":51,"playtime":4746,"items_purged":["Slimebound:Defend_Slimebound","Slimebound:Defend_Slimebound"],"score":728,"play_id":"7ed0de1e-95bc-4dbe-8d88-5fd0a664fd4e","local_time":"20201224202700","is_ascension_mode":true,"campfire_choices":[{"data":"Apotheosis","floor":1.0,"key":"SMITH"},{"floor":6.0,"key":"RECALL"},{"floor":18.0,"key":"DIG"},{"data":"Slimebound:DouseInSlime","floor":23,"key":"SMITH"},{"data":"Slimebound:RejuvenatingLick","floor":28,"key":"SMITH"},{"data":"Slimebound:MassFeed","floor":35,"key":"SMITH"},{"data":"Slimebound:HauntingLick","floor":46,"key":"SMITH"}],"circlet_count":0,"master_deck":["Slimebound:Strike_Slimebound","Slimebound:Tackle","Slimebound:Defend_Slimebound","Slimebound:Split","Slimebound:CorrosiveSpit","Apotheosis+1","Slimebound:Recollect","Slimebound:SpikyOuterGoop","Slimebound:Nibble","Slimebound:RollThrough","Slimebound:Gluttony","Slimebound:ViciousTackle","Slimebound:LeechLife","Slimebound:TongueLash","Slimebound:HungryTackle","Slimebound:BestDefense+1","Slimebound:DouseInSlime+1","Slimebound:RejuvenatingLick+1","Slimebound:SamplingLick+1","Slimebound:Grow+1","Slimebound:DisruptingSlam","Slimebound:LeechingTouch+1","Slimebound:HauntingLick+1","Shame","Slimebound:LeadByExample+1","Slimebound:ForwardTackle+1","Slimebound:MassFeed+1","expansioncontent:Flail","Slimebound:Schlurp+1","Slimebound:RainOfGoop+1","Slimebound:Recollect","Slimebound:Gluttony+1","Slimebound:HungryTackle+1","Slimebound:TongueLash+1"],"relics":["Slimebound:AbsorbEndCombat","ReplayTheSpireMod:Lightbulb","Nunchaku","TungstenRod","Frozen Egg 2","Empty Cage","downfall:HeartBlessingRed","WingedGreaves","Centennial Puzzle","downfall:HeartBlessingBlue","Lantern","Painkiller Herb","Bag of Marbles","Molten Egg 2","Replay:Baseball","Replay:Bandana"],"acts_visited":["Exordium","TheCity","TheBeyond"],"potions_floor_usage":[25,50,50,50],"damage_taken":[{"damage":6.0,"enemies":"Jaw Worm","floor":2.0,"turns":3.0},{"damage":18.0,"enemies":"downfall:FleeingMerchant","floor":3.0,"turns":4.0},{"damage":8.0,"enemies":"Small Slimes","floor":8.0,"turns":2.0},{"damage":0.0,"enemies":"2 Louse","floor":10.0,"turns":2.0},{"damage":11.0,"enemies":"downfall:FleeingMerchant","floor":11.0,"turns":4.0},{"damage":24.0,"enemies":"Lagavulin","floor":12.0,"turns":6.0},{"damage":17.0,"enemies":"Blue Slaver","floor":13.0,"turns":3.0},{"damage":19.0,"enemies":"Replay:BlueRogue","floor":14.0,"turns":5.0},{"damage":28.0,"enemies":"Gremlin Gang","floor":15.0,"turns":4.0},{"damage":58.0,"enemies":"downfall:Silent","floor":16.0,"turns":7.0},{"damage":50.0,"enemies":"Shell Parasite","floor":19.0,"turns":5.0},{"damage":18.0,"enemies":"3 Byrds","floor":20.0,"turns":5.0},{"damage":30,"enemies":"Centurion and Healer","floor":21,"turns":6},{"damage":6,"enemies":"Snecko","floor":22,"turns":3},{"damage":62,"enemies":"Gremlin Leader","floor":25,"turns":6},{"damage":26,"enemies":"downfall:FleeingMerchant","floor":27,"turns":4},{"damage":16,"enemies":"Chosen and Byrds","floor":31,"turns":5},{"damage":14,"enemies":"Snake Plant","floor":32,"turns":2},{"damage":28,"enemies":"downfall:Defect","floor":33,"turns":7},{"damage":12,"enemies":"3 Shapes","floor":36,"turns":3},{"damage":19,"enemies":"3 Darklings","floor":38,"turns":4},{"damage":21,"enemies":"Writhing Mass","floor":39,"turns":4},{"damage":28,"enemies":"Maw","floor":40,"turns":7},{"damage":20,"enemies":"Sphere and 2 Shapes","floor":42,"turns":4},{"damage":14,"enemies":"Spire Growth","floor":43,"turns":3},{"damage":51,"enemies":"Nemesis","floor":44,"turns":5},{"damage":26,"enemies":"downfall:FleeingMerchant","floor":45,"turns":4},{"damage":34,"enemies":"4 Shapes","floor":47,"turns":4},{"damage":31,"enemies":"R_Hoarder","floor":48,"turns":6},{"damage":16,"enemies":"Sphere and 2 Shapes","floor":49,"turns":4},{"damage":17,"enemies":"downfall:Ironclad","floor":50,"turns":6}],"seed_played":"4245920323350058395","potions_obtained":[{"floor":2.0,"key":"Adrenaline Potion"},{"floor":10.0,"key":"SteroidPotion"},{"floor":12.0,"key":"champ:CounterPotion"},{"floor":13.0,"key":"AttackPotion"},{"floor":16.0,"key":"champ:CounterPotion"},{"floor":22,"key":"PowerPotion"},{"floor":29,"key":"CultistPotion"},{"floor":43,"key":"Strength Potion"},{"floor":47,"key":"CultistPotion"}],"is_trial":false,"path_per_floor":["R","M","$","?","?","R","T","M","?","M","$","E","M","E","M","B",null,"R_BF","M","M","M","M","R","T","E","?","$","R","?","?","M","M","B",null,"T","?","?","?","?","?","T","?","?","E","T","T","?","E","?","B",null],"character_chosen":"SLIMEBOUND","items_purchased":["Slimebound:Nibble","Replay:Baseball"],"campfire_rested":0,"item_purchase_floors":[3,45],"current_hp_per_floor":[54,54,54,42,42,42,42,54,54,54,54,52,54,54,50,49,54,54,49,50,51,54,54,54,28,52,53,63,63,63,64,58,59,64,64,60,60,56,64,64,64,68,68,36,62,62,64,52,54,68],"gold":159,"neow_bonus":"RANDOM_COLORLESS_2","is_daily":false,"chose_seed":false,"campfire_upgraded":5,"win_rate":0.0,"timestamp":1608863220,"path_taken":["R","M","$","?","?","R","T","M","?","M","?","E","M","E","M","BOSS","R_BF","M","M","?","?","R","T","E","?","$","R","?","?","M","M","BOSS","T","?","?","?","?","?","T","?","?","E","T","T","?","E","?","BOSS"],"items_purchased_type":["Card","Relic"],"build_version":"2020-12-22","purchased_purges":2,"victory":true,"max_hp_per_floor":[54,54,54,54,54,54,54,54,54,54,54,54,54,54,54,54,54,54,54,54,54,54,54,54,54,54,54,64,64,64,64,64,64,64,64,64,64,64,64,64,64,68,68,68,68,68,68,68,68,68],"relic_stats":{"Nunchaku":[21],"Centennial Puzzle":[48],"counters":[31,134],"obtain_stats":[{"Lantern":30,"downfall:HeartBlessingRed":18,"Painkiller Herb":34,"Frozen Egg 2":14,"Empty Cage":17,"Nunchaku":7,"Centennial Puzzle":25,"Replay:Baseball":45,"Replay:Bandana":48,"downfall:HeartBlessingBlue":28,"Molten Egg 2":44,"WingedGreaves":18,"Slimebound:AbsorbEndCombat":0,"Bag of Marbles":41,"ReplayTheSpireMod:Lightbulb":4,"TungstenRod":12},{"Lantern":16,"downfall:HeartBlessingRed":10,"Painkiller Herb":19,"Frozen Egg 2":8,"Empty Cage":10,"Nunchaku":2,"Centennial Puzzle":15,"Replay:Baseball":27,"Replay:Bandana":29,"downfall:HeartBlessingBlue":16,"Molten Egg 2":26,"WingedGreaves":10,"Slimebound:AbsorbEndCombat":0,"Bag of Marbles":23,"ReplayTheSpireMod:Lightbulb":2,"TungstenRod":6},{"Lantern":68,"downfall:HeartBlessingRed":40,"Painkiller Herb":81,"Frozen Egg 2":29,"Empty Cage":40,"Nunchaku":7,"Centennial Puzzle":64,"Replay:Baseball":114,"Replay:Bandana":124,"downfall:HeartBlessingBlue":68,"Molten Egg 2":110,"WingedGreaves":40,"Slimebound:AbsorbEndCombat":0,"Bag of Marbles":99,"ReplayTheSpireMod:Lightbulb":7,"TungstenRod":21}],"TungstenRod":170},"card_choices":[{"not_picked":["The Bomb","Secret Technique"],"picked":"Apotheosis","floor":0.0},{"not_picked":["Slimebound:LeechEnergy","Slimebound:FinishingTackle"],"picked":"Slimebound:Recollect","floor":2.0},{"not_picked":["Slimebound:SplitAcid","Slimebound:SplitBruiser"],"picked":"Slimebound:SpikyOuterGoop","floor":3.0},{"not_picked":["Slimebound:GoopSpray","Slimebound:SlimeSpikes"],"picked":"Slimebound:RollThrough","floor":8.0},{"not_picked":["Slimebound:ItLooksTasty","Slimebound:SplitMire"],"picked":"Slimebound:Gluttony","floor":10.0},{"not_picked":["Slimebound:FinishingTackle","Slimebound:SplitLeeching"],"picked":"Slimebound:ViciousTackle","floor":11.0},{"not_picked":["Slimebound:GrowthPunch","Slimebound:SplitBruiser"],"picked":"Slimebound:LeechLife","floor":12.0},{"not_picked":["Slimebound:SplitBruiser","Slimebound:RollThrough"],"picked":"Slimebound:TongueLash","floor":13.0},{"not_picked":["Slimebound:SplitBruiser","Slimebound:RollThrough"],"picked":"Slimebound:HungryTackle","floor":14.0},{"not_picked":["Slimebound:Prepare","Slimebound:LeechEnergy"],"picked":"Slimebound:BestDefense+1","floor":15.0},{"not_picked":["Slimebound:Teamwork","Slimebound:Darklings"],"picked":"Slimebound:DouseInSlime","floor":16.0},{"not_picked":["Slimebound:ViciousTackle","Slimebound:SplitAcid"],"picked":"Slimebound:RejuvenatingLick","floor":19.0},{"not_picked":["Slimebound:SlimeSpikes","Slimebound:SlimeTap"],"picked":"Slimebound:SamplingLick+1","floor":20.0},{"not_picked":["Slimebound:SplitAcid","Slimebound:ComboTackle+1"],"picked":"Slimebound:Grow+1","floor":21},{"not_picked":["Slimebound:SlimeTap","Slimebound:MassRepurpose"],"picked":"Slimebound:DisruptingSlam","floor":22},{"not_picked":["Slimebound:LivingWall","Slimebound:Grow+1"],"picked":"Slimebound:LeechingTouch+1","floor":25},{"not_picked":["Slimebound:ViciousTackle+1","Slimebound:TongueLash"],"picked":"Slimebound:HauntingLick","floor":27},{"not_picked":["Slimebound:LeechingTouch+1","Slimebound:SplitMire"],"picked":"Slimebound:LeadByExample+1","floor":31},{"not_picked":["Slimebound:SlimeBarrage+1","Slimebound:GoopSpray"],"picked":"Slimebound:ForwardTackle+1","floor":32},{"not_picked":["Slimebound:Darklings","Slimebound:MinionMaster+1"],"picked":"Slimebound:MassFeed","floor":33},{"not_picked":["Slimebound:SplitMire","Slimebound:FinishingTackle+1","Slimebound:LeechEnergy+1"],"picked":"SKIP","floor":36},{"not_picked":["expansioncontent:Collect+1","expansioncontent:DefensiveStance+1"],"picked":"expansioncontent:Flail","floor":37},{"not_picked":["Slimebound:ProtectTheBoss+1","Slimebound:RollThrough"],"picked":"Slimebound:Schlurp+1","floor":38},{"not_picked":["Slimebound:Grow+1","Slimebound:SplitMire","Slimebound:ProtectTheBoss+1"],"picked":"SKIP","floor":39},{"not_picked":["Slimebound:LeechEnergy","Slimebound:HungryTackle+1"],"picked":"Slimebound:RainOfGoop+1","floor":40},{"not_picked":["Slimebound:FinishingTackle+1","Slimebound:SplitAcid+1"],"picked":"Slimebound:Recollect","floor":42},{"not_picked":["Slimebound:LeechEnergy+1","Slimebound:MassFeed","Slimebound:FinishingTackle"],"picked":"SKIP","floor":43},{"not_picked":["Slimebound:Schlurp+1","Slimebound:ProtectTheBoss+1","Slimebound:LeechEnergy+1"],"picked":"SKIP","floor":44},{"not_picked":["Slimebound:SplitBruiser+1","Slimebound:SlimeBarrage+1"],"picked":"Slimebound:Gluttony+1","floor":45},{"not_picked":["Slimebound:GoopSpray","Slimebound:Nibble+1"],"picked":"Slimebound:HungryTackle+1","floor":47},{"not_picked":["Slimebound:GrowthPunch+1","Slimebound:LeechEnergy+1"],"picked":"Slimebound:TongueLash+1","floor":48},{"not_picked":["Slimebound:RollThrough+1","Slimebound:Nibble+1","Slimebound:Grow+1"],"picked":"SKIP","floor":49}],"player_experience":433642,"relics_obtained":[{"floor":7.0,"key":"Nunchaku"},{"floor":12.0,"key":"TungstenRod"},{"floor":14.0,"key":"Frozen Egg 2"},{"floor":18.0,"key":"WingedGreaves"},{"floor":25,"key":"Centennial Puzzle"},{"floor":41,"key":"Bag of Marbles"},{"floor":44,"key":"Molten Egg 2"},{"floor":48,"key":"Replay:Bandana"}],"event_choices":[{"damage_healed":0.0,"max_hp_gain":0.0,"max_hp_loss":0.0,"gold_gain":0.0,"event_name":"Scrap Ooze","player_choice":"Success","floor":4.0,"gold_loss":0.0,"damage_taken":12.0,"relics_obtained":["ReplayTheSpireMod:Lightbulb"]},{"damage_healed":0,"gold_gain":0,"player_choice":"Stole Relic","damage_taken":0,"relics_obtained":["Lantern"],"max_hp_gain":0,"max_hp_loss":0,"event_name":"Addict","floor":30,"gold_loss":0,"cards_obtained":["Shame"]}],"is_beta":false,"boss_relics":[{"not_picked":["Ring of Chaos","Astrolabe"],"picked":"Empty Cage"},{"not_picked":["Replay:Drink Me","Replay:Bronze Core"],"picked":"Painkiller Herb"}],"items_purged_floors":[27,45],"is_endless":false,"potions_floor_spawned":[2,10,12,13,14,16,21,22,31,32,33,38,43,47,48,49],"ascension_level":1}}