{"host":"ujyomg7d1f18u2we","time":1608911747,"event":{"mods":["AchievementEnabler","AlwaysNeverKeys","Aspiration","BaseMod","Colored Map","DeckTracker","Gremlin Skip","Highlight Path","Hubris","Minty Spire (QoL Compilation)","Quick Restart","Random Character Button","StSLib"],"gold_per_floor":[110,122,122,140,154,154,154],"floor_reached":6,"playtime":241,"items_purged":[],"score":38,"play_id":"f2d69b52-3c99-400d-b16f-a58ecd264e5f","local_time":"20201225125547","is_ascension_mode":false,"campfire_choices":[],"circlet_count":0,"master_deck":["Strike_R","Strike_R","Strike_R","Strike_R","Strike_R","Defend_R","Defend_R","Defend_R","Defend_R","Bash","Body Slam","Shrug It Off","Double Tap","Blood for Blood"],"relics":["Burning Blood","aspiration:Nostalgia","Ring of the Snake"],"acts_visited":["Exordium"],"potions_floor_usage":[4],"damage_taken":[{"damage":10,"enemies":"Jaw Worm","floor":1,"turns":4},{"damage":1,"enemies":"Cultist","floor":2,"turns":3},{"damage":0,"enemies":"2 Louse","floor":4,"turns":4},{"damage":41,"enemies":"Exordium Thugs","floor":5,"turns":7},{"damage":59,"enemies":"Lagavulin","floor":6,"turns":8}],"seed_played":"-5505749436641037406","potions_obtained":[{"floor":2,"key":"ColorlessPotion"},{"floor":4,"key":"Strength Potion"}],"is_trial":false,"path_per_floor":["M","M","?","M","M","E"],"character_chosen":"IRONCLAD","items_purchased":[],"campfire_rested":0,"item_purchase_floors":[],"current_hp_per_floor":[76,80,80,80,45,0,0],"gold":154,"neow_bonus":"NOSTALGIA","is_daily":false,"chose_seed":false,"campfire_upgraded":0,"win_rate":0.0,"timestamp":1608911747,"path_taken":["M","M","?","M","?","E"],"items_purchased_type":[],"build_version":"2020-12-22","purchased_purges":0,"victory":false,"max_hp_per_floor":[80,80,80,80,80,80,80],"card_choices":[{"not_picked":["Sever Soul","Infernal Blade"],"picked":"Body Slam","floor":1},{"not_picked":["Havoc","Twin Strike"],"picked":"Shrug It Off","floor":2},{"not_picked":["Body Slam","Whirlwind","Havoc"],"picked":"SKIP","floor":4},{"not_picked":["Perfected Strike","Armaments"],"picked":"Blood for Blood","floor":5}],"player_experience":1562694,"relics_obtained":[],"event_choices":[{"damage_healed":0,"gold_gain":0,"player_choice":"1 cards matched","damage_taken":0,"max_hp_gain":0,"max_hp_loss":0,"event_name":"Match and Keep!","floor":3,"gold_loss":0,"cards_obtained":["Double Tap"]}],"is_beta":false,"boss_relics":[],"items_purged_floors":[],"is_endless":false,"potions_floor_spawned":[2,4],"killed_by":"Lagavulin","ascension_level":0}}