{"host":"0vobf7lgf552vogm","time":1608862370,"event":{"mods":["AchievementEnabler","Act Like it!","BaseMod","Better Sensory Stone","Colored Map","DeckTracker","Minty Spire (QoL Compilation)","Pale of the Ancients","Rare Cards Sparkle","Relic Stats","StSLib","Synergy Search","Unceasing Turn Reminder","Wandering Minibosses"],"gold_per_floor":[15,15,30,30,30,41,41,61,61,61,855,866,884,317,317,419,419,432,443,455,472,397,397,417,72,72,82,82,182,192,210,210,308,308,323,373,373,373,383,383,395,395,395,118,118,118,131,161,161,161,161],"floor_reached":50,"playtime":3269,"items_purged":["Defend_P","Strike_P","Strike_P"],"score":518,"play_id":"5a97e82e-b19a-41b3-8536-abbfe5fbef3f","local_time":"20201225031250","is_ascension_mode":false,"campfire_choices":[{"data":"Eruption","floor":7,"key":"SMITH"},{"floor":15,"key":"REST"},{"data":"WindmillStrike","floor":23,"key":"SMITH"},{"data":"Deep Breath","floor":28,"key":"SMITH"},{"data":"WaveOfTheHand","floor":32,"key":"SMITH"},{"floor":40,"key":"RECALL"},{"data":"SpiritShield","floor":46,"key":"SMITH"},{"floor":49,"key":"REST"}],"circlet_count":0,"master_deck":["Defend_P","Defend_P","Defend_P+1","Eruption+1","Vigilance+1","Panache","CarveReality","WaveOfTheHand+1","FlurryOfBlows","InnerPeace","Deep Breath+1","Adaptation","Pray","Crescendo","Bandage Up","MasterReality","EmptyMind","WindmillStrike+1","ReachHeaven","Brilliance","Crescendo+1","Prostrate","Conclude","SpiritShield+1","Madness","Madness","Devotion","Halt+1","ThirdEye+1"],"relics":["PureWater","wanderingMiniBosses:MasterThiefsPresence","Eternal Feather","Art of War","SacredBark","Mercury Hourglass","Shuriken","VioletLotus","Ice Cream","Bronze Scales","Toolbox","Happy Flower","Mummified Hand"],"acts_visited":["Exordium","TheCity","TheBeyond"],"potions_floor_usage":[11,11,11,13,20,33,48,50,50],"damage_taken":[{"damage":0,"enemies":"2 Louse","floor":1,"turns":3},{"damage":2,"enemies":"Small Slimes","floor":3,"turns":4},{"damage":0,"enemies":"Cultist","floor":6,"turns":2},{"damage":5,"enemies":"Gremlin Gang","floor":8,"turns":3},{"damage":4,"enemies":"2 Fungi Beasts","floor":11,"turns":6},{"damage":0,"enemies":"3 Louse","floor":12,"turns":2},{"damage":0,"enemies":"Lots of Slimes","floor":13,"turns":3},{"damage":39,"enemies":"The Guardian","floor":16,"turns":6},{"damage":14,"enemies":"Spheric Guardian","floor":18,"turns":4},{"damage":7,"enemies":"Chosen","floor":19,"turns":4},{"damage":13,"enemies":"Sentry and Sphere","floor":20,"turns":6},{"damage":12,"enemies":"Snecko","floor":21,"turns":5},{"damage":12,"enemies":"Snake Plant","floor":24,"turns":4},{"damage":2,"enemies":"Shelled Parasite and Fungi","floor":27,"turns":3},{"damage":5,"enemies":"Centurion and Healer","floor":30,"turns":3},{"damage":0,"enemies":"Snecko","floor":31,"turns":4},{"damage":25,"enemies":"Automaton","floor":33,"turns":5},{"damage":5,"enemies":"3 Shapes","floor":35,"turns":3},{"damage":0,"enemies":"Mind Bloom Boss Battle","floor":36,"turns":4},{"damage":9,"enemies":"Orb Walker","floor":39,"turns":3},{"damage":15,"enemies":"Transient","floor":41,"turns":5},{"damage":18,"enemies":"Maw","floor":47,"turns":5},{"damage":24,"enemies":"Giant Head","floor":48,"turns":5},{"damage":109,"enemies":"Awakened One","floor":50,"turns":7}],"seed_played":"1751518542141497339","potions_obtained":[{"floor":1,"key":"BottledMiracle"},{"floor":5,"key":"LiquidMemories"},{"floor":5,"key":"Strength Potion"},{"floor":6,"key":"BlessingOfTheForge"},{"floor":11,"key":"GamblersBrew"},{"floor":18,"key":"FearPotion"},{"floor":19,"key":"Block Potion"},{"floor":24,"key":"BottledMiracle"},{"floor":30,"key":"SkillPotion"},{"floor":33,"key":"Dexterity Potion"},{"floor":36,"key":"Ambrosia"},{"floor":47,"key":"AttackPotion"},{"floor":48,"key":"BlessingOfTheForge"}],"is_trial":false,"path_per_floor":["M","?","M","?","?","M","R","M","T","?","M","M","M","$","R","B",null,"M","M","M","M","?","R","M","$","T","M","R","?","M","M","R","B",null,"M","?","?","?","M","R","M","?","T","$","T","R","M","E","R","B"],"character_chosen":"WATCHER","items_purchased":["Eternal Feather","Art of War","Bandage Up","Mercury Hourglass","Toolbox"],"campfire_rested":2,"item_purchase_floors":[14,14,14,25,44],"current_hp_per_floor":[72,65,63,49,49,49,49,44,44,44,40,40,40,40,70,35,72,58,55,46,38,38,50,42,42,42,44,56,56,55,55,67,46,72,67,67,67,58,49,64,53,53,53,53,53,68,54,34,70,0,0],"gold":161,"neow_bonus":"RANDOM_COLORLESS_2","is_daily":false,"chose_seed":false,"campfire_upgraded":5,"win_rate":0.0,"timestamp":1608862370,"path_taken":["M","?","M","?","?","?","R","?","T","?","M","?","M","$","R","BOSS","M","M","?","M","?","R","M","?","T","?","R","?","?","?","R","BOSS","M","?","?","?","?","R","M","?","T","$","?","R","M","E","R","BOSS"],"items_purchased_type":["Relic","Relic","Card","Relic","Relic"],"build_version":"2020-12-22","purchased_purges":3,"victory":false,"max_hp_per_floor":[72,72,72,72,72,72,72,72,72,72,72,72,72,72,72,72,72,72,72,72,72,72,72,72,72,72,72,72,72,72,72,72,72,72,72,72,72,72,72,72,72,72,72,72,72,72,72,72,72,72,72],"relic_stats":{"Happy Flower":[5],"counters":[24,99],"Shuriken":[22],"Mummified Hand":[6],"Bronze Scales":[45],"Eternal Feather":90,"VioletLotus":[7],"Art of War":[8],"obtain_stats":[{"Ice Cream":36,"Happy Flower":45,"SacredBark":17,"wanderingMiniBosses:MasterThiefsPresence":11,"Eternal Feather":14,"Mercury Hourglass":25,"Shuriken":26,"Mummified Hand":48,"Bronze Scales":43,"Toolbox":44,"VioletLotus":34,"Art of War":14,"PureWater":0},{"Ice Cream":19,"Happy Flower":21,"SacredBark":8,"wanderingMiniBosses:MasterThiefsPresence":5,"Eternal Feather":7,"Mercury Hourglass":13,"Shuriken":13,"Mummified Hand":23,"Bronze Scales":21,"Toolbox":21,"VioletLotus":17,"Art of War":7,"PureWater":0},{"Ice Cream":74,"Happy Flower":82,"SacredBark":29,"wanderingMiniBosses:MasterThiefsPresence":18,"Eternal Feather":23,"Mercury Hourglass":52,"Shuriken":52,"Mummified Hand":92,"Bronze Scales":82,"Toolbox":82,"VioletLotus":67,"Art of War":23,"PureWater":0}],"Mercury Hourglass":[178]},"card_choices":[{"not_picked":["Transmutation","Violence"],"picked":"Panache","floor":0},{"not_picked":["PathToVictory","ThirdEye"],"picked":"CarveReality","floor":1},{"not_picked":["JustLucky","SashWhip"],"picked":"WaveOfTheHand","floor":3},{"not_picked":["Halt","ThirdEye"],"picked":"FlurryOfBlows","floor":6},{"not_picked":["EmptyBody","Evaluate"],"picked":"InnerPeace","floor":8},{"not_picked":["Chrysalis","Apotheosis"],"picked":"Deep Breath","floor":10},{"not_picked":["SignatureMove","Halt"],"picked":"Adaptation","floor":11},{"not_picked":["Halt","WheelKick"],"picked":"Pray","floor":12},{"not_picked":["Vengeance","Halt"],"picked":"Crescendo","floor":13},{"not_picked":["Omniscience","DevaForm"],"picked":"MasterReality","floor":16},{"not_picked":["CutThroughFate","Crescendo","FlyingSleeves"],"picked":"SKIP","floor":18},{"not_picked":["Prostrate","Vengeance"],"picked":"EmptyMind","floor":19},{"not_picked":["FlyingSleeves","Halt"],"picked":"WindmillStrike","floor":20},{"not_picked":["Tantrum+1","Pray"],"picked":"ReachHeaven","floor":21},{"not_picked":["SashWhip","Wireheading"],"picked":"Brilliance","floor":24},{"not_picked":["CutThroughFate","Protect+1"],"picked":"Crescendo+1","floor":27},{"not_picked":["WindmillStrike","CutThroughFate"],"picked":"Prostrate","floor":30},{"not_picked":["Crescendo","Protect"],"picked":"Conclude","floor":31},{"not_picked":["Vault","Wish"],"picked":"SpiritShield","floor":33},{"not_picked":["Adaptation","PathToVictory","JustLucky+1"],"picked":"SKIP","floor":35},{"not_picked":["Halt","ThirdEye+1"],"picked":"Devotion","floor":39},{"not_picked":["Adaptation+1","Halt+1"],"picked":"ThirdEye","floor":41},{"not_picked":["BowlingBash+1","Fasting2"],"picked":"Halt+1","floor":47},{"not_picked":["Conclude","Consecrate+1"],"picked":"ThirdEye+1","floor":48}],"player_experience":793830,"relics_obtained":[{"floor":11,"key":"wanderingMiniBosses:MasterThiefsPresence"},{"floor":26,"key":"Shuriken"},{"floor":36,"key":"Ice Cream"},{"floor":43,"key":"Bronze Scales"},{"floor":45,"key":"Happy Flower"},{"floor":48,"key":"Mummified Hand"}],"event_choices":[{"cards_removed":["Strike_P"],"damage_healed":0,"gold_gain":0,"player_choice":"Card Removal","damage_taken":7,"max_hp_gain":0,"max_hp_loss":0,"event_name":"Golden Wing","floor":2,"gold_loss":0},{"damage_healed":0,"gold_gain":0,"player_choice":"Entered Light","damage_taken":14,"max_hp_gain":0,"max_hp_loss":0,"event_name":"Shining Light","floor":4,"gold_loss":0,"cards_upgraded":["Defend_P","Vigilance"]},{"damage_healed":0,"gold_gain":0,"player_choice":"Got Potions","damage_taken":0,"max_hp_gain":0,"max_hp_loss":0,"event_name":"Lab","floor":5,"gold_loss":0},{"damage_healed":0,"gold_gain":1,"player_choice":"1","damage_taken":0,"max_hp_gain":0,"max_hp_loss":0,"event_name":"betterStone:BetterStone","floor":10,"gold_loss":0},{"cards_removed":["Strike_P"],"damage_healed":0,"gold_gain":0,"player_choice":"Gave Gold","damage_taken":0,"max_hp_gain":0,"max_hp_loss":0,"event_name":"Beggar","floor":22,"gold_loss":75},{"damage_healed":0,"gold_gain":100,"player_choice":"Pray","damage_taken":0,"max_hp_gain":0,"max_hp_loss":0,"event_name":"Golden Shrine","floor":29,"gold_loss":0},{"damage_healed":0,"gold_gain":0,"player_choice":"Fight","damage_taken":0,"max_hp_gain":0,"max_hp_loss":0,"event_name":"MindBloom","floor":36,"gold_loss":0},{"damage_healed":0,"gold_gain":0,"player_choice":"Ignored","damage_taken":0,"max_hp_gain":0,"max_hp_loss":0,"event_name":"Tomb of Lord Red Mask","floor":37,"gold_loss":0},{"damage_healed":0,"gold_gain":0,"player_choice":"Embrace Madness","damage_taken":9,"max_hp_gain":0,"max_hp_loss":0,"event_name":"Winding Halls","floor":38,"gold_loss":0,"cards_obtained":["Madness","Madness"]},{"cards_removed":["ThirdEye"],"damage_healed":0,"gold_gain":0,"player_choice":"Removed Skill","damage_taken":0,"max_hp_gain":0,"max_hp_loss":0,"event_name":"Falling","floor":42,"gold_loss":0}],"is_beta":false,"boss_relics":[{"not_picked":["Black Star","Velvet Choker"],"picked":"SacredBark"},{"not_picked":["Fusion Hammer","Busted Crown"],"picked":"VioletLotus"}],"items_purged_floors":[14,25,44],"is_endless":false,"potions_floor_spawned":[1,6,11,18,19,24,30,33,36,47,48],"killed_by":"Awakened One","ascension_level":0}}