{"host":"e4wnmsyty9uvvtwf","time":1608904983,"event":{"mods":["Aspiration","BaseMod","Colored Map","Colored Powertips","Marisa£®ÏF”Í°°ƒß¿Ì…≥£©","Minty Spire (QoL Compilation)","Rare Cards Sparkle","Replay The Spire","StSLib"],"gold_per_floor":[112,112,262,286,302,302,96,96,96,96,96,96],"floor_reached":11,"playtime":274,"items_purged":[],"score":116,"play_id":"68791602-ae3d-4b35-9175-446ec0e6b46e","local_time":"20201225220303","is_ascension_mode":true,"campfire_choices":[{"data":"Neutralize","floor":6,"key":"SMITH"},{"data":"Panache","floor":8,"key":"SMITH"},{"data":"Footwork","floor":10,"key":"SMITH"}],"circlet_count":0,"master_deck":["AscendersBane","Strike_G","Strike_G","Strike_G","Strike_G","Strike_G","Defend_G","Defend_G","Defend_G","Defend_G","Defend_G","Survivor","Neutralize+1","Panache+1","Outmaneuver","Injury","Doubt","Slice","Footwork+1","Backflip","Bandage Up"],"relics":["Ring of the Snake","Golden Idol","aspiration:SeaSaltIceCream","Cracked Core"],"acts_visited":["Exordium"],"potions_floor_usage":[11],"damage_taken":[{"damage":2,"enemies":"Small Slimes","floor":1,"turns":5},{"damage":20,"enemies":"Jaw Worm","floor":4,"turns":9},{"damage":7,"enemies":"Cultist","floor":5,"turns":5},{"damage":30,"enemies":"3 Sentries","floor":11,"turns":7}],"seed_played":"2699854468410126459","potions_obtained":[{"floor":5,"key":"EssenceOfSteel"}],"is_trial":false,"path_per_floor":["M","?","?","M","M","R","$","R","T","R","E"],"character_chosen":"THE_SILENT","items_purchased":["Footwork","Backflip","Bandage Up"],"campfire_rested":0,"item_purchase_floors":[7,7,7],"current_hp_per_floor":[57,57,57,37,30,30,30,30,30,30,4,4],"gold":96,"neow_bonus":"RANDOM_COLORLESS_2","is_daily":false,"chose_seed":false,"campfire_upgraded":3,"win_rate":0.0,"timestamp":1608904983,"path_taken":["M","?","?","M","M","R","$","R","T","R","E"],"items_purchased_type":["Card","Card","Card"],"build_version":"2020-12-22","purchased_purges":0,"victory":false,"max_hp_per_floor":[60,60,60,60,60,60,60,60,60,60,60,60],"card_choices":[{"not_picked":["ReplayTheSpireMod:Brewmster","Thinking Ahead"],"picked":"Panache","floor":0},{"not_picked":["Dodge and Roll","Acrobatics"],"picked":"Outmaneuver","floor":1},{"not_picked":["Dodge and Roll","Masterful Stab","Quick Slash"],"picked":"SKIP","floor":4},{"not_picked":["PiercingWail","Heel Hook"],"picked":"Slice","floor":5}],"player_experience":650639,"relics_obtained":[{"floor":9,"key":"aspiration:SeaSaltIceCream"}],"event_choices":[{"damage_healed":0,"gold_gain":0,"player_choice":"Take Wound","damage_taken":0,"relics_obtained":["Golden Idol"],"max_hp_gain":0,"max_hp_loss":0,"event_name":"Golden Idol","floor":2,"gold_loss":0,"cards_obtained":["Injury"]},{"damage_healed":0,"gold_gain":150,"player_choice":"AGREE","damage_taken":0,"max_hp_gain":0,"max_hp_loss":0,"event_name":"Liars Game","floor":3,"gold_loss":0,"cards_obtained":["Doubt"]}],"is_beta":false,"boss_relics":[],"items_purged_floors":[],"is_endless":false,"potions_floor_spawned":[5],"killed_by":"3 Sentries","ascension_level":18}}