{"host":"6ld56ls1xbe0aj21","time":1608879178,"event":{"mods":["AchievementEnabler","BaseMod","Colored Powertips","Minty Spire (QoL Compilation)","Quick Restart","Rare Cards Sparkle","StSLib","SuperFastMode","everything is the same but u backflip on backflip","slay the spire mod where everything is the same but ironclad has a cowboy hat"],"gold_per_floor":[157,157,194,278,313,399,399,452,452,491,541,541,591,690,690,838,838,881,1030,1080,1130,1240,1240,1284,52,52,113,153,187,187,237,237,358,358,397,488,871,934,977,977,1029,1029,1029,1042,1054,1074,1124,1166,1166,1166,1166,1166,17,75,75],"floor_reached":56,"playtime":3002,"items_purged":["Writhe"],"score":1657,"play_id":"93d47b28-e25c-48b9-b86d-6f2dae0f6d15","local_time":"20201225175258","is_ascension_mode":true,"campfire_choices":[{"data":"HandOfGreed","floor":12.0,"key":"SMITH"},{"floor":15.0,"key":"REST"},{"data":"Coolheaded","floor":23.0,"key":"SMITH"},{"data":"Double Energy","floor":30.0,"key":"SMITH"},{"data":"Darkness","floor":32.0,"key":"SMITH"},{"data":"Fission","floor":40.0,"key":"SMITH"},{"floor":42.0,"key":"RECALL"},{"data":"Rainbow","floor":49.0,"key":"SMITH"},{"data":"Electrodynamics","floor":52.0,"key":"SMITH"}],"circlet_count":0,"master_deck":["Strike_B","Defend_B","Defend_B","Defend_B","Defend_B","Zap","Dualcast","HandOfGreed+1","Beam Cell","Glacier","Melter","Coolheaded+1","Auto Shields","Rebound","Darkness+1","Rip and Tear","Electrodynamics+1","CurseOfTheBell","Self Repair","Undo","Hologram","Double Energy+1","Rainbow+1","Chill+1","Fission+1","Hologram","Stack+1","Double Energy+1","Turbo+1","Conserve Battery+1","Creative AI","Aggregate+1","Loop"],"relics":["Cracked Core","SsserpentHead","The Courier","Pear","Cables","Calling Bell","Anchor","StrikeDummy","Lizard Tail","InkBottle","Red Mask","Medical Kit","Omamori","TungstenRod","Toy Ornithopter","Kunai","Ice Cream","Bag of Marbles","Bottled Tornado","Meat on the Bone","Gremlin Horn","WarpedTongs","Inserter","Strawberry","Membership Card","Mercury Hourglass","Bottled Lightning","Mango","Turnip","Art of War","Shuriken","Lantern","Pen Nib","Vajra","Bronze Scales","Letter Opener","Orichalcum","Torii"],"acts_visited":["Exordium","TheCity","TheBeyond","TheEnding"],"potions_floor_usage":[],"damage_taken":[{"damage":3.0,"enemies":"2 Louse","floor":1.0,"turns":4.0},{"damage":15.0,"enemies":"Cultist","floor":3.0,"turns":5.0},{"damage":2.0,"enemies":"Jaw Worm","floor":4.0,"turns":3.0},{"damage":3.0,"enemies":"Blue Slaver","floor":5.0,"turns":4.0},{"damage":10.0,"enemies":"3 Sentries","floor":6.0,"turns":7.0},{"damage":6.0,"enemies":"Lagavulin","floor":8.0,"turns":7.0},{"damage":4.0,"enemies":"3 Louse","floor":10.0,"turns":3.0},{"damage":6.0,"enemies":"Exordium Wildlife","floor":14.0,"turns":4.0},{"damage":5.0,"enemies":"Slime Boss","floor":16.0,"turns":11.0},{"damage":4.0,"enemies":"Shell Parasite","floor":18.0,"turns":8.0},{"damage":12.0,"enemies":"Chosen","floor":20.0,"turns":4.0},{"damage":9.0,"enemies":"Masked Bandits","floor":22.0,"turns":3.0},{"damage":7.0,"enemies":"Shelled Parasite and Fungi","floor":24.0,"turns":7.0},{"damage":14.0,"enemies":"Book of Stabbing","floor":27.0,"turns":4.0},{"damage":7.0,"enemies":"Snake Plant","floor":28.0,"turns":5.0},{"damage":30.0,"enemies":"Gremlin Leader","floor":29.0,"turns":5.0},{"damage":34.0,"enemies":"Automaton","floor":33.0,"turns":11.0},{"damage":15.0,"enemies":"3 Darklings","floor":35.0,"turns":4.0},{"damage":2.0,"enemies":"Orb Walker","floor":36.0,"turns":4.0},{"damage":6.0,"enemies":"4 Shapes","floor":38.0,"turns":5.0},{"damage":0.0,"enemies":"Sphere and 2 Shapes","floor":39.0,"turns":2.0},{"damage":0.0,"enemies":"Nemesis","floor":41.0,"turns":7.0},{"damage":9.0,"enemies":"Writhing Mass","floor":44.0,"turns":5.0},{"damage":8.0,"enemies":"Spire Growth","floor":45.0,"turns":5.0},{"damage":29.0,"enemies":"Maw","floor":46.0,"turns":7.0},{"damage":0.0,"enemies":"Sphere and 2 Shapes","floor":48.0,"turns":3.0},{"damage":25.0,"enemies":"Awakened One","floor":50.0,"turns":11.0},{"damage":24.0,"enemies":"Shield and Spear","floor":54.0,"turns":5.0},{"damage":93,"enemies":"The Heart","floor":55,"turns":9}],"seed_played":"-5761616518358069924","potions_obtained":[{"floor":1.0,"key":"ColorlessPotion"},{"floor":4.0,"key":"DistilledChaos"},{"floor":6.0,"key":"SkillPotion"},{"floor":14.0,"key":"LiquidBronze"},{"floor":20.0,"key":"PowerPotion"},{"floor":27.0,"key":"SkillPotion"},{"floor":29.0,"key":"EntropicBrew"},{"floor":35.0,"key":"Fire Potion"},{"floor":39.0,"key":"Dexterity Potion"},{"floor":45.0,"key":"Regen Potion"},{"floor":48.0,"key":"FocusPotion"}],"is_trial":false,"path_per_floor":["M","?","M","M","M","E","?","E","T","M","?","R","?","M","R","B",null,"M","?","M","?","?","R","M","$","T","E","M","E","R","?","R","B",null,"M","M","?","M","M","R","E","R","T","M","M","M","?","M","R","B",null,"R","$","E","B",null],"character_chosen":"DEFECT","items_purchased":["Medical Kit","Omamori","TungstenRod","Toy Ornithopter","Kunai","Ice Cream","Bag of Marbles","Membership Card","Mercury Hourglass","Bottled Lightning","Mango","Turnip","Art of War","Shuriken","Lantern","Pen Nib","Vajra","Bronze Scales","Letter Opener","Orichalcum","Loop"],"campfire_rested":1,"item_purchase_floors":[25,25,25,25,25,25,25,53,53,53,53,53,53,53,53,53,53,53,53,53,53],"current_hp_per_floor":[65,65,50,48,45,35,35,39,39,35,35,35,35,29,50,45,65,61,61,56,56,47,47,40,40,40,38,55,44,44,44,44,52,67,52,57,57,58,65,65,79,79,79,79,78,73,73,73,73,60,74,74,88,71,44],"gold":75,"neow_bonus":"RANDOM_COLORLESS_2","is_daily":false,"chose_seed":false,"campfire_upgraded":7,"win_rate":0.0,"timestamp":1608879178,"path_taken":["M","?","M","?","M","E","?","E","T","M","?","R","?","?","R","BOSS","M","?","M","?","?","R","M","$","T","E","M","E","R","?","R","BOSS","M","?","?","M","M","R","E","R","T","M","M","M","?","M","R","BOSS","R","$","E","BOSS"],"items_purchased_type":["Relic","Relic","Relic","Relic","Relic","Relic","Relic","Relic","Relic","Relic","Relic","Relic","Relic","Relic","Relic","Relic","Relic","Relic","Relic","Relic","Card"],"build_version":"2020-12-22","purchased_purges":1,"victory":true,"max_hp_per_floor":[68,68,68,68,68,68,68,78,78,78,72,72,72,72,72,72,72,72,72,72,72,72,72,72,72,72,72,72,72,72,72,72,72,72,72,72,72,72,72,72,79,79,79,79,79,79,79,79,79,79,79,79,93,93,93],"card_choices":[{"not_picked":["Sadistic Nature","Master of Strategy"],"picked":"HandOfGreed","floor":0.0},{"not_picked":["Compile Driver","Gash"],"picked":"Beam Cell","floor":1.0},{"not_picked":["Steam Power","Compile Driver"],"picked":"Glacier","floor":3.0},{"not_picked":["BootSequence","Leap"],"picked":"Melter","floor":4.0},{"not_picked":["Stack","Steam"],"picked":"Coolheaded","floor":5.0},{"not_picked":["Streamline","Steam Power"],"picked":"Auto Shields","floor":6.0},{"not_picked":["Cold Snap","Scrape"],"picked":"Rebound","floor":8.0},{"not_picked":["FTL","Steam","Redo"],"picked":"SKIP","floor":10.0},{"not_picked":["FTL","Hello World"],"picked":"Rip and Tear","floor":14.0},{"not_picked":["Core Surge","Amplify"],"picked":"Electrodynamics","floor":16.0},{"not_picked":["Ball Lightning+1","Tempest+1"],"picked":"Self Repair","floor":18.0},{"not_picked":["Stack+1","Darkness"],"picked":"Undo","floor":20.0},{"not_picked":["Auto Shields+1","Consume"],"picked":"Hologram","floor":22.0},{"not_picked":["Leap","Rebound+1"],"picked":"Double Energy","floor":24.0},{"not_picked":["Conserve Battery","Aggregate"],"picked":"Rainbow","floor":27.0},{"not_picked":["Beam Cell","White Noise"],"picked":"Chill+1","floor":28.0},{"not_picked":["Leap+1","BootSequence","Sweeping Beam+1"],"picked":"SKIP","floor":29.0},{"not_picked":["Amplify","Buffer"],"picked":"Fission","floor":33.0},{"not_picked":["Steam","Stack"],"picked":"Hologram","floor":35.0},{"not_picked":["Steam Power","Rebound+1"],"picked":"Stack+1","floor":36.0},{"not_picked":["Beam Cell+1","Hologram+1"],"picked":"Double Energy+1","floor":38.0},{"not_picked":["Heatsinks","BootSequence","Coolheaded"],"picked":"SKIP","floor":39.0},{"not_picked":["Go for the Eyes+1","Cold Snap"],"picked":"Turbo+1","floor":41.0},{"not_picked":["Melter+1","Turbo+1"],"picked":"Conserve Battery+1","floor":44.0},{"not_picked":["Double Energy+1","Leap+1"],"picked":"Creative AI","floor":45.0},{"not_picked":["Cold Snap","Recycle"],"picked":"Aggregate+1","floor":46.0},{"not_picked":["Heatsinks+1","Reprogram+1","Sweeping Beam"],"picked":"SKIP","floor":48.0},{"not_picked":["Leap+1","Hologram","Turbo"],"picked":"SKIP","floor":54.0}],"player_experience":244298,"relics_obtained":[{"floor":6.0,"key":"The Courier"},{"floor":8.0,"key":"Pear"},{"floor":9.0,"key":"Cables"},{"floor":17.0,"key":"Anchor"},{"floor":17.0,"key":"StrikeDummy"},{"floor":17.0,"key":"Lizard Tail"},{"floor":22.0,"key":"Red Mask"},{"floor":26.0,"key":"Bottled Tornado"},{"floor":27.0,"key":"Meat on the Bone"},{"floor":29.0,"key":"Gremlin Horn"},{"floor":41.0,"key":"Strawberry"},{"floor":54.0,"key":"Torii"}],"event_choices":[{"damage_healed":0.0,"max_hp_gain":0.0,"max_hp_loss":0.0,"gold_gain":0.0,"event_name":"FaceTrader","player_choice":"Trade","floor":2.0,"gold_loss":0.0,"damage_taken":0.0,"relics_obtained":["SsserpentHead"]},{"cards_removed":["Strike_B"],"damage_healed":0.0,"max_hp_gain":0.0,"max_hp_loss":0.0,"gold_gain":0.0,"event_name":"The Cleric","player_choice":"Card Removal","floor":7.0,"gold_loss":50.0,"damage_taken":0.0},{"damage_healed":0.0,"max_hp_gain":0.0,"max_hp_loss":6.0,"gold_gain":0.0,"event_name":"Golden Idol","player_choice":"Lose Max HP","floor":11.0,"gold_loss":0.0,"damage_taken":0.0,"relics_obtained":["Golden Idol"]},{"damage_healed":0.0,"max_hp_gain":0.0,"max_hp_loss":0.0,"gold_gain":0.0,"cards_transformed":["Strike_B"],"event_name":"Living Wall","player_choice":"Change","floor":13.0,"gold_loss":0.0,"damage_taken":0.0,"cards_obtained":["Darkness"]},{"damage_healed":0.0,"max_hp_gain":0.0,"max_hp_loss":0.0,"gold_gain":99.0,"event_name":"Nest","player_choice":"Stole From Cult","floor":19.0,"gold_loss":0.0,"damage_taken":0.0},{"damage_healed":0.0,"max_hp_gain":0.0,"max_hp_loss":0.0,"gold_gain":0.0,"event_name":"The Mausoleum","player_choice":"Opened","floor":21.0,"gold_loss":0.0,"damage_taken":0.0,"relics_obtained":["InkBottle"],"cards_obtained":["Writhe"]},{"damage_healed":0.0,"max_hp_gain":0.0,"max_hp_loss":0.0,"gold_gain":0.0,"event_name":"Masked Bandits","player_choice":"Fought Bandits","floor":22.0,"gold_loss":0.0,"damage_taken":0.0},{"damage_healed":0.0,"max_hp_gain":0.0,"max_hp_loss":0.0,"gold_gain":0.0,"event_name":"Accursed Blacksmith","player_choice":"Rummage","floor":31.0,"gold_loss":0.0,"damage_taken":0.0,"relics_obtained":["WarpedTongs"],"cards_obtained":["Pain"]},{"damage_healed":0.0,"max_hp_gain":0.0,"max_hp_loss":0.0,"gold_gain":333.0,"event_name":"The Moai Head","player_choice":"Gave Idol","floor":37.0,"relics_lost":["Golden Idol"],"gold_loss":0.0,"damage_taken":0.0},{"cards_removed":["Strike_B"],"damage_healed":0.0,"max_hp_gain":0.0,"max_hp_loss":0.0,"gold_gain":0.0,"event_name":"Falling","player_choice":"Removed Attack","floor":47.0,"gold_loss":0.0,"damage_taken":0.0}],"is_beta":false,"boss_relics":[{"not_picked":["Busted Crown","Ectoplasm"],"picked":"Calling Bell"},{"not_picked":["Astrolabe","Tiny House"],"picked":"Inserter"}],"items_purged_floors":[25],"is_endless":false,"potions_floor_spawned":[1,4,6,14,20,27,29,35,39,45,48],"ascension_level":7}}