{"host":"fjaupvxe7fzqrf4j","time":1608894569,"event":{"mods":["ATMod(°¢èªMod)","BaseMod","Minty Spire (QoL Compilation)","StSLib"],"gold_per_floor":[119,139,158,172,97,97,129,129,129,161,161,173,173,192,192,268,268,288,288,238,257,268,302,302,320,343,343,378,392,92,427,427,502,502,520,520,520,569,252,252,284,284,333,364,375,393,393,423,435,447,459,471,105,131,131],"floor_reached":56,"playtime":1775,"items_purged":["Defend_P","Strike_P","Strike_P","Defend_P+1","Wireheading+1"],"score":2505,"play_id":"0a194717-98cb-4529-8c3e-d57a1d6d0205","local_time":"20201225190929","is_ascension_mode":true,"campfire_choices":[{"data":"Eruption","floor":6.0,"key":"SMITH"},{"floor":8.0,"key":"REST"},{"data":"CutThroughFate","floor":13.0,"key":"SMITH"},{"floor":15.0,"key":"REST"},{"floor":24.0,"key":"REST"},{"data":"CarveReality","floor":27.0,"key":"SMITH"},{"floor":32.0,"key":"RECALL"},{"data":"Pray","floor":40.0,"key":"SMITH"},{"data":"Omniscience","floor":42.0,"key":"SMITH"},{"data":"AT_IrregularMenstruation","floor":47.0,"key":"SMITH"},{"floor":49.0,"key":"REST"},{"floor":52.0,"key":"REST"}],"circlet_count":0,"master_deck":["AscendersBane","Eruption+1","Vigilance+1","AT_DrawKnifeCut+1","FlurryOfBlows+1","CutThroughFate+1","Scrawl+1","AT_ChampionStep+1","EmptyMind+1","Adaptation+1","CarveReality+1","ClearTheMind+1","Indignation+1","Prostrate+1","Scrawl+1","CurseOfTheBell","Prostrate+1","TalkToTheHand+1","Brilliance+1","Pray+1","Omniscience+1","FearNoEvil+1","AT_IrregularMenstruation+1","Tantrum+1","Panacea","Adaptation+1"],"relics":["PureWater","AT_ATBox","NeowsBlessing","Damaru","Smiling Mask","AT_SilvercatRing","Astrolabe","Frozen Egg 2","AT_ChloranthyRing","MealTicket","Membership Card","War Paint","Old Coin","Calling Bell","Centennial Puzzle","AT_TimeSand","Prayer Wheel","FossilizedHelix","AT_RedNoBalance","AT_LudenTempest","AT_SunfireAegis","MawBank","AT_SpeedBoots","Pear","Lee\u0027s Waffle","AT_RedTearstoneRing"],"acts_visited":["Exordium","TheCity","TheBeyond","TheEnding"],"potions_floor_usage":[55,55],"damage_taken":[{"damage":0.0,"enemies":"Jaw Worm","floor":1.0,"turns":1.0},{"damage":0.0,"enemies":"Cultist","floor":2.0,"turns":1.0},{"damage":0.0,"enemies":"2 Louse","floor":3.0,"turns":1.0},{"damage":7.0,"enemies":"2 Fungi Beasts","floor":4.0,"turns":3.0},{"damage":42.0,"enemies":"Lagavulin","floor":7.0,"turns":5.0},{"damage":0.0,"enemies":"Gremlin Nob","floor":10.0,"turns":2.0},{"damage":3.0,"enemies":"Looter","floor":12.0,"turns":2.0},{"damage":2.0,"enemies":"3 Louse","floor":14.0,"turns":2.0},{"damage":42.0,"enemies":"The Guardian","floor":16.0,"turns":10.0},{"damage":0.0,"enemies":"Chosen","floor":18.0,"turns":1.0},{"damage":0.0,"enemies":"3 Byrds","floor":21.0,"turns":1.0},{"damage":0.0,"enemies":"3 Cultists","floor":22.0,"turns":2.0},{"damage":12.0,"enemies":"Book of Stabbing","floor":23.0,"turns":2.0},{"damage":3.0,"enemies":"Centurion and Healer","floor":25.0,"turns":2.0},{"damage":20.0,"enemies":"Slavers","floor":28.0,"turns":2.0},{"damage":0.0,"enemies":"Sentry and Sphere","floor":29.0,"turns":1.0},{"damage":0.0,"enemies":"Book of Stabbing","floor":31.0,"turns":1.0},{"damage":0.0,"enemies":"Automaton","floor":33.0,"turns":2.0},{"damage":3.0,"enemies":"3 Shapes","floor":35.0,"turns":2.0},{"damage":0.0,"enemies":"2 Orb Walkers","floor":38.0,"turns":1.0},{"damage":0.0,"enemies":"Nemesis","floor":41.0,"turns":3.0},{"damage":0.0,"enemies":"Reptomancer","floor":44.0,"turns":2.0},{"damage":0.0,"enemies":"3 Darklings","floor":45.0,"turns":1.0},{"damage":0.0,"enemies":"Writhing Mass","floor":46.0,"turns":1.0},{"damage":0.0,"enemies":"Giant Head","floor":48.0,"turns":2.0},{"damage":0.0,"enemies":"Awakened One","floor":50.0,"turns":3.0},{"damage":12,"enemies":"Shield and Spear","floor":54,"turns":2},{"damage":1,"enemies":"The Heart","floor":55,"turns":3}],"seed_played":"-3592501567477529429","potions_obtained":[{"floor":3.0,"key":"Fire Potion"},{"floor":4.0,"key":"Ancient Potion"},{"floor":12.0,"key":"CultistPotion"},{"floor":16.0,"key":"Ancient Potion"},{"floor":21.0,"key":"Energy Potion"},{"floor":25.0,"key":"PowerPotion"}],"is_trial":false,"path_per_floor":["M","M","M","M","$","R","E","R","T","E","?","M","R","M","R","B",null,"M","?","$","M","M","E","R","M","T","R","E","M","$","E","R","B",null,"M","?","?","?","$","R","E","R","T","E","M","M","R","E","R","B",null,"R","$","E","B",null],"character_chosen":"WATCHER","items_purchased":["Membership Card","Prostrate","War Paint","Brilliance","Pray","EntropicBrew","AT_SilverBalance","AT_SpeedBoots","Pear","Lee\u0027s Waffle","Panacea"],"campfire_rested":5,"item_purchase_floors":[30,30,30,39,39,39,39,53,53,53,53],"current_hp_per_floor":[61,61,61,54,54,54,12,32,32,32,32,29,29,27,47,5,52,52,52,52,52,52,40,60,57,57,57,37,37,52,52,52,52,64,61,61,61,61,68,68,34,34,34,34,34,34,34,34,54,34,60,68,85,73,72],"gold":131,"neow_bonus":"THREE_ENEMY_KILL","is_daily":false,"chose_seed":false,"campfire_upgraded":6,"win_rate":0.0,"timestamp":1608894569,"path_taken":["M","M","M","M","$","R","E","R","T","E","?","?","R","M","R","BOSS","M","?","$","?","M","E","R","M","T","R","E","M","$","E","R","BOSS","M","?","?","?","$","R","E","R","T","E","M","M","R","E","R","BOSS","R","$","E","BOSS"],"items_purchased_type":["Relic","Card","Relic","Card","Card","Potion","Relic","Relic","Relic","Relic","Card"],"build_version":"2020-12-22","purchased_purges":5,"victory":true,"max_hp_per_floor":[68,68,68,68,68,68,68,68,68,68,68,68,68,68,68,68,68,68,68,68,68,68,68,68,68,68,68,68,68,68,68,68,68,68,68,68,68,68,68,68,68,68,68,68,68,68,68,68,68,68,68,68,85,85,85],"card_choices":[{"not_picked":["FlurryOfBlows","Prostrate","Pray"],"picked":"SKIP","floor":1.0},{"not_picked":["Prostrate","CarveReality","PathToVictory"],"picked":"SKIP","floor":2.0},{"not_picked":["Sanctity","WindmillStrike","DeceiveReality"],"picked":"SKIP","floor":3.0},{"not_picked":["Evaluate","SashWhip"],"picked":"FlurryOfBlows","floor":4.0},{"not_picked":["WreathOfFlame","FlurryOfBlows","PathToVictory"],"picked":"SKIP","floor":7.0},{"not_picked":["BattleHymn","LikeWater"],"picked":"CutThroughFate","floor":10.0},{"not_picked":["Protect","Nirvana","ReachHeaven"],"picked":"SKIP","floor":12.0},{"not_picked":["Protect","Nirvana","ReachHeaven"],"picked":"SKIP","floor":12.0},{"not_picked":["FlyingSleeves","WindmillStrike","ReachHeaven"],"picked":"SKIP","floor":14.0},{"not_picked":["DevaForm","Vault"],"picked":"Scrawl","floor":16.0},{"not_picked":["Nirvana","ClearTheMind+1"],"picked":"Adaptation","floor":18.0},{"not_picked":["EmptyBody","JustLucky"],"picked":"CarveReality","floor":21.0},{"not_picked":["Consecrate","AT_DivineConfetti"],"picked":"ClearTheMind","floor":22.0},{"not_picked":["ThirdEye","BowlingBash","FlyingSleeves"],"picked":"SKIP","floor":23.0},{"not_picked":["Alpha","FlurryOfBlows","FlyingSleeves"],"picked":"SKIP","floor":25.0},{"not_picked":["Nirvana+1","Crescendo"],"picked":"FollowUp","floor":28.0},{"not_picked":["EmptyFist+1","WheelKick"],"picked":"Indignation+1","floor":29.0},{"not_picked":["BattleHymn+1","EmptyBody","WindmillStrike"],"picked":"SKIP","floor":31.0},{"not_picked":["Judgement","AT_IrregularMenstruation"],"picked":"Scrawl","floor":33.0},{"not_picked":["EmptyBody+1","Meditate"],"picked":"Prostrate+1","floor":35.0},{"not_picked":["WreathOfFlame","Consecrate+1","Halt+1"],"picked":"SKIP","floor":35.0},{"not_picked":["Collect","WreathOfFlame"],"picked":"TalkToTheHand+1","floor":38.0},{"not_picked":["CutThroughFate","SashWhip"],"picked":"Omniscience","floor":41.0},{"not_picked":["Consecrate","CutThroughFate"],"picked":"FearNoEvil","floor":44.0},{"not_picked":["Wireheading+1","ClearTheMind","CrushJoints+1"],"picked":"SKIP","floor":45.0},{"not_picked":["Perseverance+1","Conclude","Crescendo+1"],"picked":"SKIP","floor":45.0},{"not_picked":["Halt","BowlingBash"],"picked":"AT_IrregularMenstruation","floor":46.0},{"not_picked":["Conclude","SignatureMove","EmptyMind"],"picked":"SKIP","floor":46.0},{"not_picked":["FlyingSleeves","SashWhip"],"picked":"Tantrum+1","floor":48.0},{"not_picked":["CrushJoints","ThirdEye"],"picked":"Adaptation+1","floor":54}],"player_experience":281364,"relics_obtained":[{"floor":7.0,"key":"Damaru"},{"floor":9.0,"key":"Smiling Mask"},{"floor":10.0,"key":"AT_SilvercatRing"},{"floor":23.0,"key":"Frozen Egg 2"},{"floor":26.0,"key":"AT_ChloranthyRing"},{"floor":28.0,"key":"MealTicket"},{"floor":31.0,"key":"Old Coin"},{"floor":34.0,"key":"Centennial Puzzle"},{"floor":34.0,"key":"AT_TimeSand"},{"floor":34.0,"key":"Prayer Wheel"},{"floor":38.0,"key":"FossilizedHelix"},{"floor":41.0,"key":"AT_LudenTempest"},{"floor":44.0,"key":"AT_SunfireAegis"},{"floor":48.0,"key":"MawBank"},{"floor":54,"key":"AT_RedTearstoneRing"}],"event_choices":[{"cards_removed":["Defend_P"],"damage_healed":0.0,"max_hp_gain":0.0,"max_hp_loss":0.0,"gold_gain":0.0,"event_name":"Purifier","player_choice":"Purged","floor":11.0,"gold_loss":0.0,"damage_taken":0.0},{"damage_healed":0.0,"max_hp_gain":0.0,"max_hp_loss":0.0,"gold_gain":0.0,"event_name":"Upgrade Shrine","player_choice":"Upgraded","floor":19.0,"gold_loss":0.0,"damage_taken":0.0,"cards_upgraded":["Adaptation"]},{"damage_healed":0.0,"max_hp_gain":0.0,"max_hp_loss":0.0,"gold_gain":0.0,"event_name":"Tomb of Lord Red Mask","player_choice":"Ignored","floor":36.0,"gold_loss":0.0,"damage_taken":0.0},{"cards_removed":["FollowUp"],"damage_healed":0.0,"max_hp_gain":0.0,"max_hp_loss":0.0,"gold_gain":0.0,"event_name":"Falling","player_choice":"Removed Attack","floor":37.0,"gold_loss":0.0,"damage_taken":0.0},{"damage_healed":0.0,"max_hp_gain":0.0,"max_hp_loss":0.0,"gold_gain":0.0,"event_name":"Mysterious Sphere","player_choice":"Fight","floor":38.0,"gold_loss":0.0,"damage_taken":0.0}],"is_beta":false,"boss_relics":[{"not_picked":["VioletLotus","AT_TrinityForce"],"picked":"Astrolabe"},{"not_picked":["Pandora\u0027s Box","SacredBark"],"picked":"Calling Bell"}],"items_purged_floors":[5,20,30,39,53],"is_endless":false,"potions_floor_spawned":[3,4,7,12,16,18,21,23,25,44,45,46,54],"ascension_level":14}}