{"host":"7cp3z5w0tcrrm8ys","time":1608881388,"event":{"mods":["AchievementEnabler","BaseMod","DeckTracker","Minty Spire (QoL Compilation)","StSLib","SuperFastMode"],"gold_per_floor":[116,116,26,26,40,78,102,102,102,102,115,131,131,199,199,199,199],"floor_reached":16,"playtime":323,"items_purged":[],"score":250,"play_id":"6af3f328-053c-451d-a772-e54d843889eb","local_time":"20201225162948","is_ascension_mode":true,"campfire_choices":[{"data":"Quick Slash","floor":8,"key":"SMITH"},{"data":"Neutralize","floor":10,"key":"SMITH"},{"data":"Infinite Blades","floor":13,"key":"SMITH"},{"floor":15,"key":"REST"}],"circlet_count":0,"master_deck":["AscendersBane","Strike_G","Strike_G","Strike_G","Strike_G","Strike_G","Defend_G","Defend_G","Defend_G","Defend_G","Defend_G","Survivor","Neutralize+1","Quick Slash+1","Backstab","Caltrops","Reflex","Acrobatics","PiercingWail","Infinite Blades+1"],"relics":["Ring of the Snake","NeowsBlessing","Golden Idol","Darkstone Periapt","Pear"],"acts_visited":["Exordium"],"potions_floor_usage":[11,12,16],"damage_taken":[{"damage":0,"enemies":"Jaw Worm","floor":1,"turns":1},{"damage":0,"enemies":"Small Slimes","floor":5,"turns":1},{"damage":0,"enemies":"Lagavulin","floor":6,"turns":1},{"damage":0,"enemies":"2 Louse","floor":7,"turns":3},{"damage":31,"enemies":"Large Slime","floor":11,"turns":10},{"damage":17,"enemies":"Exordium Thugs","floor":12,"turns":6},{"damage":41,"enemies":"The Guardian","floor":16,"turns":14}],"seed_played":"8312953309089448420","potions_obtained":[{"floor":6,"key":"Swift Potion"},{"floor":11,"key":"Explosive Potion"},{"floor":12,"key":"GhostInAJar"}],"is_trial":false,"path_per_floor":["M","?","$","?","M","E","M","R","T","R","M","M","R","?","R","B"],"character_chosen":"THE_SILENT","items_purchased":["Backstab"],"campfire_rested":1,"item_purchase_floors":[3],"current_hp_per_floor":[59,59,59,59,59,59,59,59,69,69,38,21,21,21,42,1,1],"gold":199,"neow_bonus":"THREE_ENEMY_KILL","is_daily":false,"chose_seed":false,"campfire_upgraded":3,"win_rate":0.0,"timestamp":1608881388,"path_taken":["M","?","$","?","M","E","M","R","T","R","M","M","R","?","R","BOSS"],"items_purchased_type":["Card"],"build_version":"2020-12-22","purchased_purges":0,"victory":false,"max_hp_per_floor":[66,66,66,60,60,60,60,60,70,70,70,70,70,70,70,70,70],"card_choices":[{"not_picked":["Flying Knee","Outmaneuver"],"picked":"Quick Slash","floor":1},{"not_picked":["Backflip","Underhanded Strike"],"picked":"Caltrops","floor":5},{"not_picked":["Heel Hook","Dash"],"picked":"Reflex","floor":6},{"not_picked":["Choke","Expertise"],"picked":"Acrobatics","floor":7},{"not_picked":["Dagger Throw","Dagger Spray"],"picked":"PiercingWail","floor":11},{"not_picked":["Underhanded Strike","Reflex"],"picked":"Infinite Blades","floor":12}],"player_experience":789653,"relics_obtained":[{"floor":6,"key":"Darkstone Periapt"},{"floor":9,"key":"Pear"}],"event_choices":[{"damage_healed":0,"gold_gain":0,"player_choice":"Ignored","damage_taken":0,"max_hp_gain":0,"max_hp_loss":0,"event_name":"Shining Light","floor":2,"gold_loss":0},{"damage_healed":0,"gold_gain":0,"player_choice":"Lose Max HP","damage_taken":0,"relics_obtained":["Golden Idol"],"max_hp_gain":0,"max_hp_loss":6,"event_name":"Golden Idol","floor":4,"gold_loss":0},{"damage_healed":0,"gold_gain":68,"player_choice":"Gained Gold","damage_taken":0,"max_hp_gain":0,"max_hp_loss":0,"event_name":"Golden Wing","floor":14,"gold_loss":0}],"is_beta":false,"boss_relics":[],"items_purged_floors":[],"is_endless":false,"potions_floor_spawned":[6,11,12],"killed_by":"The Guardian","ascension_level":20}}