{"host":"8u7tvcybuv0u72fd","time":1608871741,"event":{"mods":["BaseMod","BetterRewards","Colored Map","Colored Powertips","Minty Spire (QoL Compilation)","Quick Restart","Shop Mod"],"gold_per_floor":[118,118,118,143,159,159,179,179,179,233,269,289,330,344,344,470,470,493,514,533,533,533,533,547,565,565,252,277,318,318,337,337,465,465,488,488,488,504,528,404,404,404,404,429,174,174,174,190,190,190,190,190,29,64,64],"floor_reached":56,"playtime":3573,"items_purged":["Strike_R","Strike_R","Rage","Headbutt"],"score":1656,"play_id":"48b20771-e80e-4c30-8aab-a1f91ea1db93","local_time":"20201224234901","is_ascension_mode":false,"campfire_choices":[{"data":"Bash","floor":6.0,"key":"SMITH"},{"data":"Shrug It Off","floor":8.0,"key":"SMITH"},{"data":"Clash","floor":15.0,"key":"SMITH"},{"data":"Barricade","floor":23.0,"key":"SMITH"},{"data":"Body Slam","floor":32.0,"key":"SMITH"},{"data":"Double Tap","floor":41.0,"key":"SMITH"},{"data":"Flame Barrier","floor":47.0,"key":"SMITH"},{"floor":49.0,"key":"RECALL"},{"data":"Good Instincts","floor":52.0,"key":"SMITH"}],"circlet_count":0,"master_deck":["Strike_R","Defend_R+1","Defend_R+1","Defend_R","Defend_R","Bash+1","Clash+1","Shrug It Off+1","Headbutt","Barricade+1","Body Slam+1","Dropkick","Double Tap+1","Cleave+1","Rage+1","Flash of Steel","Flame Barrier+1","Good Instincts+1"],"relics":["Burning Blood","Lantern","Pantograph","Membership Card","Blood Vial","Pocketwatch","Gremlin Horn","Singing Bowl","SacredBark","Necronomicon","Paper Frog","MerchantsRug","Pen Nib","Coffee Dripper","Bag of Marbles","Incense Burner","Bottled Tornado","Ornamental Fan","Bottled Lightning"],"acts_visited":["TheCity","TheBeyond","TheEnding"],"potions_floor_usage":[55,55],"damage_taken":[{"damage":0.0,"enemies":"Small Slimes","floor":1.0,"turns":3.0},{"damage":0.0,"enemies":"Jaw Worm","floor":4.0,"turns":3.0},{"damage":0.0,"enemies":"Cultist","floor":5.0,"turns":3.0},{"damage":8.0,"enemies":"Exordium Thugs","floor":7.0,"turns":6.0},{"damage":7.0,"enemies":"Lagavulin","floor":11.0,"turns":5.0},{"damage":2.0,"enemies":"Large Slime","floor":12.0,"turns":10.0},{"damage":8.0,"enemies":"Gremlin Nob","floor":13.0,"turns":5.0},{"damage":0.0,"enemies":"3 Louse","floor":14.0,"turns":1.0},{"damage":17.0,"enemies":"The Guardian","floor":16.0,"turns":13.0},{"damage":18.0,"enemies":"Shell Parasite","floor":18.0,"turns":11.0},{"damage":2.0,"enemies":"Spheric Guardian","floor":19.0,"turns":8.0},{"damage":0.0,"enemies":"Snecko","floor":20.0,"turns":6.0},{"damage":3.0,"enemies":"Centurion and Healer","floor":24.0,"turns":7.0},{"damage":0.0,"enemies":"Cultist and Chosen","floor":25.0,"turns":6.0},{"damage":8.0,"enemies":"Shelled Parasite and Fungi","floor":28.0,"turns":7.0},{"damage":0.0,"enemies":"Book of Stabbing","floor":29.0,"turns":2.0},{"damage":0.0,"enemies":"Sentry and Sphere","floor":31.0,"turns":7.0},{"damage":0.0,"enemies":"Automaton","floor":33.0,"turns":9.0},{"damage":4.0,"enemies":"Orb Walker","floor":35.0,"turns":3.0},{"damage":0.0,"enemies":"3 Darklings","floor":38.0,"turns":3.0},{"damage":0.0,"enemies":"Writhing Mass","floor":39.0,"turns":5.0},{"damage":10.0,"enemies":"4 Shapes","floor":44.0,"turns":1.0},{"damage":0.0,"enemies":"Spire Growth","floor":48.0,"turns":4.0},{"damage":2.0,"enemies":"Awakened One","floor":50.0,"turns":9.0},{"damage":29,"enemies":"Shield and Spear","floor":54,"turns":6},{"damage":16,"enemies":"The Heart","floor":55,"turns":12}],"seed_played":"5974837390088209135","potions_obtained":[{"floor":4.0,"key":"Regen Potion"},{"floor":11.0,"key":"DistilledChaos"},{"floor":12.0,"key":"SkillPotion"},{"floor":14.0,"key":"Block Potion"},{"floor":24.0,"key":"GamblersBrew"},{"floor":28.0,"key":"DistilledChaos"},{"floor":29.0,"key":"Ancient Potion"},{"floor":33.0,"key":"Weak Potion"},{"floor":35.0,"key":"Fruit Juice"},{"floor":48.0,"key":"Explosive Potion"},{"floor":54,"key":"Dexterity Potion"}],"is_trial":false,"path_per_floor":["M","?","?","M","M","R","M","R","T","T","E","M","E","M","R","B",null,"M","M","M","?","?","R","M","M","T","$","M","E","?","M","R","B",null,"M","?","?","M","M","$","R","?","T","M","$","?","R","M","R","B",null,"R","$","E","B",null],"character_chosen":"IRONCLAD","items_purchased":["Lantern","Pantograph","Membership Card","Blood Vial","War Paint","Fire Potion","AttackPotion","MerchantsRug","Explosive Potion","Ancient Potion","MealTicket","Pen Nib","Bag of Marbles","Block Potion","Incense Burner","FairyPotion","Bottled Tornado","Dexterity Potion","Ornamental Fan","EssenceOfSteel"],"campfire_rested":0,"item_purchase_floors":[0,0,0,0,0,0,0,27,27,27,27,27,40,40,45,45,53,53,53,53],"current_hp_per_floor":[49,49,29,37,45,45,60,60,60,60,61,67,69,79,79,73,84,72,80,86,70,86,86,88,90,90,90,90,94,94,96,96,96,96,106,101,101,103,103,103,103,103,113,109,113,113,113,115,115,115,115,115,115,94,107],"gold":64,"neow_bonus":"","is_daily":false,"chose_seed":false,"campfire_upgraded":8,"win_rate":0.0,"timestamp":1608871741,"path_taken":["M","?","?","M","M","R","M","R","T","?","E","M","E","?","R","BOSS","M","M","M","?","?","R","M","?","T","$","M","E","?","M","R","BOSS","M","?","?","?","M","$","R","?","T","?","$","?","R","M","R","BOSS","R","$","E","BOSS"],"items_purchased_type":["Relic","Relic","Relic","Relic","Relic","Potion","Potion","Relic","Potion","Potion","Relic","Relic","Relic","Potion","Relic","Potion","Relic","Potion","Relic","Potion"],"build_version":"2020-12-22","purchased_purges":4,"victory":true,"max_hp_per_floor":[80,80,80,80,80,80,80,80,80,80,80,80,82,84,84,84,84,84,86,86,86,86,86,88,90,90,90,92,94,94,96,96,96,96,106,101,101,103,103,103,103,103,113,113,113,113,113,115,115,115,115,115,115,117,117],"card_choices":[{"not_picked":["Inflame","Dark Embrace","Heavy Blade"],"picked":"SKIP","floor":1.0},{"not_picked":["Sword Boomerang","Flex"],"picked":"Clash","floor":4.0},{"not_picked":["Sword Boomerang","Headbutt"],"picked":"Shrug It Off","floor":5.0},{"not_picked":["Warcry","Thunderclap","Reaper"],"picked":"SKIP","floor":7.0},{"not_picked":["Shrug It Off","Anger","Disarm"],"picked":"SKIP","floor":11.0},{"not_picked":["Perfected Strike","Thunderclap"],"picked":"Headbutt","floor":12.0},{"not_picked":["Dual Wield","Warcry","Shockwave"],"picked":"Singing Bowl","floor":13.0},{"not_picked":["Power Through","Armaments","Heavy Blade"],"picked":"Singing Bowl","floor":14.0},{"not_picked":["Immolate","Double Tap"],"picked":"Barricade","floor":16.0},{"not_picked":["Rupture","Thunderclap"],"picked":"Body Slam","floor":18.0},{"not_picked":["Shockwave","Clothesline+1","Body Slam"],"picked":"Singing Bowl","floor":19.0},{"not_picked":["Twin Strike","Warcry"],"picked":"Rage","floor":20.0},{"not_picked":["Cleave","Reckless Charge","Pummel"],"picked":"Singing Bowl","floor":24.0},{"not_picked":["Cleave","Corruption","Twin Strike"],"picked":"Singing Bowl","floor":25.0},{"not_picked":["Rupture","Dark Embrace+1","Wild Strike+1"],"picked":"Singing Bowl","floor":28.0},{"not_picked":["True Grit","Demon Form","Wild Strike"],"picked":"Singing Bowl","floor":29.0},{"not_picked":["Flame Barrier","Combust","Headbutt"],"picked":"Singing Bowl","floor":31.0},{"not_picked":["Offering","Limit Break"],"picked":"Double Tap","floor":33.0},{"not_picked":["Armaments+1","Wild Strike+1"],"picked":"Cleave+1","floor":35.0},{"not_picked":["Infernal Blade+1","Twin Strike+1","Headbutt+1"],"picked":"Singing Bowl","floor":38.0},{"not_picked":["Dark Embrace","Twin Strike"],"picked":"Rage+1","floor":39.0},{"not_picked":["Battle Trance","Clothesline"],"picked":"Flame Barrier","floor":44.0},{"not_picked":["Sadistic Nature","Impatience"],"picked":"Good Instincts","floor":46.0},{"not_picked":["Headbutt","Rage+1","Wild Strike+1"],"picked":"Singing Bowl","floor":48.0},{"not_picked":["Dark Embrace+1","Twin Strike+1","Rupture+1"],"picked":"Singing Bowl","floor":54}],"player_experience":1211499,"relics_obtained":[{"floor":10.0,"key":"Omamori"},{"floor":11.0,"key":"Gremlin Horn"},{"floor":13.0,"key":"Singing Bowl"},{"floor":21.0,"key":"Necronomicon"},{"floor":26.0,"key":"Paper Frog"},{"floor":29.0,"key":"Dream Catcher"},{"floor":43.0,"key":"Pear"},{"floor":54,"key":"Bottled Lightning"}],"event_choices":[{"damage_healed":0.0,"max_hp_gain":0.0,"max_hp_loss":0.0,"gold_gain":0.0,"event_name":"Golden Wing","player_choice":"Ignored","floor":2.0,"gold_loss":0.0,"damage_taken":0.0},{"damage_healed":0.0,"max_hp_gain":0.0,"max_hp_loss":0.0,"gold_gain":0.0,"event_name":"Golden Idol","player_choice":"Take Damage","floor":3.0,"gold_loss":0.0,"damage_taken":20.0,"relics_obtained":["Golden Idol"]},{"damage_healed":0.0,"max_hp_gain":0.0,"max_hp_loss":0.0,"gold_gain":0.0,"event_name":"Cursed Tome","player_choice":"Obtained Book","floor":21.0,"gold_loss":0.0,"damage_taken":16.0},{"damage_healed":28.0,"max_hp_gain":0.0,"max_hp_loss":0.0,"gold_gain":0.0,"event_name":"The Library","player_choice":"Heal","floor":22.0,"gold_loss":0.0,"damage_taken":0.0},{"damage_healed":0.0,"max_hp_gain":0.0,"max_hp_loss":0.0,"gold_gain":0.0,"cards_transformed":["Strike_R","Strike_R"],"event_name":"Drug Dealer","player_choice":"Became Test Subject","floor":30.0,"gold_loss":0.0,"damage_taken":0.0,"cards_obtained":["Dropkick","Headbutt"]},{"damage_healed":0.0,"max_hp_gain":0.0,"max_hp_loss":5.0,"gold_gain":0.0,"event_name":"Winding Halls","player_choice":"Max HP","floor":36.0,"gold_loss":0.0,"damage_taken":0.0},{"damage_healed":0.0,"max_hp_gain":0.0,"max_hp_loss":0.0,"gold_gain":0.0,"event_name":"Mysterious Sphere","player_choice":"Ignored","floor":37.0,"gold_loss":0.0,"damage_taken":0.0},{"damage_healed":0.0,"max_hp_gain":0.0,"max_hp_loss":0.0,"gold_gain":0.0,"event_name":"Match and Keep!","player_choice":"1 cards matched","floor":42.0,"gold_loss":0.0,"damage_taken":0.0,"cards_obtained":["Flash of Steel"]},{"damage_healed":0.0,"max_hp_gain":0.0,"max_hp_loss":0.0,"gold_gain":0.0,"event_name":"SensoryStone","player_choice":"Memory 1","floor":46.0,"gold_loss":0.0,"damage_taken":0.0}],"is_beta":false,"boss_relics":[{"not_picked":["Tiny House","Black Blood"],"picked":"SacredBark"},{"not_picked":["Astrolabe","Black Star"],"picked":"Coffee Dripper"}],"items_purged_floors":[0,27,40,45],"is_endless":false,"potions_floor_spawned":[4,11,12,14,24,28,29,33,35,48,54],"ascension_level":0}}