{"host":"6pgtslebjnyv5xmi","time":1608904958,"event":{"mods":["AchievementEnabler","BaseMod","Colored Map","Minty Spire (QoL Compilation)","Rare Cards Sparkle","StSLib","SuperFastMode","The Dragon Tamer","everything is the same but u backflip on backflip"],"gold_per_floor":[115,215,234,234,250,250,37,37,37,57,83,83,258,286,286,388,388,404,319,71,71,110,110,156,156,224,234,364,364,364,364,364,469,469,515,515,415,433,452,464,339,371,420,420,420],"floor_reached":44,"playtime":3255,"items_purged":["Defend_P","Doubt","Prostrate"],"score":565,"play_id":"e9a5488a-8531-4a88-a14b-fd3905c68f38","local_time":"20201225230238","is_ascension_mode":true,"campfire_choices":[{"data":"Eruption","floor":6.0,"key":"SMITH"},{"data":"Establishment","floor":8.0,"key":"SMITH"},{"data":"SandsOfTime","floor":12.0,"key":"SMITH"},{"floor":15.0,"key":"REST"},{"data":"Wish","floor":23.0,"key":"SMITH"},{"data":"Vigilance","floor":25.0,"key":"SMITH"},{"floor":30.0,"key":"REST"},{"floor":32.0,"key":"REST"}],"circlet_count":0,"master_deck":["Defend_P+1","Eruption+1","Vigilance+1","Wireheading","Tantrum","SandsOfTime+1","Meditate+1","Establishment+1","Perseverance","DeusExMachina","FollowUp+1","Wish+1","CrushJoints+1","Crescendo","FollowUp+1","FlurryOfBlows+1","SashWhip+1","Wallop+1","ClearTheMind+1","Judgement","Halt+1","Weave+1","TalkToTheHand+1"],"relics":["PureWater","War Paint","Molten Egg 2","Darkstone Periapt","VioletLotus","Art of War","Gremlin Horn","Sundial","CaptainsWheel","HornCleat","Regal Pillow","Empty Cage","Orichalcum","PreservedInsect"],"acts_visited":["Exordium","TheCity","TheBeyond"],"potions_floor_usage":[42],"damage_taken":[{"damage":4.0,"enemies":"Jaw Worm","floor":1.0,"turns":6.0},{"damage":7.0,"enemies":"Cultist","floor":3.0,"turns":3.0},{"damage":7.0,"enemies":"2 Louse","floor":5.0,"turns":4.0},{"damage":0.0,"enemies":"Large Slime","floor":10.0,"turns":4.0},{"damage":26.0,"enemies":"3 Sentries","floor":11.0,"turns":5.0},{"damage":22.0,"enemies":"Gremlin Nob","floor":14.0,"turns":4.0},{"damage":0.0,"enemies":"Slime Boss","floor":16.0,"turns":4.0},{"damage":0.0,"enemies":"Chosen","floor":18.0,"turns":3.0},{"damage":14.0,"enemies":"3 Byrds","floor":22.0,"turns":5.0},{"damage":16.0,"enemies":"Snecko","floor":24.0,"turns":3.0},{"damage":0.0,"enemies":"Snake Plant","floor":27.0,"turns":2.0},{"damage":33.0,"enemies":"Colosseum Slavers","floor":28.0,"turns":3.0},{"damage":7.0,"enemies":"Colosseum Nobs","floor":28.0,"turns":2.0},{"damage":0.0,"enemies":"Book of Stabbing","floor":29.0,"turns":1.0},{"damage":26.0,"enemies":"Champ","floor":33.0,"turns":7.0},{"damage":0.0,"enemies":"3 Shapes","floor":35.0,"turns":4.0},{"damage":12.0,"enemies":"Orb Walker","floor":38.0,"turns":3.0},{"damage":17.0,"enemies":"Jaw Worm Horde","floor":39.0,"turns":4.0},{"damage":27.0,"enemies":"3 Darklings","floor":40.0,"turns":3.0},{"damage":26,"enemies":"Nemesis","floor":42,"turns":10},{"damage":16,"enemies":"Transient","floor":44,"turns":1}],"seed_played":"2390087084255947954","potions_obtained":[{"floor":1.0,"key":"SpeedPotion"},{"floor":14.0,"key":"Fire Potion"},{"floor":18.0,"key":"LiquidMemories"},{"floor":24.0,"key":"SmokeBomb"},{"floor":28.0,"key":"Fruit Juice"},{"floor":33.0,"key":"AttackPotion"},{"floor":40.0,"key":"Regen Potion"}],"is_trial":false,"path_per_floor":["M","?","M","?","M","R","$","R","T","M","E","R","?","E","R","B",null,"M","?","$","?","M","R","M","R","T","M","?","E","R","?","R","B",null,"M","?","$","M","M","M","$","E","T","M"],"character_chosen":"WATCHER","items_purchased":["Establishment","Gremlin Horn"],"campfire_rested":3,"item_purchase_floors":[7,20],"current_hp_per_floor":[68,68,61,61,54,54,54,54,54,54,28,28,28,6,27,27,72,72,72,72,72,58,58,42,42,42,42,2,2,23,23,59,33,72,77,77,77,65,48,21,21,10,10,0,0],"gold":420,"neow_bonus":"THREE_CARDS","is_daily":false,"chose_seed":false,"campfire_upgraded":5,"win_rate":0.0,"timestamp":1608904958,"path_taken":["M","?","?","?","?","R","?","R","T","?","E","R","?","E","R","BOSS","M","?","$","?","M","R","M","R","T","M","?","E","R","?","R","BOSS","M","?","?","?","M","M","$","E","T","M"],"items_purchased_type":["Card","Relic"],"build_version":"2020-12-22","purchased_purges":3,"victory":false,"max_hp_per_floor":[72,72,72,72,72,72,72,72,72,72,72,72,72,72,72,72,72,72,72,72,72,72,72,72,72,72,72,72,72,72,72,72,72,72,77,77,77,77,77,77,77,77,77,77,77],"card_choices":[{"not_picked":["CrushJoints","ClearTheMind"],"picked":"Wireheading","floor":0.0},{"not_picked":["WreathOfFlame","EmptyFist"],"picked":"Tantrum","floor":1.0},{"not_picked":["Wireheading","FollowUp"],"picked":"SandsOfTime","floor":3.0},{"not_picked":["Adaptation","Study"],"picked":"Meditate","floor":5.0},{"not_picked":["DeceiveReality","Evaluate"],"picked":"Perseverance","floor":10.0},{"not_picked":["CarveReality+1","Nirvana"],"picked":"DeusExMachina","floor":11.0},{"not_picked":["CutThroughFate+1","Perseverance"],"picked":"FollowUp+1","floor":14.0},{"not_picked":["DeusExMachina","Establishment"],"picked":"Wish","floor":16.0},{"not_picked":["Crescendo","Consecrate+1"],"picked":"CrushJoints+1","floor":18.0},{"not_picked":["Crescendo","Vengeance"],"picked":"FlurryOfBlows+1","floor":22.0},{"not_picked":["ThirdEye","PathToVictory+1"],"picked":"SashWhip+1","floor":24.0},{"not_picked":["CrushJoints+1","Crescendo"],"picked":"Wallop+1","floor":27.0},{"not_picked":["Adaptation","Study+1"],"picked":"ClearTheMind+1","floor":28.0},{"not_picked":["Blasphemy","Establishment"],"picked":"Judgement","floor":33.0},{"not_picked":["Swivel","FlyingSleeves+1"],"picked":"Halt+1","floor":35.0},{"not_picked":["Adaptation","Perseverance"],"picked":"Weave+1","floor":38.0},{"not_picked":["FlurryOfBlows+1","Vengeance","Swivel"],"picked":"SKIP","floor":39.0},{"not_picked":["ClearTheMind","CarveReality+1"],"picked":"TalkToTheHand+1","floor":40.0},{"not_picked":["SignatureMove+1","ThirdEye","Prostrate"],"picked":"SKIP","floor":42}],"player_experience":493126,"relics_obtained":[{"floor":9.0,"key":"War Paint"},{"floor":11.0,"key":"Molten Egg 2"},{"floor":14.0,"key":"Darkstone Periapt"},{"floor":26.0,"key":"Sundial"},{"floor":28.0,"key":"CaptainsWheel"},{"floor":28.0,"key":"HornCleat"},{"floor":42,"key":"Orichalcum"},{"floor":43,"key":"PreservedInsect"}],"event_choices":[{"damage_healed":0.0,"max_hp_gain":0.0,"max_hp_loss":0.0,"gold_gain":100.0,"event_name":"Golden Shrine","player_choice":"Pray","floor":2.0,"gold_loss":0.0,"damage_taken":0.0},{"cards_removed":["Defend_P"],"damage_healed":0.0,"max_hp_gain":0.0,"max_hp_loss":0.0,"gold_gain":0.0,"event_name":"Bonfire Elementals","player_choice":"Offered Basic","floor":4.0,"gold_loss":0.0,"damage_taken":0.0},{"damage_healed":0.0,"max_hp_gain":0.0,"max_hp_loss":0.0,"gold_gain":175.0,"event_name":"Liars Game","player_choice":"AGREE","floor":13.0,"gold_loss":0.0,"damage_taken":0.0,"cards_obtained":["Doubt"]},{"damage_healed":0.0,"max_hp_gain":0.0,"max_hp_loss":0.0,"gold_gain":0.0,"event_name":"Addict","player_choice":"Obtained Relic","floor":19.0,"gold_loss":85.0,"damage_taken":0.0,"relics_obtained":["Art of War"]},{"damage_healed":0.0,"max_hp_gain":0.0,"max_hp_loss":0.0,"gold_gain":0.0,"cards_transformed":["Strike_P","Strike_P"],"event_name":"Drug Dealer","player_choice":"Became Test Subject","floor":21.0,"gold_loss":0.0,"damage_taken":0.0,"cards_obtained":["Crescendo","FollowUp"]},{"damage_healed":0.0,"max_hp_gain":0.0,"max_hp_loss":0.0,"gold_gain":0.0,"event_name":"Colosseum","player_choice":"Fight","floor":28.0,"gold_loss":0.0,"damage_taken":0.0},{"damage_healed":0.0,"max_hp_gain":0.0,"max_hp_loss":0.0,"gold_gain":0.0,"event_name":"Colosseum","player_choice":"Fought Nobs","floor":28.0,"gold_loss":0.0,"damage_taken":0.0},{"damage_healed":0.0,"max_hp_gain":0.0,"max_hp_loss":0.0,"gold_gain":0.0,"event_name":"The Mausoleum","player_choice":"Opened","floor":31.0,"gold_loss":0.0,"damage_taken":0.0,"relics_obtained":["Regal Pillow"]},{"damage_healed":0.0,"max_hp_gain":0.0,"max_hp_loss":0.0,"gold_gain":0.0,"cards_transformed":["Defend_P"],"event_name":"Transmorgrifier","player_choice":"Transformed","floor":36.0,"gold_loss":0.0,"damage_taken":0.0,"cards_obtained":["Prostrate"]}],"is_beta":false,"boss_relics":[{"not_picked":["Black Star","Busted Crown"],"picked":"VioletLotus"},{"not_picked":["Snecko Eye","Tiny House"],"picked":"Empty Cage"}],"items_purged_floors":[7,37,41],"is_endless":false,"potions_floor_spawned":[1,14,18,24,28,28,33,40],"killed_by":"Transient","ascension_level":1}}