{"host":"922zt4fjsmmy4kg9","time":1608862783,"event":{"mods":["A Magickal Journey","Act Like it!","BaseMod","Better Third Choice","Downfall","Friendly Minions","Hermit","HololiveMod","Hubris","Jorbs\u0027s Wanderer Trilogy","Kiyohime????","Koishi","Marisa????????","Minty Spire (QoL Compilation)","Quick Restart","Reimu??????","Shop Mod","Spicy Shops","StSLib","SuperFastMode","The Animator","The Disciple","The Runesmith"],"gold_per_floor":[99,111,111,123,123,155,155,155,330,330,364,139,176,186,196,196,196],"floor_reached":16,"playtime":719,"items_purged":["Doubt"],"score":177,"play_id":"53b6b0ee-e3f6-4931-b418-e7a95e3c8d67","local_time":"20201225131943","is_ascension_mode":true,"campfire_choices":[{"data":"animator:YuiTsuruno","floor":1.0,"key":"SMITH"},{"floor":8,"key":"REST"}],"circlet_count":0,"master_deck":["AscendersBane","animator:Strike_MadokaMagica","animator:Defend_MadokaMagica","animator:Strike","animator:Strike","animator:Strike","animator:Defend","animator:Defend","animator:Defend","animator:IrohaTamaki","animator:YuiTsuruno+1","animator:KyokoSakura","animator:Aqua","animator:LeleiLaLalena","animator:PinaCoLada","animator:YachiyoNanami","animator:Fredrika","animator:SayakaMiki","animator:RoyMustang","animator:MamiTomoe"],"relics":["animator:LivingPicture","animator:TheMissingPiece","downfall:HeartsMalice","Peace Pipe","Akabeko","downfall:BrokenWingStatue","Vajra","RuthlessExorcism:ReiMu","hubris:Potato"],"acts_visited":["Exordium"],"potions_floor_usage":[11,14,16],"damage_taken":[{"damage":0.0,"enemies":"Small Slimes","floor":2.0,"turns":1.0},{"damage":0.0,"enemies":"Jaw Worm","floor":3.0,"turns":1.0},{"damage":0.0,"enemies":"2 Louse","floor":4.0,"turns":1.0},{"damage":42,"enemies":"3 Sentries","floor":6,"turns":8},{"damage":21,"enemies":"Lagavulin","floor":11,"turns":6},{"damage":10,"enemies":"downfall:FleeingMerchant","floor":12,"turns":4},{"damage":6,"enemies":"3 Sentries","floor":13,"turns":8},{"damage":4,"enemies":"Exordium Thugs","floor":14,"turns":4},{"damage":8,"enemies":"Blue Slaver","floor":15,"turns":2},{"damage":10,"enemies":"downfall:Ironclad","floor":16,"turns":2}],"seed_played":"-346665028339810136","potions_obtained":[{"floor":6,"key":"animator:GrowthPotion"},{"floor":13,"key":"Fire Potion"},{"floor":15,"key":"EssenceOfSteel"}],"is_trial":false,"path_per_floor":["R","M","M","M","?","E","T","R","?","?","E","$","E","M","M","B"],"character_chosen":"THE_ANIMATOR","items_purchased":["RuthlessExorcism:ReiMu"],"campfire_rested":1,"item_purchase_floors":[12],"current_hp_per_floor":[59,59,59,59,59,20,20,40,40,40,21,13,9,8,2,0,0],"gold":196,"neow_bonus":"THREE_ENEMY_KILL","is_daily":false,"chose_seed":false,"campfire_upgraded":1,"win_rate":0.0,"timestamp":1608862783,"path_taken":["R","M","M","M","?","E","T","R","?","?","E","$","E","M","M","BOSS"],"items_purchased_type":["Relic"],"build_version":"2020-12-22","purchased_purges":1,"victory":false,"max_hp_per_floor":[66,66,66,66,66,67,67,67,67,67,67,67,67,68,68,68,68],"card_choices":[{"not_picked":["animator:Jibril","animator:Vanir"],"picked":"animator:KyokoSakura","floor":2.0},{"not_picked":["animator:Verdia","animator:Viivi"],"picked":"animator:Aqua","floor":3.0},{"not_picked":["animator:UneriGinkaku","animator:DolaCouronne"],"picked":"animator:LeleiLaLalena","floor":4.0},{"not_picked":["animator:YuiTsuruno","animator:IrohaTamaki"],"picked":"animator:YachiyoNanami","floor":6},{"not_picked":["animator:YaoHaDucy","animator:Konayuki"],"picked":"animator:Fredrika","floor":11},{"not_picked":["animator:TukaLunaMarceau","animator:IrohaTamaki"],"picked":"animator:SayakaMiki","floor":12},{"not_picked":["animator:Guy","animator:Kazuma"],"picked":"animator:RoyMustang","floor":13},{"not_picked":["animator:IrohaTamaki","animator:SayakaMiki"],"picked":"animator:MamiTomoe","floor":14},{"not_picked":["animator:Jibril","animator:Wiz","animator:Kuribayashi"],"picked":"SKIP","floor":15}],"player_experience":1305634,"relics_obtained":[{"floor":6,"key":"Peace Pipe"},{"floor":7,"key":"Akabeko"},{"floor":11,"key":"Vajra"},{"floor":13,"key":"hubris:Potato"}],"event_choices":[],"is_beta":false,"boss_relics":[],"items_purged_floors":[12],"is_endless":false,"potions_floor_spawned":[6,13,15],"killed_by":"downfall:Ironclad","ascension_level":11}}