{"host":"sa7ebub27cgn5wai","time":1608895883,"event":{"mods":["BaseMod","Colored Map","Minty Spire (QoL Compilation)","SuperFastMode"],"gold_per_floor":[114,124,70,83,97,97,111,121,175,175,189,189,222,232,232,232,232],"floor_reached":16,"playtime":290,"items_purged":[],"score":170,"play_id":"5fda2615-2b00-4558-b003-199415999311","local_time":"20201225203123","is_ascension_mode":true,"campfire_choices":[{"data":"Perfected Strike","floor":6,"key":"SMITH"},{"data":"Perfected Strike","floor":10,"key":"SMITH"},{"data":"Battle Trance","floor":12,"key":"SMITH"},{"data":"Shrug It Off","floor":15,"key":"SMITH"}],"circlet_count":0,"master_deck":["AscendersBane","Strike_R","Strike_R","Strike_R","Strike_R","Strike_R","Defend_R","Defend_R","Defend_R","Defend_R","Bash","Bandage Up","Thunderclap","Perfected Strike+1","Perfected Strike+1","Shrug It Off+1","Battle Trance+1"],"relics":["Burning Blood","Ancient Tea Set","Smiling Mask"],"acts_visited":["Exordium"],"potions_floor_usage":[16,16,16,16],"damage_taken":[{"damage":2,"enemies":"Small Slimes","floor":1,"turns":4},{"damage":5,"enemies":"2 Louse","floor":2,"turns":3},{"damage":2,"enemies":"Jaw Worm","floor":4,"turns":3},{"damage":6,"enemies":"Looter","floor":5,"turns":2},{"damage":10,"enemies":"2 Fungi Beasts","floor":7,"turns":3},{"damage":8,"enemies":"Blue Slaver","floor":8,"turns":3},{"damage":13,"enemies":"Lots of Slimes","floor":11,"turns":4},{"damage":34,"enemies":"Gremlin Nob","floor":13,"turns":4},{"damage":18,"enemies":"Large Slime","floor":14,"turns":2},{"damage":48,"enemies":"Hexaghost","floor":16,"turns":9}],"seed_played":"-4377132042016702622","potions_obtained":[{"floor":1,"key":"GamblersBrew"},{"floor":4,"key":"EntropicBrew"}],"is_trial":false,"path_per_floor":["M","M","$","M","M","R","M","M","T","R","M","R","E","M","R","B"],"character_chosen":"IRONCLAD","items_purchased":["Perfected Strike"],"campfire_rested":0,"item_purchase_floors":[3],"current_hp_per_floor":[80,80,80,80,80,80,76,78,78,78,75,75,51,43,43,0,0],"gold":232,"neow_bonus":"RANDOM_COLORLESS","is_daily":false,"chose_seed":false,"campfire_upgraded":4,"win_rate":0.0,"timestamp":1608895883,"path_taken":["M","M","$","M","M","R","M","M","T","R","M","R","E","M","R","BOSS"],"items_purchased_type":["Card"],"build_version":"2020-12-22","purchased_purges":0,"victory":false,"max_hp_per_floor":[80,80,80,80,80,80,80,80,80,80,80,80,80,80,80,80,80],"card_choices":[{"not_picked":["Purity","Forethought"],"picked":"Bandage Up","floor":0},{"not_picked":["Warcry","Shockwave"],"picked":"Thunderclap","floor":1},{"not_picked":["Clash","Body Slam"],"picked":"Perfected Strike","floor":2},{"not_picked":["Dropkick","Blood for Blood","Burning Pact"],"picked":"SKIP","floor":4},{"not_picked":["Clothesline","Havoc"],"picked":"Shrug It Off","floor":5},{"not_picked":["Warcry","Shrug It Off","Armaments"],"picked":"SKIP","floor":7},{"not_picked":["Corruption","Clash","Heavy Blade"],"picked":"SKIP","floor":8},{"not_picked":["Pommel Strike","Iron Wave"],"picked":"Battle Trance","floor":11},{"not_picked":["Shrug It Off","True Grit","Metallicize"],"picked":"SKIP","floor":13},{"not_picked":["Shrug It Off","Iron Wave","Heavy Blade"],"picked":"SKIP","floor":14}],"player_experience":277922,"relics_obtained":[{"floor":9,"key":"Ancient Tea Set"},{"floor":13,"key":"Smiling Mask"}],"event_choices":[],"is_beta":false,"boss_relics":[],"items_purged_floors":[],"is_endless":false,"potions_floor_spawned":[1,4,11,13,14],"killed_by":"Hexaghost","ascension_level":12}}