{"host":"4nqeo0vu1vuav7gg","time":1608907751,"event":{"mods":["AchievementEnabler","BaseMod","Block Reminder","Colored Map","Colored Powertips","Highlight Path","Minty Spire (QoL Compilation)","Quick Restart","Rare Cards Sparkle","Relic Relevance Reorder","StSLib"],"gold_per_floor":[116,127,145,145,163,163,176,203,230,230,242,242,242,269,269,346,346,364,414,339,339,351,363,407,0,54,70,70,97,97,114,114,191,191,210,264,80,80,80,80,80,80,80,80,115,115,115,134,134,134,134,134,12,12,12],"floor_reached":54,"playtime":4063,"items_purged":["Strike_B","Strike_B"],"score":1362,"play_id":"fc3b674f-8654-415f-888d-0de6e63d1a5b","local_time":"20201225154911","is_ascension_mode":true,"campfire_choices":[{"data":"Defragment","floor":6.0,"key":"SMITH"},{"floor":10.0,"key":"REST"},{"data":"Creative AI","floor":12.0,"key":"SMITH"},{"data":"Tempest","floor":15.0,"key":"SMITH"},{"data":"Reinforced Body","floor":23.0,"key":"SMITH"},{"floor":28.0,"key":"REST"},{"data":"Dualcast","floor":30.0,"key":"SMITH"},{"floor":32.0,"key":"REST"},{"data":"Go for the Eyes","floor":40.0,"key":"SMITH"},{"data":"Chill","floor":44.0,"key":"SMITH"},{"floor":47.0,"key":"RECALL"},{"floor":49.0,"key":"REST"},{"data":"Chill","floor":52.0,"key":"SMITH"}],"circlet_count":0,"master_deck":["AscendersBane","Strike_B","Defend_B","Defend_B","Defend_B","Zap+1","Dualcast+1","Go for the Eyes+1","Go for the Eyes","Tempest+1","Defragment+1","Cold Snap","Coolheaded","Creative AI+1","Chill+1","Electrodynamics","Reinforced Body+1","Turbo","Turbo+1","Coolheaded","Chill+1","Multi-Cast","Darkness","Force Field","Conserve Battery","Cold Snap","Coolheaded","Fusion","White Noise"],"relics":["Cracked Core","Calipers","Ginger","Lizard Tail","Runic Pyramid","Sundial","NeowsBlessing","Bag of Marbles","Anchor","Oddly Smooth Stone","Philosopher\u0027s Stone","MawBank","Potion Belt","Spirit Poop","MealTicket"],"acts_visited":["Exordium","TheCity","TheBeyond","TheEnding"],"potions_floor_usage":[],"damage_taken":[{"damage":0.0,"enemies":"Cultist","floor":1.0,"turns":1.0},{"damage":0.0,"enemies":"2 Louse","floor":2.0,"turns":1.0},{"damage":0.0,"enemies":"Jaw Worm","floor":3.0,"turns":1.0},{"damage":21.0,"enemies":"3 Louse","floor":5.0,"turns":3.0},{"damage":3.0,"enemies":"Blue Slaver","floor":7.0,"turns":3.0},{"damage":16.0,"enemies":"Lagavulin","floor":8.0,"turns":6.0},{"damage":6.0,"enemies":"2 Fungi Beasts","floor":11.0,"turns":3.0},{"damage":0.0,"enemies":"Gremlin Nob","floor":14.0,"turns":5.0},{"damage":21.0,"enemies":"Hexaghost","floor":16.0,"turns":9.0},{"damage":10.0,"enemies":"Shell Parasite","floor":18.0,"turns":6.0},{"damage":32.0,"enemies":"Book of Stabbing","floor":24.0,"turns":6.0},{"damage":15.0,"enemies":"2 Thieves","floor":27.0,"turns":3.0},{"damage":1.0,"enemies":"Gremlin Leader","floor":29.0,"turns":8.0},{"damage":0.0,"enemies":"3 Cultists","floor":31.0,"turns":2.0},{"damage":25.0,"enemies":"Champ","floor":33.0,"turns":12.0},{"damage":0.0,"enemies":"3 Darklings","floor":35.0,"turns":4.0},{"damage":42.0,"enemies":"2 Orb Walkers","floor":36.0,"turns":6.0},{"damage":0.0,"enemies":"Reptomancer","floor":45.0,"turns":5.0},{"damage":0.0,"enemies":"Orb Walker","floor":48.0,"turns":4.0},{"damage":62.0,"enemies":"Awakened One","floor":50.0,"turns":21.0},{"damage":119,"enemies":"Shield and Spear","floor":54,"turns":8}],"seed_played":"-2514148573373518632","potions_obtained":[{"floor":1.0,"key":"DuplicationPotion"},{"floor":2.0,"key":"BlessingOfTheForge"},{"floor":8.0,"key":"FocusPotion"},{"floor":14.0,"key":"Fire Potion"},{"floor":18.0,"key":"Weak Potion"},{"floor":27.0,"key":"AttackPotion"},{"floor":31.0,"key":"ColorlessPotion"},{"floor":48.0,"key":"Weak Potion"}],"is_trial":false,"path_per_floor":["M","M","M","?","M","R","M","E","T","R","M","R","?","E","R","B",null,"M","?","?","?","?","R","E","$","T","M","R","E","R","M","R","B",null,"M","?","$","?","?","R","$","?","T","R","E","?","R","M","R","B",null,"R","$","E"],"character_chosen":"DEFECT","items_purchased":["Calipers","Conserve Battery","Cold Snap","Fusion","White Noise"],"campfire_rested":4,"item_purchase_floors":[25,37,37,53,53],"current_hp_per_floor":[64,64,64,64,43,43,40,24,24,45,39,39,39,39,39,18,58,48,48,48,48,48,48,16,31,31,16,37,36,36,36,57,32,61,61,19,34,34,34,34,49,63,63,63,63,63,63,63,71,9,56,56,71,0,0],"gold":12,"neow_bonus":"THREE_ENEMY_KILL","is_daily":false,"chose_seed":false,"campfire_upgraded":8,"win_rate":0.0,"timestamp":1608907751,"path_taken":["M","M","M","?","M","R","M","E","T","R","M","R","?","E","R","BOSS","M","?","?","?","?","R","E","$","T","M","R","E","R","?","R","BOSS","M","?","$","?","?","R","$","?","T","R","E","?","R","?","R","BOSS","R","$","E"],"items_purchased_type":["Relic","Card","Card","Card","Card"],"build_version":"2020-12-22","purchased_purges":2,"victory":false,"max_hp_per_floor":[71,71,71,71,71,71,71,71,71,71,71,71,71,71,71,71,71,71,71,71,71,71,71,71,71,71,71,71,71,71,71,71,71,71,71,71,71,71,71,71,71,71,71,71,71,71,71,71,71,71,71,71,71,71,71],"card_choices":[{"not_picked":["Lockon","Reprogram"],"picked":"Go for the Eyes","floor":1.0},{"not_picked":["Gash","Steam"],"picked":"Go for the Eyes","floor":2.0},{"not_picked":["Recycle","Leap"],"picked":"Tempest","floor":3.0},{"not_picked":["Coolheaded","Hello World"],"picked":"Defragment","floor":5.0},{"not_picked":["Leap","Streamline"],"picked":"Cold Snap","floor":7.0},{"not_picked":["Fusion","Gash"],"picked":"Coolheaded","floor":8.0},{"not_picked":["Gash","Turbo"],"picked":"Creative AI","floor":11.0},{"not_picked":["Steam","Cold Snap"],"picked":"Chill","floor":14.0},{"not_picked":["Multi-Cast","Amplify"],"picked":"Electrodynamics","floor":16.0},{"not_picked":["Hologram","Redo"],"picked":"Reinforced Body","floor":18.0},{"not_picked":["Steam","Beam Cell"],"picked":"Turbo","floor":24.0},{"not_picked":["Barrage","Hello World"],"picked":"Turbo+1","floor":27.0},{"not_picked":["Melter","Compile Driver"],"picked":"Coolheaded","floor":29.0},{"not_picked":["Hologram","Machine Learning"],"picked":"Chill","floor":31.0},{"not_picked":["Core Surge","Rainbow"],"picked":"Multi-Cast","floor":33.0},{"not_picked":["Rebound","Go for the Eyes"],"picked":"Darkness","floor":35.0},{"not_picked":["Stack","Sweeping Beam"],"picked":"Force Field","floor":36.0},{"not_picked":["Leap","Go for the Eyes","Heatsinks+1"],"picked":"SKIP","floor":45.0},{"not_picked":["Reinforced Body","Ball Lightning"],"picked":"Coolheaded","floor":48.0}],"player_experience":1000072,"relics_obtained":[{"floor":8.0,"key":"Bag of Marbles"},{"floor":9.0,"key":"MealTicket"},{"floor":14.0,"key":"Anchor"},{"floor":24.0,"key":"Oddly Smooth Stone"},{"floor":26.0,"key":"Potion Belt"},{"floor":29.0,"key":"Sundial"},{"floor":36.0,"key":"Ginger"},{"floor":45.0,"key":"Lizard Tail"}],"event_choices":[{"damage_healed":0.0,"max_hp_gain":0.0,"max_hp_loss":0.0,"gold_gain":0.0,"event_name":"Golden Wing","player_choice":"Ignored","floor":4.0,"gold_loss":0.0,"damage_taken":0.0},{"damage_healed":0.0,"max_hp_gain":0.0,"max_hp_loss":0.0,"gold_gain":0.0,"event_name":"Living Wall","player_choice":"Grow","floor":13.0,"gold_loss":0.0,"damage_taken":0.0,"cards_upgraded":["Zap"]},{"damage_healed":0.0,"max_hp_gain":0.0,"max_hp_loss":0.0,"gold_gain":50.0,"event_name":"Nest","player_choice":"Stole From Cult","floor":19.0,"gold_loss":0.0,"damage_taken":0.0},{"cards_removed":["Strike_B"],"damage_healed":0.0,"max_hp_gain":0.0,"max_hp_loss":0.0,"gold_gain":0.0,"event_name":"Beggar","player_choice":"Gave Gold","floor":20.0,"gold_loss":75.0,"damage_taken":0.0},{"damage_healed":0.0,"max_hp_gain":0.0,"max_hp_loss":0.0,"gold_gain":0.0,"event_name":"The Mausoleum","player_choice":"Opened","floor":21.0,"gold_loss":0.0,"damage_taken":0.0,"relics_obtained":["MawBank"],"cards_obtained":["Writhe"]},{"cards_removed":["Writhe"],"damage_healed":0.0,"max_hp_gain":0.0,"max_hp_loss":0.0,"gold_gain":0.0,"event_name":"Back to Basics","player_choice":"Elegance","floor":22.0,"gold_loss":0.0,"damage_taken":0.0},{"damage_healed":0.0,"max_hp_gain":0.0,"max_hp_loss":0.0,"gold_gain":0.0,"event_name":"Mysterious Sphere","player_choice":"Fight","floor":36.0,"gold_loss":0.0,"damage_taken":0.0},{"damage_healed":0.0,"max_hp_gain":0.0,"max_hp_loss":0.0,"gold_gain":0.0,"event_name":"The Moai Head","player_choice":"Ignored","floor":38.0,"gold_loss":0.0,"damage_taken":0.0},{"cards_removed":["Defend_B"],"damage_healed":0.0,"max_hp_gain":0.0,"max_hp_loss":0.0,"gold_gain":0.0,"event_name":"Falling","player_choice":"Removed Skill","floor":39.0,"gold_loss":0.0,"damage_taken":0.0},{"damage_healed":14.0,"max_hp_gain":0.0,"max_hp_loss":0.0,"gold_gain":0.0,"event_name":"Winding Halls","player_choice":"Writhe","floor":42.0,"gold_loss":0.0,"damage_taken":0.0,"cards_obtained":["Writhe"]},{"cards_removed":["Writhe"],"damage_healed":0.0,"max_hp_gain":0.0,"max_hp_loss":0.0,"gold_gain":0.0,"event_name":"Bonfire Elementals","player_choice":"Offered Curse","floor":46.0,"gold_loss":0.0,"damage_taken":0.0,"relics_obtained":["Spirit Poop"]}],"is_beta":false,"boss_relics":[{"not_picked":["Busted Crown","Coffee Dripper"],"picked":"Runic Pyramid"},{"not_picked":["Cursed Key","Runic Dome"],"picked":"Philosopher\u0027s Stone"}],"items_purged_floors":[25,37],"is_endless":false,"potions_floor_spawned":[1,2,8,14,18,27,31,48],"killed_by":"Shield and Spear","ascension_level":16}}