{"host":"640uue19m79c7wbt","time":1608934754,"event":{"mods":["BaseMod","Colored Map","Googly Eyes","Highlight Path","Minty Spire (QoL Compilation)","Quick Restart","StSLib"],"gold_per_floor":[118,118,268,284,359,385,385,418,471,471,156,170,170,184,184,258,258,269,269,84,84,8,43,0,35,35,85,85,85,85,0,0,0,0],"floor_reached":33,"playtime":1368,"items_purged":["Doubt"],"score":695,"play_id":"75dc2708-51fe-44e2-85c7-d27bc188f709","local_time":"20201225171914","is_ascension_mode":true,"campfire_choices":[{"data":"Cloak And Dagger","floor":7.0,"key":"SMITH"},{"floor":10.0,"key":"REST"},{"floor":13.0,"key":"REST"},{"data":"Accuracy","floor":15.0,"key":"SMITH"},{"floor":28,"key":"REST"},{"data":"Storm of Steel","floor":30,"key":"SMITH"},{"data":"Accuracy","floor":32,"key":"SMITH"}],"circlet_count":0,"master_deck":["AscendersBane","Defend_G","Defend_G","Defend_G","Defend_G","Defend_G","Survivor","Neutralize","Accuracy+1","Flying Knee+1","Cloak And Dagger+1","Caltrops","Glass Knife","Accuracy+1","Blur","Crippling Poison","Storm of Steel+1","Blade Dance","Bite","Bite","Bite","Bite","Bite","Cloak And Dagger","Well Laid Plans","Infinite Blades","Choke+1","Endless Agony"],"relics":["Ring of the Serpent","NeowsBlessing","PreservedInsect","Whetstone","Vajra","Strawberry","Lantern","Nunchaku","MealTicket"],"acts_visited":["Exordium","TheCity"],"potions_floor_usage":[33],"damage_taken":[{"damage":0.0,"enemies":"2 Louse","floor":1.0,"turns":1.0},{"damage":0.0,"enemies":"Small Slimes","floor":4.0,"turns":2.0},{"damage":0.0,"enemies":"Lagavulin","floor":6.0,"turns":1.0},{"damage":28.0,"enemies":"3 Sentries","floor":8.0,"turns":8.0},{"damage":4.0,"enemies":"Jaw Worm","floor":12.0,"turns":2.0},{"damage":5.0,"enemies":"Looter","floor":14.0,"turns":2.0},{"damage":40.0,"enemies":"Slime Boss","floor":16.0,"turns":9.0},{"damage":26.0,"enemies":"Shell Parasite","floor":18.0,"turns":4.0},{"damage":33.0,"enemies":"Book of Stabbing","floor":23.0,"turns":3.0},{"damage":0,"enemies":"Gremlin Leader","floor":25,"turns":5},{"damage":54,"enemies":"Champ","floor":33,"turns":10}],"seed_played":"2261961198975758680","potions_obtained":[{"floor":1.0,"key":"EssenceOfSteel"},{"floor":4.0,"key":"Dexterity Potion"},{"floor":12.0,"key":"SkillPotion"},{"floor":14.0,"key":"GamblersBrew"},{"floor":18.0,"key":"ColorlessPotion"}],"is_trial":false,"path_per_floor":["M","?","?","M","?","E","R","E","T","R","$","M","R","M","R","B",null,"M","?","$","?","$","E","?","E","T","?","R","$","R","$","R","B"],"character_chosen":"THE_SILENT","items_purchased":["Strawberry","Accuracy","Cloak And Dagger","Lantern","Infinite Blades","DistilledChaos"],"campfire_rested":3,"item_purchase_floors":[11,11,20,20,22,31],"current_hp_per_floor":[59,59,59,59,48,48,48,20,20,39,46,42,63,58,58,18,59,33,33,33,33,33,6,6,14,14,14,29,44,44,51,51,11,11],"gold":0,"neow_bonus":"THREE_ENEMY_KILL","is_daily":false,"chose_seed":false,"campfire_upgraded":4,"win_rate":0.0,"timestamp":1608934754,"path_taken":["M","?","?","M","?","E","R","E","T","R","$","M","R","M","R","BOSS","M","?","$","?","$","E","?","E","T","?","R","$","R","?","R","BOSS"],"items_purchased_type":["Relic","Card","Card","Relic","Card","Potion"],"build_version":"2020-12-22","purchased_purges":1,"victory":false,"max_hp_per_floor":[66,66,66,66,66,66,66,66,66,66,73,73,73,73,73,73,73,73,51,51,51,51,51,51,51,51,51,51,51,51,51,51,51,51],"card_choices":[{"not_picked":["Dodge and Roll","Dagger Spray"],"picked":"Accuracy","floor":1.0},{"not_picked":["Acrobatics","Distraction"],"picked":"Cloak And Dagger","floor":4.0},{"not_picked":["Dash","Deflect"],"picked":"Caltrops","floor":6.0},{"not_picked":["Well Laid Plans","Setup"],"picked":"Glass Knife","floor":8.0},{"not_picked":["Flechettes","Poisoned Stab"],"picked":"Blur","floor":12.0},{"not_picked":["Dodge and Roll","Slice"],"picked":"Crippling Poison","floor":14.0},{"not_picked":["Malaise","Envenom"],"picked":"Storm of Steel","floor":16.0},{"not_picked":["Dagger Throw","Catalyst"],"picked":"Blade Dance","floor":18.0},{"not_picked":["Blade Dance","Backflip"],"picked":"Choke+1","floor":23.0},{"not_picked":["Infinite Blades","Footwork"],"picked":"Endless Agony","floor":25}],"player_experience":1233437,"relics_obtained":[{"floor":6.0,"key":"PreservedInsect"},{"floor":8.0,"key":"Whetstone"},{"floor":9.0,"key":"Vajra"},{"floor":23.0,"key":"Nunchaku"},{"floor":25,"key":"MealTicket"}],"event_choices":[{"damage_healed":0.0,"max_hp_gain":0.0,"max_hp_loss":0.0,"gold_gain":0.0,"cards_transformed":["Strike_G"],"event_name":"Living Wall","player_choice":"Change","floor":2.0,"gold_loss":0.0,"damage_taken":0.0,"cards_obtained":["Flying Knee"]},{"damage_healed":0.0,"max_hp_gain":0.0,"max_hp_loss":0.0,"gold_gain":150.0,"event_name":"Liars Game","player_choice":"AGREE","floor":3.0,"gold_loss":0.0,"damage_taken":0.0,"cards_obtained":["Doubt"]},{"damage_healed":0.0,"max_hp_gain":0.0,"max_hp_loss":0.0,"gold_gain":75.0,"event_name":"World of Goop","player_choice":"Gather Gold","floor":5.0,"gold_loss":0.0,"damage_taken":11.0},{"damage_healed":0.0,"max_hp_gain":0.0,"max_hp_loss":22.0,"gold_gain":0.0,"event_name":"Vampires","player_choice":"Became a vampire","floor":19.0,"gold_loss":0.0,"damage_taken":0.0,"cards_obtained":["Bite","Bite","Bite","Bite","Bite"]},{"damage_healed":0.0,"max_hp_gain":0.0,"max_hp_loss":0.0,"gold_gain":0.0,"event_name":"The Library","player_choice":"Read","floor":21.0,"gold_loss":0.0,"damage_taken":0.0,"cards_obtained":["Well Laid Plans"]},{"damage_healed":0,"gold_gain":0,"player_choice":"Paid Fearfully","damage_taken":0,"max_hp_gain":0,"max_hp_loss":0,"event_name":"Masked Bandits","floor":24,"gold_loss":43},{"damage_healed":0,"gold_gain":50,"player_choice":"Stole From Cult","damage_taken":0,"max_hp_gain":0,"max_hp_loss":0,"event_name":"Nest","floor":27,"gold_loss":0}],"is_beta":false,"boss_relics":[{"not_picked":["SacredBark","Calling Bell"],"picked":"Ring of the Serpent"}],"items_purged_floors":[11],"is_endless":false,"potions_floor_spawned":[1,4,12,14,18],"killed_by":"Champ","ascension_level":20}}