{"host":"mi0eibewekhugwl1","time":1608890758,"event":{"mods":["AchievementEnabler","BaseMod","Colored Map","Colored Powertips","DeckTracker","Keyboard Shortcuts","Minty Spire (QoL Compilation)","Quick Restart","Rare Cards Sparkle","Relic Stats","StSLib","SuperFastMode","everything is the same but u backflip on backflip"],"gold_per_floor":[116,116,130,11,286,286,304,304,358,86,101,113,113,138,138,212,212,223,98,115,133,145,145,175,175,253,265,279,299,315,315,315,315,315],"floor_reached":33,"playtime":588,"items_purged":["Strike_R","Regret","Strike_R"],"score":542,"play_id":"9b2c0f56-9445-409e-93a8-c25b5ef49ce6","local_time":"20201225190558","is_ascension_mode":true,"campfire_choices":[{"data":"Sword Boomerang","floor":6,"key":"SMITH"},{"data":"Inflame","floor":8,"key":"SMITH"},{"data":"Immolate","floor":13,"key":"SMITH"},{"data":"Fire Breathing","floor":15,"key":"SMITH"},{"data":"Feed","floor":23,"key":"SMITH"},{"floor":25,"key":"REST"},{"floor":32,"key":"REST"}],"circlet_count":0,"master_deck":["AscendersBane","Strike_R","Strike_R","Defend_R","Defend_R","Defend_R","Bash","Battle Trance","Twin Strike","Sword Boomerang+1","Power Through","Inflame+1","Immolate+1","Pommel Strike","Fire Breathing+1","Feed+1","Shrug It Off","True Grit+1","Double Tap","Iron Wave","Feed"],"relics":["Burning Blood","Orichalcum","Toy Ornithopter","Mark of Pain","Pocketwatch","Ornamental Fan"],"acts_visited":["Exordium","TheCity"],"potions_floor_usage":[22,24,33],"damage_taken":[{"damage":19,"enemies":"Small Slimes","floor":1,"turns":6},{"damage":6,"enemies":"Cultist","floor":3,"turns":3},{"damage":5,"enemies":"2 Louse","floor":7,"turns":3},{"damage":0,"enemies":"2 Fungi Beasts","floor":11,"turns":2},{"damage":6,"enemies":"Lots of Slimes","floor":12,"turns":2},{"damage":10,"enemies":"3 Sentries","floor":14,"turns":5},{"damage":17,"enemies":"Hexaghost","floor":16,"turns":7},{"damage":9,"enemies":"Shell Parasite","floor":18,"turns":3},{"damage":6,"enemies":"Chosen","floor":20,"turns":3},{"damage":18,"enemies":"Snake Plant","floor":21,"turns":3},{"damage":0,"enemies":"Chosen and Byrds","floor":22,"turns":3},{"damage":41,"enemies":"Gremlin Leader","floor":24,"turns":5},{"damage":9,"enemies":"Snecko","floor":27,"turns":4},{"damage":19,"enemies":"Centurion and Healer","floor":28,"turns":5},{"damage":16,"enemies":"Sentry and Sphere","floor":29,"turns":4},{"damage":18,"enemies":"Snecko","floor":30,"turns":4},{"damage":64,"enemies":"Collector","floor":33,"turns":7}],"seed_played":"-2137381426823820019","potions_obtained":[{"floor":11,"key":"ColorlessPotion"},{"floor":14,"key":"EssenceOfSteel"},{"floor":22,"key":"GamblersBrew"},{"floor":24,"key":"Ancient Potion"}],"is_trial":false,"path_per_floor":["M","?","M","$","?","R","M","R","T","$","M","M","R","E","R","B",null,"M","$","M","M","M","R","E","R","T","M","M","M","M","?","R","B"],"character_chosen":"IRONCLAD","items_purchased":["Power Through","Immolate"],"campfire_rested":2,"item_purchase_floors":[4,10],"current_hp_per_floor":[55,55,55,55,55,55,56,56,56,56,62,62,62,58,58,47,68,65,65,65,53,67,67,37,60,60,57,44,38,26,26,50,0,0],"gold":315,"neow_bonus":"THREE_CARDS","is_daily":false,"chose_seed":false,"campfire_upgraded":5,"win_rate":0.0,"timestamp":1608890758,"path_taken":["M","?","M","?","?","R","M","R","T","$","M","M","R","E","R","BOSS","M","$","M","M","M","R","E","R","T","M","M","M","M","?","R","BOSS"],"items_purchased_type":["Card","Card"],"build_version":"2020-12-22","purchased_purges":3,"victory":false,"max_hp_per_floor":[75,75,75,75,75,75,75,75,75,75,75,75,75,75,75,75,75,75,75,75,75,78,78,78,78,78,78,78,82,82,82,82,82,82],"relic_stats":{"counters":[17,69],"Ornamental Fan":[32],"Orichalcum":[84],"obtain_stats":[{"Ornamental Fan":26,"Mark of Pain":17,"Orichalcum":9,"Burning Blood":0,"Toy Ornithopter":14,"Pocketwatch":24},{"Ornamental Fan":12,"Mark of Pain":7,"Orichalcum":3,"Burning Blood":0,"Toy Ornithopter":6,"Pocketwatch":12},{"Ornamental Fan":45,"Mark of Pain":28,"Orichalcum":12,"Burning Blood":0,"Toy Ornithopter":21,"Pocketwatch":45}],"Burning Blood":96,"Toy Ornithopter":15,"Pocketwatch":[30]},"card_choices":[{"not_picked":["Heavy Blade","True Grit"],"picked":"Battle Trance","floor":0},{"not_picked":["Armaments","Dropkick"],"picked":"Twin Strike","floor":1},{"not_picked":["Warcry","Flame Barrier"],"picked":"Sword Boomerang","floor":3},{"not_picked":["Wild Strike","Cleave"],"picked":"Inflame","floor":7},{"not_picked":["Clothesline","Thunderclap"],"picked":"Pommel Strike","floor":11},{"not_picked":["Dropkick","Cleave","Anger"],"picked":"SKIP","floor":12},{"not_picked":["Clash","Hemokinesis"],"picked":"Fire Breathing","floor":14},{"not_picked":["Limit Break","Berserk"],"picked":"Feed","floor":16},{"not_picked":["Pommel Strike","Warcry","Thunderclap"],"picked":"SKIP","floor":18},{"not_picked":["Cleave","Berserk","Hemokinesis"],"picked":"SKIP","floor":20},{"not_picked":["Armaments","Clothesline","Havoc"],"picked":"SKIP","floor":21},{"not_picked":["Metallicize","Twin Strike"],"picked":"Shrug It Off","floor":22},{"not_picked":["Armaments","Feel No Pain","Sword Boomerang"],"picked":"SKIP","floor":24},{"not_picked":["True Grit","Havoc+1","Warcry"],"picked":"SKIP","floor":27},{"not_picked":["Headbutt+1","Warcry"],"picked":"True Grit+1","floor":28},{"not_picked":["Clothesline","Rupture"],"picked":"Double Tap","floor":29},{"not_picked":["Anger","Shrug It Off","Rupture+1"],"picked":"SKIP","floor":30}],"player_experience":1706462,"relics_obtained":[{"floor":9,"key":"Orichalcum"},{"floor":14,"key":"Toy Ornithopter"},{"floor":24,"key":"Pocketwatch"},{"floor":26,"key":"Ornamental Fan"}],"event_choices":[{"damage_healed":0,"gold_gain":0,"player_choice":"0 cards matched","damage_taken":0,"max_hp_gain":0,"max_hp_loss":0,"event_name":"Match and Keep!","floor":2,"gold_loss":0,"cards_obtained":[]},{"damage_healed":0,"gold_gain":275,"player_choice":"Desecrate","damage_taken":0,"max_hp_gain":0,"max_hp_loss":0,"event_name":"Golden Shrine","floor":5,"gold_loss":0,"cards_obtained":["Regret"]},{"damage_healed":0,"gold_gain":0,"cards_transformed":["Strike_R","Defend_R"],"player_choice":"Became Test Subject","damage_taken":0,"max_hp_gain":0,"max_hp_loss":0,"event_name":"Drug Dealer","floor":31,"gold_loss":0,"cards_obtained":["Iron Wave","Feed"]}],"is_beta":false,"boss_relics":[{"not_picked":["Calling Bell","Astrolabe"],"picked":"Mark of Pain"}],"items_purged_floors":[4,10,19],"is_endless":false,"potions_floor_spawned":[11,14,18,22,24],"killed_by":"Collector","ascension_level":20}}