{"host":"7cfzm0fn42wwm7gf","time":1608899960,"event":{"mods":["Alarm Clock","BaseMod","Colored Powertips","Highlight Path","Minty Spire (QoL Compilation)","Quick Restart","Relic Stats","Waifu the Spire"],"gold_per_floor":[113,113,63,80,96,96,109,109,136,170,184,184,219,237,237,315,315,334,334,150,167,167,167,167,167],"floor_reached":24,"playtime":923,"items_purged":[],"score":375,"play_id":"7f02e760-081c-46f7-8db7-e378239e666b","local_time":"20201225203920","is_ascension_mode":true,"campfire_choices":[{"data":"Bouncing Flask","floor":6.0,"key":"SMITH"},{"data":"Dagger Spray","floor":8.0,"key":"SMITH"},{"data":"Catalyst","floor":12.0,"key":"SMITH"},{"data":"Neutralize","floor":15.0,"key":"SMITH"},{"data":"Adrenaline","floor":23.0,"key":"SMITH"}],"circlet_count":0,"master_deck":["AscendersBane","Defend_G","Defend_G","Defend_G","Defend_G","Defend_G","Survivor","Neutralize+1","Reflex","Blur","Bouncing Flask+1","Dagger Spray+1","Underhanded Strike","Catalyst+1","Dash","Night Terror","CurseOfTheBell","Bouncing Flask+1","Bite","Bite","Bite","Bite","Bite","Calculated Gamble","Adrenaline+1"],"relics":["Ring of the Snake","Bag of Marbles","Toy Ornithopter","Regal Pillow","Torii","Calling Bell","Bronze Scales","Pear","Tingsha"],"acts_visited":["TheCity"],"potions_floor_usage":[],"damage_taken":[{"damage":0.0,"enemies":"Small Slimes","floor":1.0,"turns":5.0},{"damage":3.0,"enemies":"Jaw Worm","floor":4.0,"turns":8.0},{"damage":0.0,"enemies":"2 Louse","floor":5.0,"turns":4.0},{"damage":0.0,"enemies":"2 Fungi Beasts","floor":7.0,"turns":3.0},{"damage":20.0,"enemies":"Gremlin Nob","floor":10.0,"turns":4.0},{"damage":0.0,"enemies":"3 Louse","floor":11.0,"turns":1.0},{"damage":14.0,"enemies":"Lagavulin","floor":13.0,"turns":5.0},{"damage":0.0,"enemies":"Lots of Slimes","floor":14.0,"turns":1.0},{"damage":1.0,"enemies":"Slime Boss","floor":16.0,"turns":7.0},{"damage":10.0,"enemies":"Spheric Guardian","floor":18.0,"turns":5.0},{"damage":1.0,"enemies":"3 Byrds","floor":21.0,"turns":3.0},{"damage":0,"enemies":"Gremlin Leader","floor":24,"turns":1}],"seed_played":"-6787976913080295890","potions_obtained":[{"floor":4.0,"key":"Ancient Potion"},{"floor":11.0,"key":"EntropicBrew"},{"floor":13.0,"key":"SpeedPotion"},{"floor":16.0,"key":"Fire Potion"}],"is_trial":false,"path_per_floor":["M","?","?","M","M","R","M","R","T","E","M","R","E","M","R","B",null,"M","?","$","M","?","R","E"],"character_chosen":"THE_SILENT","items_purchased":["Calculated Gamble","Adrenaline"],"campfire_rested":0,"item_purchase_floors":[20,20],"current_hp_per_floor":[59,59,59,56,56,56,56,56,56,36,36,36,42,42,42,41,70,60,53,53,53,45,45,45,45],"gold":167,"neow_bonus":"RANDOM_COMMON_RELIC","is_daily":false,"chose_seed":false,"campfire_upgraded":5,"win_rate":0.0,"timestamp":1608899960,"path_taken":["M","?","?","?","M","R","M","R","T","E","M","R","E","M","R","BOSS","M","?","$","M","?","R","E"],"items_purchased_type":["Card","Card"],"build_version":"2020-12-22","purchased_purges":0,"victory":false,"max_hp_per_floor":[66,66,66,66,66,66,66,66,66,66,66,66,66,66,66,66,76,76,53,53,53,58,58,58,58],"relic_stats":{"Regal Pillow":0,"Torii":5,"counters":[12,47],"Bronze Scales":[42],"Tingsha":[0],"obtain_stats":[{"Calling Bell":17,"Regal Pillow":10,"Pear":17,"Torii":13,"Bronze Scales":17,"Tingsha":17,"Bag of Marbles":0,"Toy Ornithopter":9,"Ring of the Snake":0},{"Calling Bell":9,"Regal Pillow":5,"Pear":9,"Torii":7,"Bronze Scales":9,"Tingsha":9,"Bag of Marbles":0,"Toy Ornithopter":4,"Ring of the Snake":0},{"Calling Bell":38,"Regal Pillow":24,"Pear":38,"Torii":30,"Bronze Scales":38,"Tingsha":38,"Bag of Marbles":0,"Toy Ornithopter":20,"Ring of the Snake":0}],"Toy Ornithopter":20,"Ring of the Snake":[24]},"card_choices":[{"not_picked":["Poisoned Stab","Bane"],"picked":"Reflex","floor":1.0},{"not_picked":["Outmaneuver","Caltrops"],"picked":"Blur","floor":4.0},{"not_picked":["Quick Slash","Outmaneuver"],"picked":"Bouncing Flask","floor":5.0},{"not_picked":["Quick Slash","Dodge and Roll"],"picked":"Dagger Spray","floor":7.0},{"not_picked":["Finisher","Setup"],"picked":"Underhanded Strike","floor":10.0},{"not_picked":["Blur","Dash"],"picked":"Catalyst","floor":11.0},{"not_picked":["Deflect","Distraction"],"picked":"Dash","floor":13.0},{"not_picked":["Flechettes","Prepared","All Out Attack"],"picked":"SKIP","floor":14.0},{"not_picked":["Storm of Steel","Die Die Die"],"picked":"Night Terror","floor":16.0},{"not_picked":["Poisoned Stab","Outmaneuver"],"picked":"Bouncing Flask+1","floor":18.0},{"not_picked":["Blade Dance","Deadly Poison","Grand Finale"],"picked":"SKIP","floor":21.0}],"player_experience":107920,"relics_obtained":[{"floor":9.0,"key":"Toy Ornithopter"},{"floor":10.0,"key":"Regal Pillow"},{"floor":13.0,"key":"Torii"},{"floor":17.0,"key":"Bronze Scales"},{"floor":17.0,"key":"Pear"},{"floor":17.0,"key":"Tingsha"}],"event_choices":[{"damage_healed":0.0,"max_hp_gain":0.0,"max_hp_loss":0.0,"gold_gain":0.0,"event_name":"Liars Game","player_choice":"Ignored","floor":2.0,"gold_loss":0.0,"damage_taken":0.0},{"cards_removed":["Strike_G"],"damage_healed":0.0,"max_hp_gain":0.0,"max_hp_loss":0.0,"gold_gain":0.0,"event_name":"The Cleric","player_choice":"Card Removal","floor":3.0,"gold_loss":50.0,"damage_taken":0.0},{"damage_healed":0.0,"max_hp_gain":0.0,"max_hp_loss":23.0,"gold_gain":0.0,"event_name":"Vampires","player_choice":"Became a vampire","floor":19.0,"gold_loss":0.0,"damage_taken":0.0,"cards_obtained":["Bite","Bite","Bite","Bite","Bite"]},{"damage_healed":0.0,"max_hp_gain":5.0,"max_hp_loss":0.0,"gold_gain":0.0,"event_name":"Forgotten Altar","player_choice":"Shed Blood","floor":22.0,"gold_loss":0.0,"damage_taken":13.0}],"is_beta":false,"boss_relics":[{"not_picked":["SlaversCollar","Snecko Eye"],"picked":"Calling Bell"}],"items_purged_floors":[],"is_endless":false,"potions_floor_spawned":[4,11,13,16,21],"killed_by":"Gremlin Leader","ascension_level":14}}