{"host":"uflv0e3ja7hvnij7","time":1608921995,"event":{"mods":["Aspiration","BaseMod","Better Altar","Better Match","Better Note","Better Sensory Stone","Better Skull","Better Third Choice","Conspire","Downfall","Hubris","Infinite Spire","Minty Spire (QoL Compilation)","Permanent Neow","StSLib"],"gold_per_floor":[110,123,133,145,145,145,174,174,174,189,222,241,241,10,10,114,114,130,130,142,122,138,165,179,179,202,215,415,428,428,447,447,545,545,564,564,564,581,262,262,287,287,287,301,301,301,746,746,746,846,846],"floor_reached":50,"playtime":2458,"items_purged":["Strike_B"],"score":604,"play_id":"c1f87696-b748-49e0-858d-c2962081c3e7","local_time":"20201225134635","is_ascension_mode":false,"campfire_choices":[{"floor":6,"key":"REST"},{"floor":8,"key":"REST"},{"data":"Gash","floor":8,"key":"SMITH"},{"floor":15,"key":"REST"},{"data":"hubris:DuctTapeCard","floor":15,"key":"SMITH"},{"floor":25,"key":"REST"},{"data":"Buffer","floor":25,"key":"SMITH"},{"floor":30,"key":"REST"},{"data":"Gash","floor":30,"key":"SMITH"},{"floor":32,"key":"REST"},{"data":"Hologram","floor":32,"key":"SMITH"},{"floor":40,"key":"REST"},{"data":"hubris:EnhanceAbility","floor":40,"key":"SMITH"},{"data":"Rip and Tear","floor":42,"key":"SMITH"},{"data":"Beam Cell","floor":45,"key":"SMITH"},{"floor":49,"key":"REST"},{"data":"Steam","floor":49,"key":"SMITH"}],"circlet_count":0,"master_deck":["Strike_B","Strike_B","Strike_B","Defend_B","Defend_B","Defend_B","Defend_B","Zap","Dualcast","Rip and Tear+1","Gash+1","Hologram+1","conspire:Rain","hubris:DuctTapeCard+2","Echo Form","Beam Cell+1","Glass Knife+1","Buffer+1","Leap","Gash","Gash+1","Steam+1","Steam","hubris:EnhanceAbility+1","Leap","Hologram+1"],"relics":["Cracked Core","infinitespire:Magic Flask","hubris:DuctTape","infinitespire:BottledMercury","Bag of Marbles","Sling","Black Star","Juzu Bracelet","Pen Nib","Vajra","hubris:ScarierMask","hubris:TenFootPole","Calipers","Ornamental Fan","Toxic Egg 2","hubris:Icosahedron"],"acts_visited":["Exordium","TheCity","TheBeyond"],"potions_floor_usage":[5,23,23,41,41],"damage_taken":[{"damage":0,"enemies":"Cultist","floor":1,"turns":2},{"damage":0,"enemies":"2 Louse","floor":2,"turns":2},{"damage":11,"enemies":"Jaw Worm","floor":3,"turns":3},{"damage":10,"enemies":"Looter","floor":4,"turns":3},{"damage":1,"enemies":"Exordium Wildlife","floor":5,"turns":2},{"damage":9,"enemies":"Gremlin Nob","floor":7,"turns":3},{"damage":13,"enemies":"2 Fungi Beasts","floor":10,"turns":3},{"damage":21,"enemies":"Lagavulin","floor":11,"turns":6},{"damage":2,"enemies":"Blue Slaver","floor":12,"turns":2},{"damage":0,"enemies":"Slime Boss","floor":16,"turns":4},{"damage":10,"enemies":"Spheric Guardian","floor":18,"turns":3},{"damage":10,"enemies":"2 Thieves","floor":20,"turns":4},{"damage":5,"enemies":"Chosen and Byrds","floor":22,"turns":5},{"damage":0,"enemies":"Gremlin Leader","floor":23,"turns":1},{"damage":28,"enemies":"Shelled Parasite and Fungi","floor":24,"turns":5},{"damage":7,"enemies":"Centurion and Healer","floor":27,"turns":5},{"damage":20,"enemies":"Sentry and Sphere","floor":29,"turns":4},{"damage":13,"enemies":"Shelled Parasite and Fungi","floor":31,"turns":3},{"damage":14,"enemies":"Champ","floor":33,"turns":7},{"damage":9,"enemies":"Orb Walker","floor":35,"turns":2},{"damage":18,"enemies":"3 Shapes","floor":38,"turns":3},{"damage":20,"enemies":"Nightmare","floor":41,"turns":8},{"damage":0,"enemies":"Transient","floor":44,"turns":5},{"damage":73,"enemies":"conspire:OrnateMirror","floor":50,"turns":8}],"seed_played":"-8175718470284201169","potions_obtained":[{"floor":2,"key":"SmokeBomb"},{"floor":4,"key":"sneckomod:MuddlingPotion"},{"floor":7,"key":"infinitespire:BlackPotion"},{"floor":16,"key":"EssenceOfSteel"},{"floor":21,"key":"CultistPotion"},{"floor":22,"key":"Guardian:BlockOnCardUsePotion"},{"floor":23,"key":"Dexterity Potion"},{"floor":27,"key":"BlessingOfTheForge"},{"floor":44,"key":"FocusPotion"}],"is_trial":false,"path_per_floor":["M","M","M","M","M","R","E","R","T","M","E","M","?","$","R","B",null,"M","$","M","?","M","E","M","R","T","M","?","M","R","M","R","B",null,"M","?","?","M","$","R","NM","R","T","M","R","?","?","?","R","B"],"character_chosen":"DEFECT","items_purchased":["Sling","hubris:TenFootPole","hubris:EnhanceAbility"],"campfire_rested":8,"item_purchase_floors":[14,39,39],"current_hp_per_floor":[75,75,64,54,53,75,66,75,75,62,41,39,27,27,49,49,75,65,65,55,55,50,50,22,44,44,37,37,17,39,26,48,34,75,66,66,66,48,48,70,50,50,50,50,50,50,34,34,56,0,0],"gold":846,"neow_bonus":"THREE_CARDS","is_daily":false,"chose_seed":false,"campfire_upgraded":9,"win_rate":0.0,"timestamp":1608921995,"path_taken":["M","?","M","M","M","R","E","R","T","M","E","M","?","$","R","BOSS","M","$","M","?","M","E","M","R","T","M","?","M","R","M","R","BOSS","M","?","?","M","$","R","NM","R","T","M","R","?","?","?","R","BOSS"],"items_purchased_type":["Relic","Relic","Card"],"build_version":"2020-12-22","purchased_purges":1,"victory":false,"max_hp_per_floor":[75,75,75,75,75,75,75,75,75,75,75,75,75,75,75,75,75,75,75,75,75,75,75,75,75,75,75,75,75,75,75,75,75,75,75,75,75,75,75,75,75,75,75,75,75,75,75,75,75,75,75],"card_choices":[{"not_picked":["Cold Snap","Hologram"],"picked":"Rip and Tear","floor":0},{"not_picked":["Steam","Barrage"],"picked":"Beam Cell","floor":1},{"not_picked":["Coolheaded","Compile Driver"],"picked":"Gash","floor":2},{"not_picked":["Reinforced Body","Storm"],"picked":"Hologram","floor":3},{"not_picked":["Hologram","Conserve Battery"],"picked":"Go for the Eyes","floor":4},{"not_picked":["Melter","Leap"],"picked":"conspire:Rain","floor":7},{"not_picked":["Hologram","Redo"],"picked":"Echo Form","floor":10},{"not_picked":["Melter","Compile Driver","Fusion"],"picked":"SKIP","floor":11},{"not_picked":["Leap","Barrage"],"picked":"Beam Cell","floor":12},{"not_picked":["Echo Form","Biased Cognition"],"picked":"Buffer","floor":16},{"not_picked":["Hello World+1","Chill"],"picked":"Leap","floor":18},{"not_picked":["Recycle","Coolheaded","Barrage"],"picked":"SKIP","floor":20},{"not_picked":["hubris:PowerSurge","Barrage","Cold Snap"],"picked":"SKIP","floor":22},{"not_picked":["hubris:PowerSurge","Barrage","Cold Snap"],"picked":"SKIP","floor":22},{"not_picked":["hubris:Ukulele","hubris:Prefetch"],"picked":"Gash","floor":23},{"not_picked":["Ball Lightning","White Noise","Undo+1"],"picked":"SKIP","floor":24},{"not_picked":["Fusion","Leap"],"picked":"Gash","floor":27},{"not_picked":["Electrodynamics","Compile Driver"],"picked":"Steam","floor":29},{"not_picked":["Go for the Eyes","Cold Snap","Coolheaded"],"picked":"SKIP","floor":31},{"not_picked":["Fusion","Compile Driver+1"],"picked":"Steam","floor":35},{"not_picked":["Stack","Reinforced Body","Turbo"],"picked":"SKIP","floor":38},{"not_picked":["Sweeping Beam+1","Rebound"],"picked":"Leap","floor":41},{"not_picked":["Recycle+1","Sweeping Beam"],"picked":"Hologram+1","floor":44}],"player_experience":370389,"relics_obtained":[{"floor":7,"key":"infinitespire:Magic Flask"},{"floor":9,"key":"hubris:DuctTape"},{"floor":11,"key":"infinitespire:BottledMercury"},{"floor":23,"key":"Juzu Bracelet"},{"floor":23,"key":"Pen Nib"},{"floor":26,"key":"Vajra"},{"floor":41,"key":"Calipers"},{"floor":41,"key":"Ornamental Fan"},{"floor":43,"key":"Toxic Egg 2"}],"event_choices":[{"damage_healed":0,"gold_gain":0,"player_choice":"Bought 1 Potion","damage_taken":0,"max_hp_gain":0,"max_hp_loss":0,"event_name":"The Woman in Blue","floor":21,"gold_loss":0},{"damage_healed":0,"gold_gain":250,"player_choice":"Bet on Owner","damage_taken":0,"max_hp_gain":0,"max_hp_loss":0,"event_name":"The Joust","floor":28,"gold_loss":50},{"damage_healed":0,"gold_gain":0,"player_choice":"Leave","damage_taken":0,"max_hp_gain":0,"max_hp_loss":0,"event_name":"conspire:Investor","floor":36,"gold_loss":0},{"damage_healed":0,"gold_gain":3,"player_choice":"1","damage_taken":0,"max_hp_gain":0,"max_hp_loss":0,"event_name":"betterStone:BetterStone","floor":37,"gold_loss":0},{"damage_healed":0,"gold_gain":445,"player_choice":"GO GO GO GO ","damage_taken":39,"relics_obtained":[],"max_hp_gain":0,"max_hp_loss":0,"event_name":"betterSkull:BetterSkull","floor":47,"gold_loss":0,"cards_upgraded":[]}],"is_beta":false,"boss_relics":[{"not_picked":["Inserter","Snecko Eye"],"picked":"Black Star"},{"not_picked":["FrozenCore","Sozu"],"picked":"hubris:ScarierMask"}],"items_purged_floors":[14],"is_endless":false,"potions_floor_spawned":[2,4,7,16,22,23,27,44],"killed_by":"conspire:OrnateMirror","ascension_level":0}}