{"host":"ttx8tv95o5vka1nm","time":1608868530,"event":{"mods":["BaseMod","Downfall","Minty Spire (QoL Compilation)","Replay The Spire","StSLib"],"gold_per_floor":[115,115,134,148,159,185,205,205,205],"floor_reached":8,"playtime":920,"items_purged":[],"score":69,"play_id":"65d90e3c-efc5-44d3-b060-b67089c7bdf4","local_time":"20201225135530","is_ascension_mode":true,"campfire_choices":[],"circlet_count":0,"master_deck":["Strike_P","Strike_P","Strike_P","Defend_P","Defend_P","Defend_P","Defend_P","Eruption","Vigilance","Establishment","FlurryOfBlows","WindmillStrike","Consecrate","BattleHymn","ClearTheMind","DeusExMachina"],"relics":["PureWater","Orichalcum"],"acts_visited":["Exordium"],"potions_floor_usage":[8],"damage_taken":[{"damage":0,"enemies":"2 Louse","floor":1,"turns":3},{"damage":0,"enemies":"Cultist","floor":3,"turns":3},{"damage":0,"enemies":"Small Slimes","floor":4,"turns":3},{"damage":9,"enemies":"Exordium Wildlife","floor":5,"turns":3},{"damage":27,"enemies":"Lagavulin","floor":6,"turns":5},{"damage":13,"enemies":"Looter","floor":7,"turns":4},{"damage":35,"enemies":"Gremlin Nob","floor":8,"turns":4}],"seed_played":"-2961719174053168067","potions_obtained":[{"floor":4,"key":"hexamod:EctoCoolerPotion"},{"floor":6,"key":"Milkshake"}],"is_trial":false,"path_per_floor":["M","?","M","M","M","E","M","E"],"character_chosen":"WATCHER","items_purchased":[],"campfire_rested":0,"item_purchase_floors":[],"current_hp_per_floor":[72,72,72,72,63,36,23,0,0],"gold":205,"neow_bonus":"ONE_RANDOM_RARE_CARD","is_daily":false,"chose_seed":false,"campfire_upgraded":0,"win_rate":0.0,"timestamp":1608868530,"path_taken":["M","?","M","?","M","E","M","E"],"items_purchased_type":[],"build_version":"2020-12-22","purchased_purges":0,"victory":false,"max_hp_per_floor":[72,72,72,72,72,72,72,72,72],"card_choices":[{"not_picked":["CrushJoints","PathToVictory"],"picked":"FlurryOfBlows","floor":1},{"not_picked":["ThirdEye","Replay:Battleflow"],"picked":"Consecrate","floor":3},{"not_picked":["FearNoEvil","Prostrate"],"picked":"BattleHymn","floor":4},{"not_picked":["Evaluate","Prostrate"],"picked":"ClearTheMind","floor":5},{"not_picked":["Replay:Anticipation","BattleHymn"],"picked":"DeusExMachina","floor":6},{"not_picked":["Replay:Anticipation","WaveOfTheHand","ClearTheMind"],"picked":"SKIP","floor":7}],"player_experience":402823,"relics_obtained":[{"floor":6,"key":"Orichalcum"}],"event_choices":[{"damage_healed":0,"gold_gain":0,"cards_transformed":["Strike_P"],"player_choice":"Transformed","damage_taken":0,"max_hp_gain":0,"max_hp_loss":0,"event_name":"Transmorgrifier","floor":2,"gold_loss":0,"cards_obtained":["WindmillStrike"]}],"is_beta":false,"boss_relics":[],"items_purged_floors":[],"is_endless":false,"potions_floor_spawned":[4,6],"killed_by":"Gremlin Nob","ascension_level":3}}