{"host":"w31as9kcl9qjbzmo","time":1608924654,"event":{"mods":["BaseMod","Friendly Minions","Lobotomy","Minty Spire (QoL Compilation)","StSLib"],"gold_per_floor":[113,132,132,149,149,149,159,159,159,176,176,176,101,119,119,119,119],"floor_reached":16,"playtime":732,"items_purged":["Defend_R"],"score":117,"play_id":"7f3bc559-c788-4d01-86cf-574224d88843","local_time":"20201226043054","is_ascension_mode":false,"campfire_choices":[{"data":"Bash","floor":6,"key":"SMITH"},{"data":"Battle Trance","floor":8,"key":"SMITH"},{"data":"Wild Strike","floor":15,"key":"SMITH"}],"circlet_count":0,"master_deck":["Strike_R","Strike_R","Strike_R","Defend_R","Defend_R","Defend_R","Bash+1","SnowQueen","Battle Trance+1","CrumblingArmor","Wild Strike+1","Bloodbath","Cleave","BlackSwan","Iron Wave","FieryBird","Thunderclap","SilentOrchestra"],"relics":["Burning Blood","CogitoBucket","Orichalcum","LuminousBracelet"],"acts_visited":["Exordium"],"potions_floor_usage":[],"damage_taken":[{"damage":0,"enemies":"Small Slimes","floor":1,"turns":3},{"damage":6,"enemies":"Cultist","floor":2,"turns":3},{"damage":1,"enemies":"2 Louse","floor":4,"turns":2},{"damage":13,"enemies":"Red Slaver","floor":7,"turns":2},{"damage":10,"enemies":"Large Slime","floor":10,"turns":4},{"damage":22,"enemies":"3 Louse","floor":14,"turns":4},{"damage":97,"enemies":"The Guardian","floor":16,"turns":7}],"seed_played":"3905186645775921424","potions_obtained":[{"floor":2,"key":"EssenceOfSteel"},{"floor":7,"key":"SmokeBomb"}],"is_trial":false,"path_per_floor":["M","M","?","M","?","R","M","R","T","M","?","?","$","M","R","B"],"character_chosen":"IRONCLAD","items_purchased":[],"campfire_rested":0,"item_purchase_floors":[],"current_hp_per_floor":[80,80,80,80,80,80,73,73,73,70,75,75,75,74,74,0,0],"gold":119,"neow_bonus":"","is_daily":false,"chose_seed":false,"campfire_upgraded":3,"win_rate":0.0,"timestamp":1608924654,"path_taken":["M","M","?","M","?","R","M","R","T","M","?","?","$","M","R","BOSS"],"items_purchased_type":[],"build_version":"2020-12-22","purchased_purges":1,"victory":false,"max_hp_per_floor":[80,80,80,80,80,80,80,80,80,80,85,85,85,100,100,100,100],"card_choices":[{"not_picked":["OldLady","QueenBee"],"picked":"SnowQueen","floor":1},{"not_picked":["Feel No Pain","True Grit"],"picked":"Battle Trance","floor":1},{"not_picked":["QueenBee","Wellcheers"],"picked":"CrumblingArmor","floor":2},{"not_picked":["Shrug It Off","Thunderclap"],"picked":"Wild Strike","floor":2},{"not_picked":["FairyFestival","WallGazer"],"picked":"Bloodbath","floor":4},{"not_picked":["Body Slam","Clothesline"],"picked":"Cleave","floor":4},{"not_picked":["WallGazer","Laetitia"],"picked":"BlackSwan","floor":7},{"not_picked":["Sword Boomerang","Armaments"],"picked":"Iron Wave","floor":7},{"not_picked":["FairyFestival","BeautyBeast"],"picked":"FieryBird","floor":10},{"not_picked":["Wild Strike","Burning Pact"],"picked":"Thunderclap","floor":10},{"not_picked":["Rudolta","SpiderBud"],"picked":"SilentOrchestra","floor":14},{"not_picked":["Body Slam","Carnage","Impervious"],"picked":"SKIP","floor":14}],"player_experience":331492,"relics_obtained":[{"floor":9,"key":"Orichalcum"}],"event_choices":[{"damage_healed":0,"gold_gain":0,"player_choice":"Ignored","damage_taken":0,"max_hp_gain":0,"max_hp_loss":0,"event_name":"Liars Game","floor":3,"gold_loss":0},{"cards_removed":["Strike_R"],"damage_healed":0,"gold_gain":0,"player_choice":"Forget","damage_taken":0,"max_hp_gain":0,"max_hp_loss":0,"event_name":"Living Wall","floor":5,"gold_loss":0},{"damage_healed":0,"gold_gain":0,"player_choice":"Donut","damage_taken":0,"max_hp_gain":5,"max_hp_loss":0,"event_name":"Big Fish","floor":11,"gold_loss":0},{"cards_removed":["Strike_R"],"damage_healed":0,"gold_gain":0,"player_choice":"Purged","damage_taken":0,"max_hp_gain":0,"max_hp_loss":0,"event_name":"Purifier","floor":12,"gold_loss":0}],"is_beta":false,"boss_relics":[],"items_purged_floors":[13],"is_endless":false,"potions_floor_spawned":[2,7],"killed_by":"The Guardian","ascension_level":0}}