{"host":"121m0oxswv9tg9hk","time":1608897291,"event":{"mods":["AchievementEnabler","BaseMod","Better Third Choice","Downfall","Hermit","Hubris","Infinite Spire","MarisaÅiñ∂âJÅ@ñÇóùçπÅj","Minty Spire (QoL Compilation)","Replay The Spire","Shade Mod","StSLib","The Construct","The Cursed","The Gatherer","The Hierophant","The Mystic"],"gold_per_floor":[116,116,41,41,61,61,78,78,78,110,110,129,159,159,159,260,260,274,274,292,310,225,225,225,225,276,145,214,298,310,390,402,510,522,554,581,468,468,481,481,481,481,481],"floor_reached":41,"playtime":2191,"items_purged":["Gatherer:Strike_Gatherer","Gatherer:Strike_Gatherer","Gatherer:Strike_Gatherer","Gatherer:Strike_Gatherer"],"score":564,"play_id":"0daa11d5-767f-49c4-8e6e-42bc4ab03a29","local_time":"20201225125451","is_ascension_mode":true,"metric_token":1105,"campfire_choices":[{"data":"Searing Blow+1","floor":6.0,"key":"SMITH"},{"data":"Searing Blow+2","floor":8.0,"key":"SMITH"},{"data":"Searing Blow+3","floor":11.0,"key":"SMITH"},{"data":"Searing Blow+4","floor":15.0,"key":"SMITH"},{"data":"Searing Blow+5","floor":23.0,"key":"SMITH"},{"floor":25.0,"key":"REST"},{"floor":30.0,"key":"REST"},{"data":"Searing Blow+6","floor":32.0,"key":"SMITH"},{"data":"Searing Blow+8","floor":40,"key":"SMITH"}],"circlet_count":0,"master_deck":["Gatherer:Strike_Gatherer","Gatherer:Defend_Gatherer","Gatherer:Defend_Gatherer+1","Gatherer:Defend_Gatherer","Gatherer:Defend_Gatherer","Gatherer:Defend_Gatherer","Gatherer:Centralize","Gatherer:FlowerWhip","Gatherer:ScherryThrow","Searing Blow+9","Gatherer:WoolGloves","Gatherer:HeartToFruit","Gatherer:Snatch","Gatherer:Photoscythe","Gatherer:BomberForm+1","Gatherer:FlowerFalling","Replay:Fractal Strike","Gatherer:SmartManeuver","Clumsy","Flash of Steel","Gatherer:RottenStipe","Gatherer:BigPouch+1","Gatherer:Examine","Gatherer:FlowerFalling+1","Gatherer:UpgradeBag+1","Parasite"],"relics":["Orichalcum","Singing Bowl","hubris:MobiusCoin","Frozen Egg 2","Black Star","Calipers","StoneCalendar","Smiling Mask","infinitespire:Lucky Rock","MawBank","Anchor","Ring of Chaos"],"acts_visited":["Exordium","TheCity","TheBeyond"],"potions_floor_usage":[39],"damage_taken":[{"damage":2.0,"enemies":"Small Slimes","floor":1.0,"turns":3.0},{"damage":7.0,"enemies":"Jaw Worm","floor":5.0,"turns":3.0},{"damage":0.0,"enemies":"Cultist","floor":7.0,"turns":3.0},{"damage":20.0,"enemies":"Gremlin Nob","floor":10.0,"turns":4.0},{"damage":0.0,"enemies":"Large Slime","floor":12.0,"turns":4.0},{"damage":0.0,"enemies":"Lagavulin","floor":13.0,"turns":3.0},{"damage":33.0,"enemies":"The Guardian","floor":16.0,"turns":12.0},{"damage":12.0,"enemies":"3 Byrds","floor":18.0,"turns":5.0},{"damage":22.0,"enemies":"Chosen","floor":20.0,"turns":5.0},{"damage":10.0,"enemies":"Snake Plant","floor":21.0,"turns":5.0},{"damage":9.0,"enemies":"Snecko","floor":28.0,"turns":4.0},{"damage":40.0,"enemies":"Book of Stabbing","floor":29.0,"turns":5.0},{"damage":11.0,"enemies":"3 Cultists","floor":31.0,"turns":5.0},{"damage":33.0,"enemies":"hubris:MusketHawk","floor":33.0,"turns":7.0},{"damage":1,"enemies":"3 Shapes","floor":35,"turns":6},{"damage":1,"enemies":"Orb Walker","floor":36,"turns":5},{"damage":29,"enemies":"Writhing Mass","floor":39,"turns":6},{"damage":80,"enemies":"Giant Head","floor":41,"turns":7}],"seed_played":"1329918115147793336","potions_obtained":[{"floor":10.0,"key":"Energy Potion"},{"floor":12.0,"key":"BlessingOfTheForge"},{"floor":16.0,"key":"BloodPotion"},{"floor":20.0,"key":"Flashbang"},{"floor":33.0,"key":"Energy Potion"},{"floor":35,"key":"Slimebound:ThreeZeroPotion"}],"is_trial":false,"path_per_floor":["M","?","$","?","M","R","M","R","T","E","R","M","E","?","R","B",null,"M","AVR","M","M","?","R","?","R","T","$","M","E","R","M","R","B",null,"M","M","$","?","M","R","E"],"character_chosen":"THE_GATHERER","items_purchased":["Flash of Steel","Gatherer:UpgradeBag+1"],"campfire_rested":2,"item_purchase_floors":[27,37],"current_hp_per_floor":[70,70,70,70,63,63,63,63,63,45,45,48,48,48,48,15,77,68,68,46,38,38,38,38,62,62,62,53,29,53,47,47,14,87,91,93,93,93,66,66,0,0,0],"gold":481,"neow_bonus":"RANDOM_COMMON_RELIC","is_daily":false,"chose_seed":false,"campfire_upgraded":7,"win_rate":0.0,"timestamp":1608897291,"path_taken":["M","?","$","?","M","R","M","R","T","E","R","M","E","?","R","BOSS","M","AVR","M","M","?","R","?","R","T","?","M","E","R","M","R","BOSS","M","M","$","?","M","R","E"],"items_purchased_type":["Card","Card"],"build_version":"2020-12-22","purchased_purges":4,"victory":false,"max_hp_per_floor":[72,72,72,72,72,72,72,72,72,74,74,77,77,77,77,77,77,80,80,80,82,82,82,82,82,82,82,82,82,82,87,87,87,87,92,95,95,95,97,97,97,97,97],"card_choices":[{"not_picked":["Gatherer:FeelingFine","Gatherer:Duplicator"],"picked":"Gatherer:ScherryThrow","floor":1.0},{"not_picked":["Gatherer:AcidicSpray","Gatherer:Liquidism"],"picked":"Gatherer:WoolGloves","floor":5.0},{"not_picked":["Gatherer:AromaProtection","Gatherer:WoolGloves"],"picked":"Gatherer:HeartToFruit","floor":7.0},{"not_picked":["Gatherer:Liquidism","Gatherer:FlowerFalling","Gatherer:AcidicSpray"],"picked":"Singing Bowl","floor":10.0},{"not_picked":["Gatherer:FlowerShield","Gatherer:DrugPower"],"picked":"Gatherer:Snatch","floor":12.0},{"not_picked":["Gatherer:GatherMaterial","Gatherer:Herbalism"],"picked":"Gatherer:Photoscythe","floor":13.0},{"not_picked":["Gatherer:FlamingBottle","Gatherer:PoisonMastery+1"],"picked":"Gatherer:BomberForm+1","floor":16.0},{"not_picked":["Gatherer:AromaProtection","Gatherer:Convert"],"picked":"Gatherer:FlowerFalling","floor":18.0},{"not_picked":["Gatherer:TreeGrowth","Gatherer:Convert+1"],"picked":"Gatherer:SmartManeuver","floor":20.0},{"not_picked":["Gatherer:TacticalStrike","Gatherer:SmartManeuver+1","Gatherer:DrugPower+1"],"picked":"Singing Bowl","floor":21.0},{"not_picked":["Gatherer:GlowingPlant+1","Gatherer:SealedBomb+1"],"picked":"Gatherer:RottenStipe","floor":28.0},{"not_picked":["Gatherer:Liquidism+1","Gatherer:WoolGloves+1"],"picked":"Gatherer:BigPouch+1","floor":29.0},{"not_picked":["Gatherer:PotentialSlash","Gatherer:RecipeChange","Gatherer:FragileHammer"],"picked":"Singing Bowl","floor":31.0},{"not_picked":["Gatherer:Bulldoze","Gatherer:HeartToFruit"],"picked":"Gatherer:Examine","floor":33.0},{"not_picked":["Gatherer:SaveValuables+1","Gatherer:ScherryThrow","Gatherer:Convert+1"],"picked":"Singing Bowl","floor":35},{"not_picked":["Gatherer:Convert+1","Gatherer:Uplift+1"],"picked":"Gatherer:FlowerFalling+1","floor":36},{"not_picked":["Gatherer:DrugPower+1","Gatherer:Snatch","Gatherer:CarefulStrike+1"],"picked":"Singing Bowl","floor":39}],"player_experience":2922467,"relics_obtained":[{"floor":9.0,"key":"Singing Bowl"},{"floor":10.0,"key":"hubris:MobiusCoin"},{"floor":13.0,"key":"Frozen Egg 2"},{"floor":26.0,"key":"infinitespire:Lucky Rock"},{"floor":29.0,"key":"MawBank"},{"floor":29.0,"key":"Anchor"}],"event_choices":[{"damage_healed":0.0,"max_hp_gain":0.0,"max_hp_loss":0.0,"gold_gain":0.0,"event_name":"Addict","player_choice":"Obtained Relic","floor":22.0,"gold_loss":85.0,"damage_taken":0.0,"relics_obtained":["StoneCalendar"]},{"damage_healed":0,"gold_gain":0,"player_choice":"Forge","damage_taken":0,"max_hp_gain":0,"max_hp_loss":0,"event_name":"Accursed Blacksmith","floor":38,"gold_loss":0,"cards_upgraded":["Searing Blow"]}],"is_beta":false,"boss_relics":[{"not_picked":["Honey Jar","SlaversCollar"],"picked":"Black Star"},{"not_picked":["Runic Pyramid","hubris:VirtuousBlindfold"],"picked":"Ring of Chaos"}],"items_purged_floors":[3,19,27,37],"is_endless":false,"potions_floor_spawned":[10,12,16,20,33,35],"killed_by":"Giant Head","ascension_level":3}}