{"host":"odz7g4gpgch153rb","time":1608914100,"event":{"mods":["AchievementEnabler","BaseMod","Better Match","Better Third Choice","BetterRewards","GifTheSpireLib","Infinite Spire","Jedi Mod","Minty Spire (QoL Compilation)","Quick Restart","Replay The Spire","Spikes Relics","StSLib","Stuff the Spire","The Blue Laboratory","Trackpad"],"gold_per_floor":[112,112,64,78,91,91,91,91,139,139,157,196,121,134,134,224,224,245,361,109,124,512,512,512,512,512,512,387,387,387,387,387,387,387],"floor_reached":33,"playtime":1654,"items_purged":["Strike_G","Pain","Strike_G","Strike_G"],"score":457,"play_id":"25b16f20-8a9d-4c11-b225-a4e9f44796bd","local_time":"20201225113500","is_ascension_mode":true,"campfire_choices":[{"data":"Terror","floor":6,"key":"SMITH"},{"data":"Cloak And Dagger","floor":8,"key":"SMITH"},{"data":"StuffTheSpire:Injection","floor":10,"key":"SMITH"},{"floor":15,"key":"REST"},{"floor":24,"key":"REST"},{"data":"Cloak And Dagger","floor":27,"key":"SMITH"},{"data":"Neutralize","floor":30,"key":"SMITH"},{"floor":32,"key":"REST"}],"circlet_count":0,"master_deck":["AscendersBane","Strike_G","Strike_G","Defend_G","Defend_G","Defend_G","Defend_G","Defend_G","Survivor","Neutralize+1","Accuracy+1","Cloak And Dagger+1","StuffTheSpire:Injection+1","Terror+1","Hidden Blade","A Thousand Cuts","Slice+1","Cloak And Dagger+1","Cloak And Dagger+1","Footwork"],"relics":["Ring of the Snake","NeowsBlessing","Golden Idol","infinitespire:Satchel","Replay:Wax Seal","Ring of Chaos","Sling","jedi:ominousloannote","RetroEgg","LugNut","trackpad:AdjectivePendant"],"acts_visited":["Exordium","TheCity"],"potions_floor_usage":[12,16,18,23],"damage_taken":[{"damage":0,"enemies":"2 Louse","floor":1,"turns":1},{"damage":0,"enemies":"Cultist","floor":4,"turns":1},{"damage":0,"enemies":"Small Slimes","floor":5,"turns":1},{"damage":6,"enemies":"Exordium Thugs","floor":11,"turns":4},{"damage":16,"enemies":"Gremlin Nob","floor":12,"turns":4},{"damage":3,"enemies":"Looter","floor":14,"turns":2},{"damage":16,"enemies":"Slime Boss","floor":16,"turns":8},{"damage":20,"enemies":"3 Byrds","floor":18,"turns":4},{"damage":0,"enemies":"Shell Parasite","floor":21,"turns":2},{"damage":23,"enemies":"Book of Stabbing","floor":23,"turns":4},{"damage":10,"enemies":"Snecko","floor":31,"turns":3},{"damage":52,"enemies":"Automaton","floor":33,"turns":6}],"seed_played":"-5426927795263442902","potions_obtained":[{"floor":1,"key":"SteroidPotion"},{"floor":4,"key":"blueLaboratory:Virophage"},{"floor":12,"key":"blueLaboratory:StoneskinPotion"},{"floor":18,"key":"GamblersBrew"},{"floor":21,"key":"Adrenaline Potion"}],"is_trial":false,"path_per_floor":["M","?","$","M","M","R","?","R","T","R","M","E","$","M","R","B",null,"M","?","$","M","AVR","E","R","?","T","R","$","?","R","M","R","B"],"character_chosen":"THE_SILENT","items_purchased":["Cloak And Dagger","Sling"],"campfire_rested":3,"item_purchase_floors":[3,20],"current_hp_per_floor":[59,59,59,59,59,59,36,36,36,36,30,14,14,11,30,14,53,33,33,33,33,33,10,29,42,42,42,42,42,42,32,51,0,0],"gold":387,"neow_bonus":"THREE_ENEMY_KILL","is_daily":false,"chose_seed":false,"campfire_upgraded":5,"win_rate":0.0,"timestamp":1608914100,"path_taken":["M","?","$","?","M","R","?","R","T","R","?","E","$","M","R","BOSS","M","?","$","M","AVR","E","R","?","T","R","$","?","R","?","R","BOSS"],"items_purchased_type":["Card","Relic"],"build_version":"2020-12-22","purchased_purges":4,"victory":false,"max_hp_per_floor":[66,66,66,66,66,66,66,66,66,66,66,66,66,66,66,66,66,66,66,66,66,66,66,66,66,66,66,66,66,66,66,66,66,66],"card_choices":[{"not_picked":["Backflip","jedi:collectorvenom"],"picked":"Accuracy","floor":1},{"not_picked":["Dagger Spray","Eviscerate"],"picked":"StuffTheSpire:Injection","floor":4},{"not_picked":["Bane","Flying Knee"],"picked":"Terror","floor":5},{"not_picked":["StuffTheSpire:ClusterCrunch","jedi:pocketpoison"],"picked":"Hidden Blade","floor":11},{"not_picked":["StuffTheSpire:Python","StuffTheSpire:Incursion","Deflect"],"picked":"SKIP","floor":12},{"not_picked":["Dagger Spray","jedi:collectorvenom","StuffTheSpire:BumpUp"],"picked":"SKIP","floor":14},{"not_picked":["Night Terror","Unload"],"picked":"A Thousand Cuts","floor":16},{"not_picked":["Backflip","Outmaneuver"],"picked":"Slice+1","floor":18},{"not_picked":["Dagger Spray","Hidden Blade"],"picked":"Cloak And Dagger","floor":19},{"not_picked":["StuffTheSpire:BrimstoneBlast","Envenom"],"picked":"Cloak And Dagger+1","floor":19},{"not_picked":["Backflip","InfectiousVector","StuffTheSpire:Python+1"],"picked":"SKIP","floor":21},{"not_picked":["StuffTheSpire:ClusterCrunch","PiercingWail","Bane"],"picked":"SKIP","floor":23},{"not_picked":["Finisher","Poisoned Stab"],"picked":"Footwork","floor":31}],"player_experience":933714,"relics_obtained":[{"floor":9,"key":"infinitespire:Satchel"},{"floor":12,"key":"Replay:Wax Seal"},{"floor":23,"key":"RetroEgg"},{"floor":26,"key":"LugNut"},{"floor":29,"key":"trackpad:AdjectivePendant"}],"event_choices":[{"damage_healed":0,"gold_gain":0,"player_choice":"Upgraded","damage_taken":0,"max_hp_gain":0,"max_hp_loss":0,"event_name":"Upgrade Shrine","floor":2,"gold_loss":0,"cards_upgraded":["Accuracy"]},{"damage_healed":0,"gold_gain":0,"player_choice":"Take Damage","damage_taken":23,"relics_obtained":["Golden Idol"],"max_hp_gain":0,"max_hp_loss":0,"event_name":"Golden Idol","floor":7,"gold_loss":0},{"damage_healed":13,"gold_gain":0,"player_choice":"Heal","damage_taken":0,"max_hp_gain":0,"max_hp_loss":0,"event_name":"The Library","floor":25,"gold_loss":0}],"is_beta":false,"boss_relics":[{"not_picked":["Abe\u0027s Treasure","Philosopher\u0027s Stone"],"picked":"Ring of Chaos"}],"items_purged_floors":[13,20,22,28],"is_endless":false,"potions_floor_spawned":[1,4,11,12,18,21],"killed_by":"Automaton","ascension_level":15}}