{"host":"xgnmnr8f8w1a0eo3","time":1608925084,"event":{"mods":["BaseMod","Downfall","Highlight Path","Minty Spire (QoL Compilation)","Permanent Neow","Relic Stats","StSLib","everything is the same but u backflip on backflip"],"gold_per_floor":[349,359,359,376,103,103,103,103,133,133,133,168,168,179,189,291,291,291,309,322,322,322,322],"floor_reached":21,"playtime":1151,"items_purged":["Slimebound:Strike_Slimebound"],"score":215,"play_id":"d6a368ab-5355-411c-a65b-72159786864e","local_time":"20201225143804","is_ascension_mode":true,"campfire_choices":[{"data":"Slimebound:Split","floor":1.0,"key":"SMITH"},{"data":"Slimebound:LevelUp","floor":6.0,"key":"SMITH"},{"data":"Slimebound:Repurpose","floor":8.0,"key":"SMITH"},{"data":"Slimebound:FirmFortitude","floor":11.0,"key":"SMITH"},{"data":"Slimebound:LevelUp","floor":13.0,"key":"SMITH"},{"data":"Slimebound:MinionMaster","floor":18,"key":"SMITH"}],"circlet_count":0,"master_deck":["Slimebound:Strike_Slimebound","Slimebound:Strike_Slimebound","Slimebound:Tackle","Slimebound:Defend_Slimebound","Slimebound:Defend_Slimebound","Slimebound:Defend_Slimebound","Slimebound:Defend_Slimebound","Slimebound:Split+1","Slimebound:CorrosiveSpit","Slimebound:SplitMire+1","Slimebound:HauntingLick","Slimebound:Repurpose+1","Slimebound:LevelUp+1","Slimebound:SplitAcid","Slimebound:SamplingLick","Slimebound:FirmFortitude+1","Slimebound:LevelUp+1","Slimebound:RejuvenatingLick","Slimebound:LeechingTouch","Slimebound:MinionMaster+1","Slimebound:PressTheAttack"],"relics":["Slimebound:AbsorbEndCombat","InkBottle","Bird Faced Urn","Bottled Tornado","Eternal Feather","Black Star"],"acts_visited":["Exordium","TheCity"],"potions_floor_usage":[20],"damage_taken":[{"damage":15.0,"enemies":"Jaw Worm","floor":2.0,"turns":3.0},{"damage":13.0,"enemies":"Cultist","floor":4.0,"turns":3.0},{"damage":18.0,"enemies":"downfall:FleeingMerchant","floor":5.0,"turns":4.0},{"damage":21.0,"enemies":"3 Sentries","floor":9.0,"turns":3.0},{"damage":16.0,"enemies":"Gremlin Nob","floor":12.0,"turns":3.0},{"damage":10.0,"enemies":"Small Slimes","floor":14.0,"turns":3.0},{"damage":17.0,"enemies":"Blue Slaver","floor":15.0,"turns":3.0},{"damage":54.0,"enemies":"downfall:Silent","floor":16.0,"turns":8.0},{"damage":10,"enemies":"Spheric Guardian","floor":19,"turns":4},{"damage":18,"enemies":"Shell Parasite","floor":20,"turns":5},{"damage":72,"enemies":"Sentry and Sphere","floor":21,"turns":5}],"seed_played":"4570136553070431135","potions_obtained":[{"floor":2.0,"key":"Explosive Potion"},{"floor":14.0,"key":"BlessingOfTheForge"},{"floor":16.0,"key":"DistilledChaos"}],"is_trial":false,"path_per_floor":["R","M","?","M","$","R","T","R","E","T","R","E","R","M","M","B",null,"R","M","M","M"],"character_chosen":"SLIMEBOUND","items_purchased":["Slimebound:LevelUp","Slimebound:SplitAcid","Slimebound:SamplingLick"],"campfire_rested":0,"item_purchase_floors":[5,5,5],"current_hp_per_floor":[42,39,39,44,46,46,46,46,49,49,49,48,57,54,57,42,60,60,57,59,0,0,0],"gold":322,"neow_bonus":"TWO_FIFTY_GOLD","is_daily":false,"chose_seed":false,"campfire_upgraded":6,"win_rate":0.0,"timestamp":1608925084,"path_taken":["R","M","?","?","$","R","T","R","E","?","R","E","R","M","M","BOSS","R","M","M","?"],"items_purchased_type":["Card","Card","Card"],"build_version":"2020-12-22","purchased_purges":1,"victory":false,"max_hp_per_floor":[60,60,60,60,60,60,60,60,60,60,60,60,60,60,60,60,60,60,60,60,60,60,60],"relic_stats":{"counters":[11,41],"Bird Faced Urn":[25],"Eternal Feather":9,"Black Star":0,"obtain_stats":[{"Bird Faced Urn":9,"Eternal Feather":12,"Slimebound:AbsorbEndCombat":0,"Black Star":17,"Bottled Tornado":10,"InkBottle":7},{"Bird Faced Urn":4,"Eternal Feather":5,"Slimebound:AbsorbEndCombat":0,"Black Star":8,"Bottled Tornado":4,"InkBottle":3},{"Bird Faced Urn":13,"Eternal Feather":15,"Slimebound:AbsorbEndCombat":0,"Black Star":27,"Bottled Tornado":13,"InkBottle":10}],"InkBottle":[11]},"card_choices":[{"not_picked":["Slimebound:Recollect","Slimebound:TongueLash"],"picked":"Slimebound:SplitMire","floor":2.0},{"not_picked":["Slimebound:ServeAndProtect","Slimebound:SlimeSpikes"],"picked":"Slimebound:HauntingLick","floor":4.0},{"not_picked":["Slimebound:RollThrough","Slimebound:SplitMire"],"picked":"Slimebound:Repurpose","floor":5.0},{"not_picked":["Slimebound:BestDefense","Slimebound:SlimeSpikes"],"picked":"Slimebound:FirmFortitude","floor":9.0},{"not_picked":["Slimebound:SlimeBrawl","Slimebound:DouseInSlime"],"picked":"Slimebound:LevelUp","floor":12.0},{"not_picked":["Slimebound:Gluttony","Slimebound:LeechEnergy"],"picked":"Slimebound:RejuvenatingLick","floor":14.0},{"not_picked":["Slimebound:SplitLeeching","Slimebound:DivideAndConquer"],"picked":"Slimebound:LeechingTouch","floor":15.0},{"not_picked":["Slimebound:OneTwoCombo","Slimebound:RallyTheTroops"],"picked":"Slimebound:MinionMaster","floor":16.0},{"not_picked":["Slimebound:FinishingTackle","Slimebound:ComboTackle+1"],"picked":"Slimebound:PressTheAttack","floor":19},{"not_picked":["Slimebound:HungryTackle+1","Slimebound:RollThrough+1","Slimebound:SplitMire+1"],"picked":"SKIP","floor":20}],"player_experience":1168816,"relics_obtained":[{"floor":7.0,"key":"InkBottle"},{"floor":9.0,"key":"Bird Faced Urn"},{"floor":10.0,"key":"Bottled Tornado"},{"floor":12.0,"key":"Eternal Feather"}],"event_choices":[{"damage_healed":0.0,"max_hp_gain":0.0,"max_hp_loss":0.0,"gold_gain":0.0,"event_name":"Upgrade Shrine","player_choice":"Upgraded","floor":3.0,"gold_loss":0.0,"damage_taken":0.0,"cards_upgraded":["Slimebound:SplitMire"]}],"is_beta":false,"boss_relics":[{"not_picked":["Tiny House","Slimebound:TarBlob"],"picked":"Black Star"}],"items_purged_floors":[5],"is_endless":false,"potions_floor_spawned":[2,14,16],"killed_by":"Sentry and Sphere","ascension_level":3}}