{"host":"cz3p2o9n3b1gdmkz","time":1608899439,"event":{"mods":["AchievementEnabler","BaseMod","CapriCore","GungeonMod","Hermit","Lobotomy","Minty Spire (QoL Compilation)","Replay The Spire","Shop Mod","StSLib","SuperFastMode","The Cursed","The Dragon Tamer","The Gatherer","The Jungle","The Poker Player","The Runesmith"],"gold_per_floor":[118,138,138,138,63,63,76,76,76,52,78,78,91,166,166,271,271,284,184,184,184,204,238,313,313,313,325,343,3,3,30,30,126,126,136,336,38,57,57,57,6,6,6,25,25,51,100,110,110,110,110],"floor_reached":52,"playtime":1787,"items_purged":["Gatherer:Strike_Gatherer","Gatherer:Defend_Gatherer","Gatherer:Strike_Gatherer","Gatherer:Defend_Gatherer"],"score":1368,"play_id":"8014a137-6fcb-4f59-bd50-dfa30b91cbea","local_time":"20201225213039","is_ascension_mode":true,"metric_token":1117,"campfire_choices":[{"data":"Gatherer:FlowerWhip","floor":6.0,"key":"SMITH"},{"data":"Gatherer:FlowerShield","floor":15.0,"key":"SMITH"},{"data":"Gatherer:FlowerFalling","floor":25.0,"key":"SMITH"},{"data":"Gatherer:Centralize","floor":32,"key":"SMITH"},{"data":"Gatherer:FlowerFalling+1","floor":40,"key":"SMITH"},{"data":"Gatherer:FlowerShield","floor":42,"key":"SMITH"},{"data":"Gatherer:FlowerShield+1","floor":45,"key":"SMITH"},{"data":"Gatherer:FlowerFalling+1","floor":49,"key":"SMITH"}],"circlet_count":0,"master_deck":["Gatherer:Centralize+1","Gatherer:FlowerWhip+2","Gatherer:Photoscythe+1","Gatherer:HeartToFruit","Gatherer:FlowerShield+2","Gatherer:FlowerFalling+2","Gatherer:WitheringStrike","Gatherer:SmartManeuver","Gatherer:Pollute","Gatherer:ScherryThrow","Gatherer:FlowerFalling","Gatherer:FlowerShield+2","Gatherer:PoisonMastery+1","Gatherer:PoisonMastery","Gatherer:FlowerFalling+2","Madness","Madness","Gatherer:ScherryThrow"],"relics":["Gatherer:AlchemyBag","ReplayTheSpireMod:TigerMarble","DemoMod:MeltedRock","SacredBark","Garlic","Replay:Bottled Snecko","Replay:Mystery Machine","DemoMod:RiddleOfLead","Guide Book","Replay:WaspNest","DemoMod:OrangeGuonStone","Omamori","DemoMod:GundromedaStrain","DemoMod:GlassGuonStoneRelic"],"acts_visited":["Exordium","TheCity","TheBeyond"],"potions_floor_usage":[33,50,50],"damage_taken":[{"damage":1.0,"enemies":"2 Louse","floor":1.0,"turns":4.0},{"damage":1.0,"enemies":"Jaw Worm","floor":2.0,"turns":3.0},{"damage":0.0,"enemies":"Cultist","floor":7.0,"turns":3.0},{"damage":12.0,"enemies":"Lagavulin","floor":11.0,"turns":6.0},{"damage":0.0,"enemies":"Blue Slaver","floor":13.0,"turns":2.0},{"damage":21.0,"enemies":"Slime Boss","floor":16.0,"turns":6.0},{"damage":9.0,"enemies":"3 Byrds","floor":18.0,"turns":5.0},{"damage":0.0,"enemies":"2 Thieves","floor":22.0,"turns":3.0},{"damage":0.0,"enemies":"Slavers","floor":23.0,"turns":3.0},{"damage":0.0,"enemies":"Snake Plant","floor":27.0,"turns":4.0},{"damage":0.0,"enemies":"Sentry and Sphere","floor":28.0,"turns":3.0},{"damage":8,"enemies":"Pondfish","floor":33,"turns":5},{"damage":0,"enemies":"Orb Walker","floor":35,"turns":3},{"damage":19,"enemies":"3 Darklings","floor":38,"turns":2},{"damage":0,"enemies":"4 Shapes","floor":44,"turns":2},{"damage":0,"enemies":"R_Hoarder","floor":46,"turns":3},{"damage":11,"enemies":"2 Orb Walkers","floor":47,"turns":3},{"damage":0,"enemies":"Transient","floor":48,"turns":5},{"damage":0,"enemies":"Time Eater","floor":50,"turns":4}],"seed_played":"-8673760153509113752","potions_obtained":[{"floor":1.0,"key":"Weak Potion"},{"floor":16.0,"key":"DuplicationPotion"},{"floor":22.0,"key":"AttackPotion"},{"floor":27.0,"key":"GamblersBrew"},{"floor":28.0,"key":"Poison Potion"},{"floor":46,"key":"SteroidPotion"}],"is_trial":false,"path_per_floor":["M","M","?","?","$","R","M","?","T","$","E","$","M","?","R","B",null,"M","$","?","?","M","E","?","R","T","M","M","$","?","T","R","B",null,"M","?","$","M","?","R","?","R","T","M","R","E","?","M","R","B",null,null],"character_chosen":"THE_GATHERER","items_purchased":["Gatherer:FlowerShield","Gatherer:FlowerFalling","Gatherer:FlowerShield","Gatherer:PoisonMastery","Guide Book"],"campfire_rested":0,"item_purchase_floors":[10,29,29,29,37],"current_hp_per_floor":[50,49,49,49,49,49,49,49,49,49,41,41,45,34,34,17,67,61,61,61,61,64,68,59,59,59,59,67,67,67,67,67,66,111,114,114,114,95,81,81,81,81,81,85,85,97,86,97,97,105,105],"gold":110,"neow_bonus":"REMOVE_TWO","is_daily":false,"chose_seed":false,"campfire_upgraded":8,"win_rate":0.0,"timestamp":1608899439,"path_taken":["M","M","?","?","$","R","?","?","T","?","E","$","M","?","R","BOSS","M","$","?","?","?","E","?","R","T","?","M","$","?","?","R","BOSS","M","?","$","M","?","R","?","R","T","?","R","E","?","M","R","BOSS"],"items_purchased_type":["Card","Card","Card","Card","Relic"],"build_version":"2020-12-22","purchased_purges":4,"victory":true,"max_hp_per_floor":[72,72,72,72,72,72,72,72,72,72,76,76,80,80,80,84,84,87,87,87,87,90,94,94,94,94,94,98,98,98,98,98,101,111,114,114,114,114,114,114,114,114,114,114,114,114,114,117,117,117,117],"card_choices":[{"not_picked":["Gatherer:Uplift","Gatherer:ScentOfRosmari","Gatherer:FragileHammer"],"picked":"SKIP","floor":1.0},{"not_picked":["Gatherer:TreeGrowth","Gatherer:AcidicSpray","Gatherer:DrugPower"],"picked":"SKIP","floor":2.0},{"not_picked":["Gatherer:ScherryThrow","Gatherer:AcidicSpray"],"picked":"Gatherer:HeartToFruit","floor":7.0},{"not_picked":["Gatherer:GlowingPlant","Gatherer:TreeGrowth","Gatherer:RottenStipe"],"picked":"SKIP","floor":11.0},{"not_picked":["Gatherer:DrugPower","Gatherer:Enchant","Gatherer:QuickSynthesis"],"picked":"SKIP","floor":13.0},{"not_picked":["Gatherer:GlowingPlant","Gatherer:AcidicSpray"],"picked":"Gatherer:FlowerFalling","floor":18.0},{"not_picked":["Gatherer:Solidify","Gatherer:DrugPower","Gatherer:PotentialSlash"],"picked":"SKIP","floor":22.0},{"not_picked":["Gatherer:SaveValuables","Gatherer:CursedBlade"],"picked":"Gatherer:Pollute","floor":23.0},{"not_picked":["Gatherer:ScherryThrow","Gatherer:GlowingPlant","Gatherer:VenomBarrier"],"picked":"SKIP","floor":27.0},{"not_picked":["Gatherer:GlowingPlant","Gatherer:VenomBarrier"],"picked":"Gatherer:ScherryThrow","floor":27.0},{"not_picked":["Gatherer:FeelingFine","Gatherer:ScherryThrow","Gatherer:WoolGloves+1"],"picked":"SKIP","floor":28.0},{"not_picked":["Gatherer:GrowBook","Gatherer:MindSearch"],"picked":"Gatherer:PoisonMastery","floor":33},{"not_picked":["Gatherer:FlowerShield","Gatherer:Convert+1"],"picked":"Gatherer:FlowerFalling+1","floor":35},{"not_picked":["Gatherer:PotentialSlash","Gatherer:SmartManeuver+1","Gatherer:Convert"],"picked":"SKIP","floor":38},{"not_picked":["Gatherer:ScentOfRosmari","Gatherer:FruitForce+1","Gatherer:Transmute"],"picked":"SKIP","floor":44},{"not_picked":["Gatherer:SaveValuables+1","Gatherer:CarefulStrike","Gatherer:DrugPower+1"],"picked":"SKIP","floor":46},{"not_picked":["Gatherer:TacticalStrike","Gatherer:GatherMaterial"],"picked":"Gatherer:ScherryThrow","floor":48}],"player_experience":1020259,"relics_obtained":[{"floor":9.0,"key":"ReplayTheSpireMod:TigerMarble"},{"floor":11.0,"key":"DemoMod:MeltedRock"},{"floor":23.0,"key":"Garlic"},{"floor":26.0,"key":"Replay:Bottled Snecko"},{"floor":31.0,"key":"Replay:Mystery Machine"},{"floor":43,"key":"DemoMod:OrangeGuonStone"},{"floor":46,"key":"Omamori"},{"floor":47,"key":"DemoMod:GundromedaStrain"}],"event_choices":[{"damage_healed":0.0,"max_hp_gain":0.0,"max_hp_loss":0.0,"gold_gain":0.0,"cards_transformed":["Gatherer:Defend_Gatherer"],"event_name":"Transmorgrifier","player_choice":"Transformed","floor":4.0,"gold_loss":0.0,"damage_taken":0.0,"cards_obtained":["Gatherer:Photoscythe"]},{"damage_healed":0.0,"max_hp_gain":0.0,"max_hp_loss":0.0,"gold_gain":0.0,"event_name":"Upgrade Shrine","player_choice":"Upgraded","floor":8.0,"gold_loss":0.0,"damage_taken":0.0,"cards_upgraded":["Gatherer:FlowerWhip"]},{"damage_healed":0.0,"max_hp_gain":0.0,"max_hp_loss":0.0,"gold_gain":75.0,"event_name":"World of Goop","player_choice":"Gather Gold","floor":14.0,"gold_loss":0.0,"damage_taken":11.0},{"damage_healed":0.0,"max_hp_gain":0.0,"max_hp_loss":0.0,"gold_gain":0.0,"cards_transformed":["Gatherer:Strike_Gatherer","Gatherer:Defend_Gatherer"],"event_name":"Drug Dealer","player_choice":"Became Test Subject","floor":20.0,"gold_loss":0.0,"damage_taken":0.0,"cards_obtained":["Gatherer:WitheringStrike","Gatherer:SmartManeuver"]},{"damage_healed":0.0,"max_hp_gain":0.0,"max_hp_loss":0.0,"gold_gain":0.0,"event_name":"Accursed Blacksmith","player_choice":"Forge","floor":21.0,"gold_loss":0.0,"damage_taken":0.0,"cards_upgraded":["Gatherer:FlowerShield"]},{"damage_healed":0.0,"max_hp_gain":0.0,"max_hp_loss":0.0,"gold_gain":75.0,"event_name":"FaceTrader","player_choice":"Touch","floor":24.0,"gold_loss":0.0,"damage_taken":9.0},{"damage_healed":0,"gold_gain":0,"player_choice":"Embrace Madness","damage_taken":14,"max_hp_gain":0,"max_hp_loss":0,"event_name":"Winding Halls","floor":39,"gold_loss":0,"cards_obtained":["Madness","Madness"]},{"damage_healed":0,"gold_gain":0,"player_choice":"Paid Gold","damage_taken":0,"relics_obtained":["Replay:WaspNest"],"max_hp_gain":0,"max_hp_loss":0,"event_name":"WeMeetAgain","floor":41,"gold_loss":51},{"damage_healed":0,"gold_gain":0,"player_choice":"Fight","damage_taken":0,"max_hp_gain":0,"max_hp_loss":0,"event_name":"Mysterious Sphere","floor":47,"gold_loss":0}],"is_beta":false,"boss_relics":[{"not_picked":["Gatherer:ExplorersPath","Velvet Choker"],"picked":"SacredBark"},{"not_picked":["Pandora\u0027s Box","Runic Pyramid"],"picked":"DemoMod:RiddleOfLead"}],"items_purged_floors":[5,19,29,37],"is_endless":false,"potions_floor_spawned":[1,16,22,27,28,46,47],"ascension_level":5}}