{"host":"mwsmbxdngw43p4je","time":1608924156,"event":{"mods":["A Magickal Journey","BaseMod","Better Third Choice","Colored Map","Colored Powertips","DeckTracker","Downfall","Minty Spire (QoL Compilation)","Permanent Neow","Quick Restart","Relic Stats","Replay The Spire","StSLib"],"gold_per_floor":[112,112,126,126,145,145,145,164,187,187,262,24,59,59,59,160,160,150,166,266,282,293,324,334,334,403,458,469,238,256,275,275,376,376,388,401,401,451,469,469,193,210,210,210,210],"floor_reached":44,"playtime":6648,"items_purged":["Magicka:DefaultBladeCard","Magicka:DefaultBladeCard+1"],"score":582,"play_id":"b734ef73-0417-496b-9d0b-975e91a632b1","local_time":"20201225132236","is_ascension_mode":false,"campfire_choices":[{"floor":6.0,"key":"REST"},{"floor":10.0,"key":"REST"},{"data":"Apotheosis","floor":15.0,"key":"SMITH"},{"floor":25.0,"key":"RECALL"},{"floor":40,"key":"REST"}],"circlet_count":0,"master_deck":["Magicka:RainCard+1","Magicka:PreciseFingerCard","Magicka:PreciseFingerCard","Magicka:PreciseFingerCard","Magicka:PreciseFingerCard","Magicka:PreciseFingerCard","Magicka:TheFistCard","Magicka:SlipperyColdCard+1","Magicka:SausageFingersCard","Hemogenesis+1","Magicka:SlideOverIceCard","Magicka:SlipperyColdCard","Apotheosis+1","Magicka:ConcentrateCard","Magicka:SummonPhoenixCard","Magicka:WaterPushCard","Magicka:WalkBackwardsCard","Magicka:ShieldBoost","Magicka:FabBlade","Magicka:CleanseCard","Madness","Madness","Magicka:BlizzardCard+1","Magicka:PoisonCloudCard","expansioncontent:StudyTheSpire","Magicka:WalkBackwardsCard+1"],"relics":["Magicka:WizardStaff","ReplayFunnel","Art of War","Replay:Mystery Machine","Fusion Hammer","Bronze Scales","Meat on the Bone","Anchor","HandDrill","ChewingGum","Replay:PocketPolymizer","Replay:Ringing Soul"],"acts_visited":["Exordium","TheCity","TheBeyond"],"potions_floor_usage":[],"damage_taken":[{"damage":11.0,"enemies":"Small Slimes","floor":1.0,"turns":3.0},{"damage":0.0,"enemies":"2 Louse","floor":3.0,"turns":1.0},{"damage":24.0,"enemies":"Cultist","floor":5.0,"turns":6.0},{"damage":9.0,"enemies":"Looter","floor":8.0,"turns":3.0},{"damage":4.0,"enemies":"Lagavulin","floor":13.0,"turns":9.0},{"damage":41.0,"enemies":"Hexaghost","floor":16.0,"turns":9.0},{"damage":20.0,"enemies":"2 Thieves","floor":18.0,"turns":4.0},{"damage":9.0,"enemies":"Chosen","floor":19.0,"turns":4.0},{"damage":5.0,"enemies":"Snecko","floor":21.0,"turns":4.0},{"damage":21.0,"enemies":"Chosen and Byrds","floor":22.0,"turns":7.0},{"damage":51.0,"enemies":"Slavers","floor":23.0,"turns":9.0},{"damage":6.0,"enemies":"Cultist and Chosen","floor":24.0,"turns":5.0},{"damage":1.0,"enemies":"Shelled Parasite and Fungi","floor":28.0,"turns":5.0},{"damage":9.0,"enemies":"Centurion and Healer","floor":30.0,"turns":5.0},{"damage":21.0,"enemies":"Snake Plant","floor":31.0,"turns":3.0},{"damage":21.0,"enemies":"Pondfish","floor":33.0,"turns":10.0},{"damage":6,"enemies":"3 Darklings","floor":35,"turns":6},{"damage":2,"enemies":"Orb Walker","floor":36,"turns":3},{"damage":5,"enemies":"Mind Bloom Boss Battle","floor":38,"turns":7},{"damage":33,"enemies":"Maw","floor":39,"turns":9},{"damage":40,"enemies":"Spire Growth","floor":42,"turns":5},{"damage":24,"enemies":"Jaw Worm Horde","floor":44,"turns":1}],"seed_played":"2040738623049468281","potions_obtained":[{"floor":5.0,"key":"Dexterity Potion"},{"floor":8.0,"key":"champ:CounterPotion"},{"floor":13.0,"key":"SteroidPotion"},{"floor":23.0,"key":"SkillPotion"},{"floor":30.0,"key":"Fire Potion"}],"is_trial":false,"path_per_floor":["M","?","M","?","M","R","?","M","T","R","?","$","E","?","R","B",null,"M","M","?","M","M","E","M","R","T","T","M","$","M","M","R_BF","B",null,"M","M","?","?","M","R","$","M","T","M"],"character_chosen":"MAGICKA_WIZARD","items_purchased":["Apotheosis","Magicka:ConcentrateCard","HandDrill","expansioncontent:StudyTheSpire"],"campfire_rested":3,"item_purchase_floors":[12,12,29,41],"current_hp_per_floor":[35,27,27,18,2,14,14,19,19,31,20,20,33,33,33,3,40,40,31,31,37,33,34,39,39,39,39,40,40,40,37,40,30,40,40,38,33,40,40,40,40,24,24,0,0],"gold":210,"neow_bonus":"RANDOM_COMMON_RELIC","is_daily":false,"chose_seed":false,"campfire_upgraded":1,"win_rate":0.0,"timestamp":1608924156,"path_taken":["M","?","M","?","M","R","?","M","T","R","?","?","E","?","R","BOSS","M","?","?","?","M","E","M","R","T","?","?","$","M","M","R_BF","BOSS","M","M","?","?","M","R","$","M","T","M"],"items_purchased_type":["Card","Card","Relic","Card"],"build_version":"2020-12-22","purchased_purges":2,"victory":false,"max_hp_per_floor":[40,40,40,40,40,40,40,40,40,40,40,40,40,40,40,40,40,40,40,40,40,40,40,40,40,40,40,40,40,40,40,40,40,40,40,40,40,40,40,40,40,40,40,40,40],"relic_stats":{"counters":[22,118],"Bronze Scales":[257],"Art of War":[6],"HandDrill":[14],"obtain_stats":[{"Magicka:WizardStaff":0,"ReplayFunnel":0,"Replay:Ringing Soul":43,"Anchor":27,"Replay:PocketPolymizer":38,"Bronze Scales":23,"ChewingGum":34,"Fusion Hammer":17,"Art of War":9,"HandDrill":29,"Replay:Mystery Machine":13,"Meat on the Bone":26},{"Magicka:WizardStaff":0,"ReplayFunnel":0,"Replay:Ringing Soul":21,"Anchor":12,"Replay:PocketPolymizer":19,"Bronze Scales":11,"ChewingGum":16,"Fusion Hammer":6,"Art of War":4,"HandDrill":13,"Replay:Mystery Machine":5,"Meat on the Bone":12},{"Magicka:WizardStaff":0,"ReplayFunnel":0,"Replay:Ringing Soul":117,"Anchor":64,"Replay:PocketPolymizer":103,"Bronze Scales":59,"ChewingGum":87,"Fusion Hammer":31,"Art of War":13,"HandDrill":69,"Replay:Mystery Machine":22,"Meat on the Bone":64}],"Meat on the Bone":0},"card_choices":[{"not_picked":["Magicka:SlipperyStoneCard","Magicka:ExoticBladeCard"],"picked":"Magicka:SlipperyColdCard","floor":1.0},{"not_picked":["Magicka:WalkBackwardsCard","Magicka:FastColdCard"],"picked":"Magicka:SausageFingersCard","floor":3.0},{"not_picked":["Magicka:DeathRayCard","Magicka:RuinCrusherCard"],"picked":"Magicka:SlideOverIceCard","floor":5.0},{"not_picked":["Magicka:SnowballCard","Magicka:SlipperyLightningCard"],"picked":"Magicka:SlipperyColdCard","floor":8.0},{"not_picked":["Magicka:SpamCastCard","Magicka:SlipperyColdCard","Magicka:FastWaterCard"],"picked":"SKIP","floor":13.0},{"not_picked":["Magicka:ConfuseCard","Magicka:AmuletOfNullificationCard"],"picked":"Magicka:SummonPhoenixCard","floor":16.0},{"not_picked":["Magicka:SausageFingersCard+1","Magicka:CrystallineLightningCard","Magicka:SnowballCard"],"picked":"SKIP","floor":18.0},{"not_picked":["Magicka:SlipperyFireCard","Magicka:SausageCard"],"picked":"Magicka:WaterPushCard","floor":19.0},{"not_picked":["Magicka:RainCard","Magicka:DeathRayCard"],"picked":"Magicka:WalkBackwardsCard","floor":21.0},{"not_picked":["Magicka:SlipperyFireCard","Magicka:CleaverCard+1","Magicka:FastStoneCard"],"picked":"SKIP","floor":22.0},{"not_picked":["Magicka:WalkBackwardsCard+1","Magicka:SlipperyFireCard","Magicka:SlipperyColdCard"],"picked":"SKIP","floor":23.0},{"not_picked":["Magicka:SnowballCard+1","Magicka:FastShieldCard","Magicka:WinterCrusherCard+1"],"picked":"SKIP","floor":24.0},{"not_picked":["Magicka:SlipperyStoneCard","Magicka:ExoticBladeCard","Magicka:EmergencyShieldCard"],"picked":"SKIP","floor":28.0},{"not_picked":["Magicka:FastShieldCard","Magicka:FastStoneCard"],"picked":"Magicka:ShieldBoost","floor":30.0},{"not_picked":["Magicka:BlasterCard","Magicka:SlipperyShieldCard","Magicka:SlipperyLifeCard"],"picked":"SKIP","floor":31.0},{"not_picked":["Magicka:ThunderstrikeCard","Magicka:InvisibleCard"],"picked":"Magicka:FabBlade","floor":33.0},{"not_picked":["Magicka:FastFireCard+1","Magicka:WalkBackwardsCard","Magicka:SnowballCard+1"],"picked":"SKIP","floor":35},{"not_picked":["Magicka:SlipperyLightningCard","Magicka:SlipperyLifeCard+1"],"picked":"Magicka:CleanseCard","floor":36},{"not_picked":["Magicka:SlipperyLightningCard+1","Magicka:SlipperyFireCard"],"picked":"Magicka:BlizzardCard+1","floor":38},{"not_picked":["Magicka:SlipperyLightningCard+1","Magicka:EarthquakeCard","Magicka:BlizzardCard+1"],"picked":"SKIP","floor":39},{"not_picked":["Magicka:SummonPhoenixCard","Magicka:SlipperyDeathCard+1"],"picked":"Magicka:WalkBackwardsCard+1","floor":42}],"player_experience":440548,"relics_obtained":[{"floor":9.0,"key":"Art of War"},{"floor":13.0,"key":"Replay:Mystery Machine"},{"floor":23.0,"key":"Bronze Scales"},{"floor":26.0,"key":"Meat on the Bone"},{"floor":27.0,"key":"Anchor"},{"floor":38,"key":"Replay:PocketPolymizer"},{"floor":43,"key":"Replay:Ringing Soul"}],"event_choices":[{"damage_healed":35.0,"max_hp_gain":0.0,"max_hp_loss":40.0,"gold_gain":0.0,"event_name":"betterThird:BetterShining","player_choice":"Upgrade","floor":2.0,"gold_loss":0.0,"damage_taken":8.0,"cards_upgraded":["Magicka:RainCard","Magicka:SlipperyColdCard"]},{"damage_healed":0.0,"max_hp_gain":0.0,"max_hp_loss":0.0,"gold_gain":0.0,"event_name":"betterThird:BetterScrap","player_choice":"Card ","floor":4.0,"gold_loss":0.0,"damage_taken":9.0,"cards_obtained":["Hemogenesis"]},{"damage_healed":0.0,"max_hp_gain":0.0,"max_hp_loss":0.0,"gold_gain":0.0,"event_name":"Golden Wing","player_choice":"Ignored","floor":7.0,"gold_loss":0.0,"damage_taken":0.0},{"damage_healed":0.0,"max_hp_gain":0.0,"max_hp_loss":0.0,"gold_gain":75.0,"event_name":"betterThird:BetterGoop","player_choice":"Gold","floor":11.0,"gold_loss":0.0,"damage_taken":11.0},{"damage_healed":0.0,"max_hp_gain":0.0,"max_hp_loss":0.0,"gold_gain":0.0,"event_name":"The Woman in Blue","player_choice":"Bought 0 Potions","floor":14.0,"gold_loss":0.0,"damage_taken":0.0},{"damage_healed":0.0,"max_hp_gain":0.0,"max_hp_loss":0.0,"gold_gain":100.0,"event_name":"Golden Shrine","player_choice":"Pray","floor":20.0,"gold_loss":0.0,"damage_taken":0.0},{"damage_healed":0,"gold_gain":0,"player_choice":"Embrace Madness","damage_taken":5,"max_hp_gain":0,"max_hp_loss":0,"event_name":"Winding Halls","floor":37,"gold_loss":0,"cards_obtained":["Madness","Madness"]},{"damage_healed":0,"gold_gain":0,"player_choice":"Fight","damage_taken":0,"max_hp_gain":0,"max_hp_loss":0,"event_name":"MindBloom","floor":38,"gold_loss":0}],"is_beta":false,"boss_relics":[{"not_picked":["SacredBark","Replay:Drink Me"],"picked":"Fusion Hammer"},{"not_picked":["Replay:Ancient Bell","Pandora\u0027s Box"],"picked":"ChewingGum"}],"items_purged_floors":[29,41],"is_endless":false,"potions_floor_spawned":[5,8,13,18,23,28,30,31,35,39],"killed_by":"Jaw Worm Horde","ascension_level":0}}