{"host":"0azimyi6n3ugndj4","time":1608937965,"event":{"mods":["2.2 Compatiblity","BaseMod","Bestiary","Conspire","Curses Come First","Defuse TimeMaze Blight","Hyrulean Relics","Infinite Spire","Minty Spire (QoL Compilation)","Relic Stats","Replay The Spire","StSLib","SuperFastMode","Uncapped","¡¼?Úª?ø«¡½REMEMod"],"gold_per_floor":[144,144,104,161,161,120,159,198,268,277,313,313,361,33,33,255,255,288,297,354,418,418,502,122,197,221,111,26,83,83,33,33,261,411,459,459,459,17,92,92,92],"floor_reached":40,"playtime":894,"items_purged":["Pain","Grand Finale"],"score":1074,"play_id":"53a2df47-7b67-4ade-ba54-82fda7cce05a","local_time":"20201226081245","daily_mods":["Shiny","Vintage","ControlledChaos","Diverse","Colorless Cards","Heirloom","Time Dilation","Flight","Binary","Elite Swarm","Lethality","Midas","Night Terrors","Binary"],"is_ascension_mode":true,"campfire_choices":[{"floor":15,"key":"REST"},{"floor":32,"key":"REST"}],"circlet_count":0,"master_deck":["AscendersBane","Brilliance+1","Devotion","LessonLearned","Vault","Alpha","Establishment","REME_WorshipGod","Replay:LoomingThreat","DeusExMachina","Judgement","ConjureBlade","REME_EmptyShield","MasterReality","Ragnarok","REME_CRH","Scrawl","Wish","Omniscience","SpiritShield","DevaForm","Hyperbeam","REME_ForAll","Machine Learning","Buffer","Mirror Shield","Seek","Echo Form","All For One","Reboot","Fission","Core Surge","Multi-Cast","Thunder Strike","Biased Cognition","Electrodynamics","ReplayRNGCard","ReplayTheSpireMod:Omega Cannon+1","Rainbow","Meteor Strike","Amplify","Creative AI","REME_ShadowForm","ReplayTheSpireMod:Necrosis","Corpse Explosion","Die Die Die","Atom Bomb","ReplayTheSpireMod:From All Sides","Adrenaline+1","Envenom","Doppelganger","Burst","Wraith Form v2","REME_SpectralBlade","Tools of the Trade","REME_CopyPotion","After Image","Poison Darts","A Thousand Cuts","Venomology","Replay:Bag of Tricks","Malaise","Phantasmal Killer","Night Terror","infinitespire:Neurotoxin","Unload","Bullet Time","Storm of Steel","Glass Knife","Double Tap","Demon Form","REME_ACTH","Fiend Fire","Eclipse","conspire:Purge","Berserk","Impervious","Juggernaut","Brutality","Demonic Infusion","conspire:HitWhereItHurts","Exhume","Offering","REME_Fury","Bludgeon","Feed","Replay:Many Hands","Limit Break","Corruption","Barricade","Hemogenesis","REME_TheLastStrike","Reaper","Immolate","Thinking Ahead","Metamorphosis","Master of Strategy","Magnetism","REME_HeartOfCthun","Chrysalis","Mayhem","REME_PuzzleBox","Secret Weapon","Midas Touch","ReplayTheSpireMod:Brewmster","REME_AllRoundStrike","Poisoned Strike","REME_MawOfCthun","REME_EyeOfCthun","REME_WheelOfFate","Sadistic Nature","Replay:Dark Deal","REME_Flogging","ReplayUltimateDefense","Transmutation","REME_BattleFury","HandOfGreed","ReplayTheSpireMod:Necrogeddon","Apotheosis","Panache","Violence","Secret Technique","REME_BodyOfCthun","The Bomb","Crow Ritual","REME_BuildACard","REME_ProfessionalPlagiarism","Corpse Explosion","Amplify","conspire:SpireCoStock","Replay:Many Hands","Creative AI"],"relics":["infinitespire:DarkRift","Frozen Eye","Busted Crown","REME_ComplimentaryCards","Incense Burner","REME_PuzzleBoxRelic","PreservedInsect","CeramicFish","Akabeko","Smiling Mask","Ornamental Fan","zeldaRelics:CourageTriforce","REME_IWantAll","infinitespire:Cubic Diamond","Mummified Hand","REME_CardOfGreed","zeldaRelics:Navi","Fusion Hammer","Blue Doll","WarpedTongs","Lantern","Art of War","Juzu Bracelet","infinitespire:Freezer","zeldaRelics:WisdomPiece","Happy Flower","conspire:InfiniteJournal","Prayer Wheel","Tiny House","conspire:BottledYoYo","Omamori","ReplayTheSpireMod:Shallot","Mango"],"acts_visited":["Exordium","TheCity","TheBeyond"],"potions_floor_usage":[21,25,25,29,40,40],"damage_taken":[{"damage":0,"enemies":"2 Louse","floor":1,"turns":1},{"damage":8,"enemies":"Jaw Worm","floor":4,"turns":2},{"damage":3,"enemies":"Cultist","floor":7,"turns":3},{"damage":0,"enemies":"Large Slime","floor":8,"turns":1},{"damage":0,"enemies":"3 Louse","floor":11,"turns":1},{"damage":5,"enemies":"2 Fungi Beasts","floor":13,"turns":2},{"damage":1,"enemies":"The Guardian","floor":16,"turns":2},{"damage":0,"enemies":"Chosen","floor":18,"turns":1},{"damage":0,"enemies":"2 Thieves","floor":20,"turns":1},{"damage":51,"enemies":"Cultist and Chosen","floor":21,"turns":4},{"damage":0,"enemies":"Gremlin Leader","floor":23,"turns":1},{"damage":18,"enemies":"Book of Stabbing","floor":25,"turns":4},{"damage":0,"enemies":"Sentry and Sphere","floor":29,"turns":2},{"damage":13,"enemies":"Collector","floor":33,"turns":3},{"damage":0,"enemies":"3 Darklings","floor":35,"turns":1},{"damage":0,"enemies":"Mind Bloom Boss Battle","floor":39,"turns":1},{"damage":83,"enemies":"Reptomancer","floor":40,"turns":3}],"seed_played":"1608653003702020494","potions_obtained":[{"floor":3,"key":"LiquidBronze"},{"floor":3,"key":"LiquidMemories"},{"floor":3,"key":"EssenceOfSteel"},{"floor":23,"key":"Energy Potion"},{"floor":33,"key":"BlessingOfTheForge"},{"floor":34,"key":"EssenceOfSteel"}],"is_trial":true,"path_per_floor":["M","?","?","M","?","?","M","M","T","?","M","?","M","$","R","B",null,"M","?","M","M","?","E","$","E","T","?","?","M","T","$","R","B",null,"M","?","?","$","?","E"],"character_chosen":"DEFECT","items_purchased":["REME_CardOfGreed","zeldaRelics:Navi","Juzu Bracelet","infinitespire:Freezer","Omamori","ReplayTheSpireMod:Shallot"],"campfire_rested":2,"item_purchase_floors":[14,14,24,24,38,38],"current_hp_per_floor":[64,64,64,56,56,56,53,53,53,53,53,53,53,53,66,65,66,66,66,66,19,19,19,19,1,1,1,1,1,1,1,63,51,66,66,66,66,66,80,0,0],"gold":92,"neow_bonus":"","is_daily":false,"chose_seed":false,"campfire_upgraded":0,"win_rate":0.0,"timestamp":1608937965,"path_taken":["M","?","?","?","?","?","M","M","T","?","?","?","M","$","R","BOSS","M","?","?","?","?","E","?","E","T","?","?","M","?","?","R","BOSS","M","?","?","?","?","E"],"items_purchased_type":["Relic","Relic","Relic","Relic","Relic","Relic"],"build_version":"2020-12-22","purchased_purges":2,"victory":false,"max_hp_per_floor":[71,71,71,71,71,71,71,71,71,71,71,71,71,71,66,66,66,66,66,66,68,68,68,68,68,68,68,68,68,68,68,63,64,69,69,69,69,69,83,83,83],"relic_stats":{"Happy Flower":[3],"counters":[17,33],"CeramicFish":36,"PreservedInsect":156,"Juzu Bracelet":1,"Smiling Mask":75,"WarpedTongs":[20],"Busted Crown":26,"Ornamental Fan":[40],"Mummified Hand":[49],"Prayer Wheel":0,"Art of War":[1],"obtain_stats":[{"Lantern":20,"Tiny House":34,"CeramicFish":4,"Blue Doll":18,"Mango":39,"infinitespire:Cubic Diamond":12,"Incense Burner":0,"Juzu Bracelet":24,"Smiling Mask":7,"REME_IWantAll":11,"conspire:InfiniteJournal":29,"Frozen Eye":0,"Mummified Hand":13,"zeldaRelics:Navi":14,"Prayer Wheel":33,"Fusion Hammer":17,"zeldaRelics:CouragePiece":9,"Cracked Core":0,"zeldaRelics:WisdomPiece":26,"Happy Flower":28,"PreservedInsect":4,"Omamori":38,"Akabeko":5,"zeldaRelics:CourageTriforce":25,"WarpedTongs":19,"infinitespire:DarkRift":12,"Busted Crown":0,"ReplayTheSpireMod:Shallot":38,"Ornamental Fan":8,"Art of War":21,"conspire:BottledYoYo":35,"REME_CardOfGreed":14,"REME_PuzzleBoxRelic":1,"REME_ComplimentaryCards":0,"infinitespire:Freezer":24},{"Lantern":9,"Tiny House":14,"CeramicFish":2,"Blue Doll":8,"Mango":16,"infinitespire:Cubic Diamond":5,"Incense Burner":0,"Juzu Bracelet":11,"Smiling Mask":3,"REME_IWantAll":5,"conspire:InfiniteJournal":13,"Frozen Eye":0,"Mummified Hand":6,"zeldaRelics:Navi":6,"Prayer Wheel":14,"Fusion Hammer":7,"zeldaRelics:CouragePiece":4,"Cracked Core":0,"zeldaRelics:WisdomPiece":12,"Happy Flower":12,"PreservedInsect":2,"Omamori":15,"Akabeko":2,"zeldaRelics:CourageTriforce":12,"WarpedTongs":8,"infinitespire:DarkRift":5,"Busted Crown":0,"ReplayTheSpireMod:Shallot":15,"Ornamental Fan":4,"Art of War":10,"conspire:BottledYoYo":15,"REME_CardOfGreed":6,"REME_PuzzleBoxRelic":1,"REME_ComplimentaryCards":0,"infinitespire:Freezer":11},{"Lantern":14,"Tiny House":28,"CeramicFish":3,"Blue Doll":13,"Mango":30,"infinitespire:Cubic Diamond":8,"Incense Burner":0,"Juzu Bracelet":19,"Smiling Mask":6,"REME_IWantAll":8,"conspire:InfiniteJournal":25,"Frozen Eye":0,"Mummified Hand":10,"zeldaRelics:Navi":10,"Prayer Wheel":26,"Fusion Hammer":12,"zeldaRelics:CouragePiece":7,"Cracked Core":0,"zeldaRelics:WisdomPiece":23,"Happy Flower":23,"PreservedInsect":2,"Omamori":29,"Akabeko":3,"zeldaRelics:CourageTriforce":23,"WarpedTongs":13,"infinitespire:DarkRift":8,"Busted Crown":0,"ReplayTheSpireMod:Shallot":29,"Ornamental Fan":7,"Art of War":18,"conspire:BottledYoYo":29,"REME_CardOfGreed":10,"REME_PuzzleBoxRelic":1,"REME_ComplimentaryCards":0,"infinitespire:Freezer":19}]},"card_choices":[],"player_experience":1437763,"relics_obtained":[{"floor":1,"key":"REME_PuzzleBoxRelic"},{"floor":4,"key":"CeramicFish"},{"floor":5,"key":"Akabeko"},{"floor":7,"key":"Smiling Mask"},{"floor":8,"key":"Ornamental Fan"},{"floor":9,"key":"zeldaRelics:CouragePiece"},{"floor":11,"key":"REME_IWantAll"},{"floor":13,"key":"Mummified Hand"},{"floor":18,"key":"Blue Doll"},{"floor":20,"key":"Lantern"},{"floor":21,"key":"Art of War"},{"floor":23,"key":"zeldaRelics:CouragePiece"},{"floor":25,"key":"zeldaRelics:CouragePiece"},{"floor":26,"key":"zeldaRelics:WisdomPiece"},{"floor":29,"key":"conspire:InfiniteJournal"},{"floor":30,"key":"zeldaRelics:WisdomPiece"},{"floor":35,"key":"conspire:BottledYoYo"},{"floor":39,"key":"Mango"}],"event_choices":[{"damage_healed":0,"gold_gain":0,"cards_transformed":["Replay:AllIn"],"player_choice":"Change","damage_taken":0,"max_hp_gain":0,"max_hp_loss":0,"event_name":"Living Wall","floor":2,"gold_loss":0,"cards_obtained":["Amplify"]},{"damage_healed":0,"gold_gain":0,"player_choice":"Bought 3 Potions","damage_taken":0,"max_hp_gain":0,"max_hp_loss":0,"event_name":"The Woman in Blue","floor":3,"gold_loss":0},{"damage_healed":0,"gold_gain":0,"player_choice":"Invest 1","damage_taken":0,"max_hp_gain":0,"max_hp_loss":0,"event_name":"conspire:Investor","floor":6,"gold_loss":0},{"damage_healed":0,"gold_gain":0,"cards_transformed":["Blasphemy"],"player_choice":"Transformed","damage_taken":0,"max_hp_gain":0,"max_hp_loss":0,"event_name":"Transmorgrifier","floor":10,"gold_loss":0,"cards_obtained":["Replay:Many Hands"]},{"damage_healed":0,"gold_gain":0,"player_choice":"Rummage","damage_taken":0,"relics_obtained":["WarpedTongs"],"max_hp_gain":0,"max_hp_loss":0,"event_name":"Accursed Blacksmith","floor":19,"gold_loss":0,"cards_obtained":["Pain"]},{"damage_healed":0,"gold_gain":0,"player_choice":"Upgraded","damage_taken":0,"max_hp_gain":0,"max_hp_loss":0,"event_name":"Upgrade Shrine","floor":22,"gold_loss":0,"cards_upgraded":["Brilliance"]},{"cards_removed":["REME_GrazeFinale"],"damage_healed":0,"gold_gain":0,"player_choice":"Upgrade and Remove","damage_taken":0,"max_hp_gain":0,"max_hp_loss":0,"event_name":"Designer","floor":27,"gold_loss":110,"cards_upgraded":["ReplayTheSpireMod:Omega Cannon"]},{"damage_healed":0,"gold_gain":0,"player_choice":"Obtained Relic","damage_taken":0,"relics_obtained":["Happy Flower"],"max_hp_gain":0,"max_hp_loss":0,"event_name":"Addict","floor":28,"gold_loss":85},{"damage_healed":0,"gold_gain":0,"player_choice":"Memory 1","damage_taken":0,"max_hp_gain":0,"max_hp_loss":0,"event_name":"SensoryStone","floor":36,"gold_loss":0},{"damage_healed":0,"gold_gain":0,"player_choice":"Ignored","damage_taken":0,"max_hp_gain":0,"max_hp_loss":0,"event_name":"Tomb of Lord Red Mask","floor":37,"gold_loss":0},{"damage_healed":0,"gold_gain":0,"player_choice":"Fight","damage_taken":0,"max_hp_gain":0,"max_hp_loss":0,"event_name":"MindBloom","floor":39,"gold_loss":0}],"is_beta":false,"boss_relics":[{"not_picked":["REME_LowDesire","Snecko Eye"],"picked":"Fusion Hammer"},{"not_picked":["Ring of Chaos","Snecko Heart"],"picked":"Tiny House"}],"items_purged_floors":[24,31],"is_endless":false,"potions_floor_spawned":[7,13,16,23,33,35],"killed_by":"Reptomancer","ascension_level":20}}