{"host":"rmsq46plbpwfbxcc","time":1608862939,"event":{"mods":["AchievementEnabler","BaseMod","Colored Map","DeckTracker","Minty Spire (QoL Compilation)","Permanent Neow","SuperFastMode"],"gold_per_floor":[113,124,124,124,144,144,176,187,238,256,256,286,303,303,303,376,376,395,413,432,432,442,442,469,469,493,505,505,505],"floor_reached":28,"playtime":826,"items_purged":[],"score":454,"play_id":"15649dd9-a2bf-4f24-86bd-0bcfc69c15b2","local_time":"20201225112219","is_ascension_mode":true,"campfire_choices":[{"data":"Noxious Fumes","floor":6.0,"key":"SMITH"},{"floor":11.0,"key":"REST"},{"data":"Blade Dance","floor":15.0,"key":"SMITH"},{"floor":23,"key":"REST"},{"floor":25,"key":"REST"}],"circlet_count":0,"master_deck":["AscendersBane","Strike_G","Strike_G","Strike_G","Defend_G","Defend_G","Defend_G","Defend_G","Survivor","Neutralize","Blade Dance+1","Noxious Fumes+1","Blur","Bane","PiercingWail","Bullet Time","Pain","Phantasmal Killer","Accuracy+1","Poisoned Stab+1","Poisoned Stab+1","Footwork","Blade Dance","Catalyst"],"relics":["Black Star","Mummified Hand","Strawberry","PreservedInsect","Oddly Smooth Stone","HornCleat","Juzu Bracelet","WarpedTongs","Astrolabe","Dream Catcher","Pen Nib","Omamori"],"acts_visited":["Exordium","TheCity"],"potions_floor_usage":[24,24],"damage_taken":[{"damage":0.0,"enemies":"Small Slimes","floor":1.0,"turns":5.0},{"damage":10.0,"enemies":"Jaw Worm","floor":2.0,"turns":5.0},{"damage":0.0,"enemies":"Cultist","floor":5.0,"turns":5.0},{"damage":26.0,"enemies":"3 Sentries","floor":7.0,"turns":8.0},{"damage":11.0,"enemies":"Looter","floor":8.0,"turns":4.0},{"damage":3.0,"enemies":"2 Fungi Beasts","floor":10.0,"turns":5.0},{"damage":8.0,"enemies":"Lagavulin","floor":12.0,"turns":8.0},{"damage":0.0,"enemies":"3 Louse","floor":13.0,"turns":4.0},{"damage":17.0,"enemies":"Slime Boss","floor":16.0,"turns":10.0},{"damage":11,"enemies":"Chosen","floor":18,"turns":5},{"damage":15,"enemies":"Spheric Guardian","floor":19,"turns":4},{"damage":23,"enemies":"Cultist and Chosen","floor":20,"turns":8},{"damage":13,"enemies":"Snake Plant","floor":22,"turns":5},{"damage":29,"enemies":"Slavers","floor":24,"turns":6},{"damage":13,"enemies":"3 Cultists","floor":27,"turns":4},{"damage":14,"enemies":"Centurion and Healer","floor":28,"turns":1}],"seed_played":"6851414894813793139","potions_obtained":[{"floor":8.0,"key":"Strength Potion"},{"floor":10.0,"key":"Strength Potion"},{"floor":13.0,"key":"Weak Potion"},{"floor":18,"key":"Fire Potion"},{"floor":20,"key":"Swift Potion"}],"is_trial":false,"path_per_floor":["M","M","?","?","M","R","E","M","T","M","R","E","M","?","R","B",null,"M","M","M","?","M","R","E","R","T","M","M"],"character_chosen":"THE_SILENT","items_purchased":[],"campfire_rested":3,"item_purchase_floors":[],"current_hp_per_floor":[59,49,49,44,44,44,25,14,14,11,32,24,24,24,24,7,57,46,31,8,23,10,31,2,23,23,10,0,0],"gold":505,"neow_bonus":"BOSS_RELIC","is_daily":false,"chose_seed":false,"campfire_upgraded":2,"win_rate":0.0,"timestamp":1608862939,"path_taken":["M","M","?","?","M","R","E","M","T","M","R","E","M","?","R","BOSS","M","M","M","?","M","R","E","R","T","M","M"],"items_purchased_type":[],"build_version":"2020-12-22","purchased_purges":0,"victory":false,"max_hp_per_floor":[66,66,66,66,66,66,73,73,73,73,73,73,73,73,73,73,73,73,73,73,73,73,73,73,73,73,73,73,73],"card_choices":[{"not_picked":["Backflip","Crippling Poison"],"picked":"Blade Dance","floor":1.0},{"not_picked":["Setup","Deadly Poison"],"picked":"Noxious Fumes","floor":2.0},{"not_picked":["Quick Slash","Deflect"],"picked":"Blur","floor":5.0},{"not_picked":["Prepared","Flechettes"],"picked":"Bane","floor":7.0},{"not_picked":["Expertise","Flechettes","Dagger Throw"],"picked":"SKIP","floor":8.0},{"not_picked":["Reflex","Prepared"],"picked":"PiercingWail","floor":10.0},{"not_picked":["Expertise","Acrobatics"],"picked":"Bullet Time","floor":12.0},{"not_picked":["Sucker Punch","Quick Slash","Blade Dance"],"picked":"SKIP","floor":13.0},{"not_picked":["Grand Finale","Unload"],"picked":"Phantasmal Killer","floor":16.0},{"not_picked":["Prepared+1","Dagger Spray","Bane"],"picked":"SKIP","floor":18},{"not_picked":["Sucker Punch","Flying Knee","Eviscerate"],"picked":"SKIP","floor":19},{"not_picked":["All Out Attack","Skewer","Masterful Stab"],"picked":"SKIP","floor":20},{"not_picked":["Bane","Caltrops"],"picked":"Footwork","floor":22},{"not_picked":["Noxious Fumes","Endless Agony"],"picked":"Blade Dance","floor":24},{"not_picked":["All Out Attack","Poisoned Stab"],"picked":"Catalyst","floor":27}],"player_experience":1372454,"relics_obtained":[{"floor":7.0,"key":"Strawberry"},{"floor":7.0,"key":"PreservedInsect"},{"floor":9.0,"key":"Oddly Smooth Stone"},{"floor":12.0,"key":"HornCleat"},{"floor":12.0,"key":"Juzu Bracelet"},{"floor":24,"key":"Dream Catcher"},{"floor":24,"key":"Pen Nib"},{"floor":26,"key":"Omamori"}],"event_choices":[{"damage_healed":0.0,"max_hp_gain":0.0,"max_hp_loss":0.0,"gold_gain":0.0,"event_name":"Liars Game","player_choice":"Ignored","floor":3.0,"gold_loss":0.0,"damage_taken":0.0},{"damage_healed":0.0,"max_hp_gain":0.0,"max_hp_loss":0.0,"gold_gain":0.0,"event_name":"Scrap Ooze","player_choice":"Success","floor":4.0,"gold_loss":0.0,"damage_taken":5.0,"relics_obtained":["Mummified Hand"]},{"damage_healed":0.0,"max_hp_gain":0.0,"max_hp_loss":0.0,"gold_gain":0.0,"event_name":"Accursed Blacksmith","player_choice":"Rummage","floor":14.0,"gold_loss":0.0,"damage_taken":0.0,"relics_obtained":["WarpedTongs"],"cards_obtained":["Pain"]},{"damage_healed":15,"gold_gain":0,"player_choice":"Heal","damage_taken":0,"max_hp_gain":0,"max_hp_loss":0,"event_name":"The Library","floor":21,"gold_loss":0}],"is_beta":false,"boss_relics":[{"not_picked":["Velvet Choker","Fusion Hammer"],"picked":"Astrolabe"}],"items_purged_floors":[],"is_endless":false,"potions_floor_spawned":[8,10,13,18,20],"killed_by":"Centurion and Healer","ascension_level":16}}