{"host":"d7b3eqpbli5gspou","time":1608931630,"event":{"mods":["2.2 Compatiblity","BaseMod","Colored Map","Colored Powertips","Downfall","Minty Spire (QoL Compilation)","Quick Restart","Random Character Button","Random Character Mod","Relic Sorter","StSLib"],"gold_per_floor":[99,112,112,19,38,71,71,71,88,100,100,100,100],"floor_reached":11,"playtime":1079,"items_purged":[],"score":73,"play_id":"35a32c91-7482-4499-bfdd-769b415977d7","local_time":"20201225162710","is_ascension_mode":false,"campfire_choices":[{"data":"Guardian:TwinSlam","floor":1,"key":"SMITH"}],"circlet_count":0,"master_deck":["Guardian:Strike_Guardian","Guardian:Strike_Guardian+1","Guardian:Strike_Guardian","Guardian:Strike_Guardian","Guardian:Defend_Guardian","Guardian:Defend_Guardian+1","Guardian:Defend_Guardian","Guardian:Defend_Guardian","Guardian:CurlUp+1","Guardian:TwinSlam+1","Guardian:Harden","Regret","Guardian:Gem_Orange","Guardian:PrimingBeam","Guardian:PrimingBeam","Guardian:CrystalBeam"],"relics":["Guardian:ModeShifter","Matryoshka","Lantern","Shuriken","downfall:ShatteredFragment"],"acts_visited":["Exordium"],"potions_floor_usage":[11],"damage_taken":[{"damage":0,"enemies":"Small Slimes","floor":2,"turns":3},{"damage":3,"enemies":"downfall:FleeingMerchant","floor":4,"turns":4},{"damage":1,"enemies":"Jaw Worm","floor":5,"turns":3},{"damage":22,"enemies":"Gremlin Nob","floor":6,"turns":5},{"damage":1,"enemies":"Cultist","floor":9,"turns":3},{"damage":15,"enemies":"Exordium Wildlife","floor":10,"turns":4},{"damage":25,"enemies":"Lagavulin","floor":11,"turns":3}],"seed_played":"-2011499340869242704","potions_obtained":[{"floor":2,"key":"Swift Potion"},{"floor":5,"key":"Strength Potion"},{"floor":10,"key":"AttackPotion"}],"is_trial":false,"path_per_floor":["R","M","?","$","M","E","T","?","M","M","E"],"character_chosen":"GUARDIAN","items_purchased":["Guardian:Gem_Orange"],"campfire_rested":0,"item_purchase_floors":[4],"current_hp_per_floor":[88,88,88,85,84,62,62,38,37,22,0,0],"gold":100,"neow_bonus":"TEN_PERCENT_HP_BONUS","is_daily":false,"chose_seed":false,"campfire_upgraded":1,"win_rate":0.0,"timestamp":1608931630,"path_taken":["R","M","?","$","M","E","T","?","?","M","E"],"items_purchased_type":["Card"],"build_version":"2020-12-22","purchased_purges":0,"victory":false,"max_hp_per_floor":[88,88,88,88,88,88,88,88,88,88,88,88,88],"card_choices":[{"not_picked":["Guardian:Gem_Blue","Guardian:PiercingHide"],"picked":"Guardian:Harden","floor":2},{"not_picked":["Guardian:TemporalShield","Guardian:Recover","Guardian:Gem_Cyan"],"picked":"SKIP","floor":4},{"not_picked":["Guardian:PrismaticBarrier","Guardian:PolyBeam"],"picked":"Guardian:PrimingBeam","floor":5},{"not_picked":["Guardian:Incinerate","Guardian:FastForward","Guardian:PrismaticBeam"],"picked":"SKIP","floor":6},{"not_picked":["Guardian:Gem_Blue","Guardian:SpikerProtocol"],"picked":"Guardian:PrimingBeam","floor":9},{"not_picked":["Guardian:Clone","Guardian:Suspension"],"picked":"Guardian:CrystalBeam","floor":10}],"player_experience":72361,"relics_obtained":[{"floor":6,"key":"Matryoshka"},{"floor":7,"key":"Lantern"},{"floor":7,"key":"Shuriken"}],"event_choices":[],"is_beta":false,"boss_relics":[],"items_purged_floors":[],"is_endless":false,"potions_floor_spawned":[2,5,10],"killed_by":"Lagavulin","ascension_level":0}}