{"host":"q6rs3in4l29iepap","time":1608924171,"event":{"mods":["Aspiration","BaseMod","BetterRewards","Colored Map","Downfall","Friendly Minions","Hermit","Hubris","Infinite Spire","Jorbs\u0027s Wanderer Trilogy","Minty Spire (QoL Compilation)","Replay The Spire","Shade Mod","StSLib","The Bug Knight","The Construct","The Cursed","The Disciple","The Hierophant","The Mystic","The Runesmith"],"gold_per_floor":[113,113,129,45,45,80,80,95,120,120,139,139,156,8,8,103,103,114,114,114,213,228,258,12,27,27,38,38,38,38,57,57,162,162,180,162,175,175,175,175,175,175,175,175,175,195,221,221,221],"floor_reached":48,"playtime":2853,"items_purged":[],"score":751,"play_id":"b9989a87-3fc7-4f2f-802f-2e1d0e2392b0","local_time":"20201225112251","is_ascension_mode":false,"campfire_choices":[{"floor":7,"key":"REST"},{"floor":10,"key":"RECALL"},{"floor":28,"key":"REST"},{"data":"hermit:EternalForm","floor":30,"key":"SMITH"},{"floor":32,"key":"REST"},{"data":"expansioncontent:Collect","floor":40,"key":"SMITH"},{"data":"Fire Breathing","floor":42,"key":"SMITH"},{"floor":45,"key":"REST"}],"circlet_count":0,"master_deck":["hermit:Strike_Hermit","hermit:Strike_Hermit","hermit:Strike_Hermit","hermit:Strike_Hermit","hermit:Defend_Hermit+1","hermit:Snapshot","hermit:Covet+1","hermit:Shortfuse","Injury","hermit:Grudge","hermit:Grudge+1","hermit:Brawl+1","Phantasmal Killer+1","Survivor+1","Tactician+1","Pot Of Greed+1","Pot Of Greed+1","hermit:EternalForm+1","hermit:FullyLoaded+1","hermit:Quickdraw","hermit:Vantage+1","hermit:BlackWind","hermit:Snipe+1","hermit:Misfire","hermit:Showdown","Dagger Throw+1","Pot Of Greed+1","Fire Breathing+1","hermit:Glare+1","Night Terror+1","Parasite","expansioncontent:Corrupt+1","Sunder","ReplayTheSpireMod:Uncanny Aura+1","expansioncontent:CaCaw","expansioncontent:Collect+1","Delirium","expansioncontent:CaCaw","Shade:DangerousRitual","Pot Of Greed+1"],"relics":["hermit:Momento","Blue Doll","Toxic Egg 2","Grinning Jar","Replay:Mystery Machine","Oddly Smooth Stone","construct:WeddingRing","PrismaticShard","Replay:Ringing Soul","hubris:BottledRain","Bronze Scales","Runic Pyramid","ReplayTheSpireMod:CursedCoin","Ring of Searing","Ring of Chaos","hermit:Spyglass","War Paint"],"acts_visited":["Exordium","TheCity","TheBeyond"],"potions_floor_usage":[33],"damage_taken":[{"damage":0,"enemies":"Small Slimes","floor":1,"turns":3},{"damage":4,"enemies":"2 Louse","floor":3,"turns":2},{"damage":29,"enemies":"Lagavulin","floor":6,"turns":5},{"damage":0,"enemies":"Cultist","floor":8,"turns":3},{"damage":1,"enemies":"Exordium Thugs","floor":11,"turns":3},{"damage":0,"enemies":"Large Slime","floor":13,"turns":4},{"damage":46,"enemies":"Hexaghost","floor":16,"turns":9},{"damage":6,"enemies":"Chosen","floor":18,"turns":4},{"damage":6,"enemies":"2 Thieves","floor":22,"turns":3},{"damage":28,"enemies":"Book of Stabbing","floor":23,"turns":4},{"damage":16,"enemies":"Cultist and Chosen","floor":25,"turns":5},{"damage":10,"enemies":"Shelled Parasite and Fungi","floor":27,"turns":3},{"damage":20,"enemies":"Centurion and Healer","floor":31,"turns":3},{"damage":28,"enemies":"Pondfish","floor":33,"turns":4},{"damage":29,"enemies":"3 Darklings","floor":35,"turns":4},{"damage":26,"enemies":"3 Shapes","floor":37,"turns":4},{"damage":6,"enemies":"Sphere and 2 Shapes","floor":46,"turns":3},{"damage":48,"enemies":"Reptomancer","floor":47,"turns":4},{"damage":17,"enemies":"4 Shapes","floor":48,"turns":1}],"seed_played":"-1533506197894254299","potions_obtained":[{"floor":3,"key":"Venom Potion"},{"floor":11,"key":"Venom Potion"},{"floor":18,"key":"Energy Potion"},{"floor":35,"key":"Elixir"}],"is_trial":false,"path_per_floor":["M","?","M","$","?","E","R","M","T","R","M","T","M","$","R_BF","B",null,"M","?","?","?","M","E","$","M","T","M","R","?","R","M","R","B",null,"M","$","M","?","?","R","?","R","T","?","R","M","E","M"],"character_chosen":"HERMIT","items_purchased":["Blue Doll","hermit:Grudge","hermit:Brawl+1","Oddly Smooth Stone","hubris:BottledRain","ReplayTheSpireMod:CursedCoin","expansioncontent:Corrupt+1"],"campfire_rested":4,"item_purchase_floors":[0,4,4,14,24,36,36],"current_hp_per_floor":[53,53,49,49,49,20,42,42,42,42,41,41,41,41,63,17,75,69,61,61,61,55,30,30,17,17,7,31,34,34,14,39,14,87,58,61,38,31,34,34,34,34,34,37,67,61,16,0,0],"gold":221,"neow_bonus":"","is_daily":false,"chose_seed":false,"campfire_upgraded":3,"win_rate":0.0,"timestamp":1608924171,"path_taken":["M","?","M","$","?","E","R","?","T","R","M","?","M","$","R_BF","BOSS","M","?","?","?","M","E","$","M","T","M","R","?","R","M","R","BOSS","M","$","M","?","?","R","?","R","T","?","R","M","E","M"],"items_purchased_type":["Relic","Card","Card","Relic","Relic","Relic","Card"],"build_version":"2020-12-13","purchased_purges":0,"victory":false,"max_hp_per_floor":[75,75,75,75,75,75,75,75,75,75,75,75,75,75,75,75,75,75,75,75,75,75,78,78,81,81,81,81,84,84,84,84,87,87,87,90,93,96,99,99,99,99,99,102,102,102,105,105,105],"card_choices":[{"not_picked":["hermit:Vantage","hermit:GoldenBullet"],"picked":"hermit:Shortfuse","floor":1},{"not_picked":["hermit:LowProfile+1","hermit:Desperado","hermit:NoHoldsBarred"],"picked":"SKIP","floor":3},{"not_picked":["hermit:GoldenBullet","hermit:Snipe+1"],"picked":"hermit:EternalForm","floor":6},{"not_picked":["hermit:Manifest+1","hermit:BodyArmor+1"],"picked":"hermit:FullyLoaded+1","floor":8},{"not_picked":["hermit:Roulette","hermit:Ricochet"],"picked":"hermit:Quickdraw","floor":11},{"not_picked":["hermit:Ricochet","hermit:Coalescence+1"],"picked":"hermit:Vantage+1","floor":13},{"not_picked":["hermit:DeadOrAlive","hermit:Adapt"],"picked":"hermit:BlackWind","floor":16},{"not_picked":["hermit:HighCaliber","hermit:TakeAim"],"picked":"hermit:Snipe+1","floor":18},{"not_picked":["hermit:Ricochet","hermit:CalledShot"],"picked":"hermit:Misfire","floor":19},{"not_picked":["hexamod:HeatShield+1","TheCursedMod:CursedShiv","stsjorbsmod:Flame+1"],"picked":"SKIP","floor":22},{"not_picked":["mysticmod:AllIn","Guardian:VentSteam+1"],"picked":"Dagger Throw+1","floor":23},{"not_picked":["hierophant:Zeal","hermit:Headshot"],"picked":"Fire Breathing","floor":25},{"not_picked":["construct:SyphonStrike","Crystallizer+1","expansioncontent:YouAreMine+1"],"picked":"SKIP","floor":27},{"not_picked":["Runesmith:Grindstone+1","stsjorbsmod:Will+1","Runesmith:Retool+1"],"picked":"SKIP","floor":31},{"not_picked":["Slimebound:OozeBath+1","stsjorbsmod:Banish+1"],"picked":"Night Terror+1","floor":33},{"not_picked":["construct:Analyze+1","Shade:WallOfFlesh+1","Slimebound:RejuvenatingLick+1"],"picked":"SKIP","floor":35},{"not_picked":["Compile Driver+1","Runesmith:Attraction+1"],"picked":"Sunder","floor":37},{"not_picked":["Replay:Sssssssssstrike","expansioncontent:LastStand"],"picked":"ReplayTheSpireMod:Uncanny Aura+1","floor":38},{"not_picked":["expansioncontent:BronzeBeam","Transmutation+1"],"picked":"expansioncontent:CaCaw","floor":38},{"not_picked":["Transmutation+1","expansioncontent:DefensiveMode"],"picked":"expansioncontent:Collect","floor":38},{"not_picked":["champ:ViciousMockery+1","hexamod:ThirdSeal","TheCursedMod:FleshFromBone+1"],"picked":"SKIP","floor":46},{"not_picked":["Deflect+1","BlueShift+1"],"picked":"Shade:DangerousRitual","floor":47}],"player_experience":133592,"relics_obtained":[{"floor":6,"key":"Grinning Jar"},{"floor":9,"key":"Replay:Mystery Machine"},{"floor":19,"key":"PrismaticShard"},{"floor":23,"key":"Replay:Ringing Soul"},{"floor":26,"key":"Bronze Scales"},{"floor":39,"key":"Ring of Searing"},{"floor":39,"key":"Ring of Chaos"},{"floor":43,"key":"hermit:Spyglass"},{"floor":47,"key":"War Paint"}],"event_choices":[{"damage_healed":0,"gold_gain":0,"player_choice":"Read","damage_taken":0,"max_hp_gain":0,"max_hp_loss":0,"event_name":"The Library","floor":20,"gold_loss":0,"cards_obtained":["hermit:Showdown"]},{"damage_healed":0,"gold_gain":99,"player_choice":"Stole From Cult","damage_taken":0,"max_hp_gain":0,"max_hp_loss":0,"event_name":"Nest","floor":21,"gold_loss":0},{"damage_healed":0,"gold_gain":0,"player_choice":"1 cards matched","damage_taken":0,"max_hp_gain":0,"max_hp_loss":0,"event_name":"Match and Keep!","floor":29,"gold_loss":0,"cards_obtained":["hermit:Glare"]},{"damage_healed":0,"gold_gain":0,"player_choice":"Memory 3","damage_taken":10,"max_hp_gain":0,"max_hp_loss":0,"event_name":"SensoryStone","floor":38,"gold_loss":0},{"damage_healed":0,"gold_gain":0,"player_choice":"Ignored","damage_taken":0,"max_hp_gain":0,"max_hp_loss":0,"event_name":"The Moai Head","floor":41,"gold_loss":0},{"damage_healed":0,"gold_gain":0,"player_choice":"Copied","damage_taken":0,"max_hp_gain":0,"max_hp_loss":0,"event_name":"Duplicator","floor":44,"gold_loss":0,"cards_obtained":["expansioncontent:CaCaw"]}],"is_beta":false,"boss_relics":[{"not_picked":["aspiration:SecretTechniqueScroll","hubris:ScarierMask"],"picked":"construct:WeddingRing"},{"not_picked":["hermit:ClaspedLocket","Runic Dome"],"picked":"Runic Pyramid"}],"items_purged_floors":[],"is_endless":false,"potions_floor_spawned":[3,11,18,22,23,27,35],"killed_by":"4 Shapes","ascension_level":0}}