{"host":"ldbx2jhnvtia1ouf","time":1608893858,"event":{"mods":["BaseMod","Better Note","Better Sensory Stone","Better Skull","Better Third Choice","Block Reminder","Colored Map","Colored Powertips","Curses Come First","Highlight Path","Minty Spire (QoL Compilation)","Permanent Neow","Spicy Shops","StSLib","Transform Curses","Unceasing Turn Reminder"],"gold_per_floor":[111,386,398,414,414,414,9,9,64,133,147,207,207,250,250,379,379,393,432,392,22,22,74,112,112,112,143,153,153,153,165,165,165,165],"floor_reached":33,"playtime":2028,"items_purged":["Strike_B","Strike_B"],"score":287,"play_id":"6b186320-814b-4fda-9035-9068ef218140","local_time":"20201225205738","is_ascension_mode":false,"campfire_choices":[{"floor":6,"key":"RECALL"},{"data":"HandOfGreed","floor":8,"key":"SMITH"},{"floor":15,"key":"REST"},{"floor":25,"key":"REST"},{"floor":30,"key":"REST"},{"data":"Loop","floor":32,"key":"SMITH"}],"circlet_count":0,"master_deck":["Strike_B","Strike_B","Defend_B","Defend_B","Defend_B","Defend_B","Zap","Dualcast","FTL","Sunder","Melter","Rainbow+1","HandOfGreed+1","Defragment","Rip and Tear","Conserve Battery","Conserve Battery","Consume","Machine Learning+1","Loop+1","Streamline","Blizzard+1","Storm+1"],"relics":["Sozu","SlaversCollar","Mummified Hand","Nloth\u0027s Gift","Toy Ornithopter","Potion Belt","Tiny Chest"],"acts_visited":["Exordium","TheCity"],"potions_floor_usage":[],"damage_taken":[{"damage":3,"enemies":"Jaw Worm","floor":1,"turns":3},{"damage":1,"enemies":"Cultist","floor":3,"turns":4},{"damage":7,"enemies":"Small Slimes","floor":4,"turns":3},{"damage":11,"enemies":"Exordium Thugs","floor":10,"turns":4},{"damage":10,"enemies":"Red Slaver","floor":11,"turns":5},{"damage":11,"enemies":"Gremlin Nob","floor":12,"turns":4},{"damage":2,"enemies":"2 Fungi Beasts","floor":14,"turns":3},{"damage":4,"enemies":"Slime Boss","floor":16,"turns":9},{"damage":0,"enemies":"Spheric Guardian","floor":18,"turns":2},{"damage":5,"enemies":"Chosen","floor":19,"turns":4},{"damage":19,"enemies":"Book of Stabbing","floor":23,"turns":5},{"damage":18,"enemies":"3 Cultists","floor":24,"turns":5},{"damage":10,"enemies":"Gremlin Leader","floor":27,"turns":6},{"damage":18,"enemies":"Centurion and Healer","floor":28,"turns":4},{"damage":8,"enemies":"Chosen and Byrds","floor":31,"turns":4},{"damage":67,"enemies":"Automaton","floor":33,"turns":6}],"seed_played":"-8674447163470652196","potions_obtained":[],"is_trial":false,"path_per_floor":["M","?","M","M","?","R","$","R","T","M","M","E","?","M","R","B",null,"M","M","?","$","?","E","M","R","T","E","M","?","R","M","R","B"],"character_chosen":"DEFECT","items_purchased":["HandOfGreed","Defragment","Rip and Tear","Mummified Hand","Streamline"],"campfire_rested":3,"item_purchase_floors":[7,7,7,21,21],"current_hp_per_floor":[72,72,71,64,64,64,64,64,64,53,43,32,32,30,52,48,75,75,70,70,70,70,51,33,55,55,45,27,27,49,41,41,0,0],"gold":165,"neow_bonus":"BOSS_RELIC","is_daily":false,"chose_seed":false,"campfire_upgraded":2,"win_rate":0.0,"timestamp":1608893858,"path_taken":["M","?","M","?","?","R","?","R","T","M","?","E","?","?","R","BOSS","M","M","?","$","?","E","?","R","T","E","M","?","R","M","R","BOSS"],"items_purchased_type":["Card","Card","Card","Relic","Card"],"build_version":"2020-12-22","purchased_purges":2,"victory":false,"max_hp_per_floor":[75,75,75,75,75,75,75,75,75,75,75,75,75,75,75,75,75,75,75,75,75,75,75,75,75,75,75,75,75,75,75,75,75,75],"card_choices":[{"not_picked":["Go for the Eyes","Skim"],"picked":"FTL","floor":1},{"not_picked":["Sweeping Beam","Glacier"],"picked":"Sunder","floor":3},{"not_picked":["Sweeping Beam","Redo"],"picked":"Melter","floor":4},{"not_picked":["Steam Power","Hello World"],"picked":"Conserve Battery","floor":10},{"not_picked":["Go for the Eyes","All For One"],"picked":"Conserve Battery","floor":11},{"not_picked":["Force Field","Redo","Steam"],"picked":"SKIP","floor":12},{"not_picked":["Barrage","Redo"],"picked":"Consume","floor":14},{"not_picked":["Meteor Strike","Thunder Strike"],"picked":"Machine Learning","floor":16},{"not_picked":["Hologram","Stack","Sweeping Beam"],"picked":"SKIP","floor":18},{"not_picked":["Lockon","Compile Driver"],"picked":"Loop","floor":19},{"not_picked":["Stack","Redo"],"picked":"Blizzard+1","floor":23},{"not_picked":["Recycle","Leap"],"picked":"Storm","floor":24},{"not_picked":["Conserve Battery+1","Skim","Gash+1"],"picked":"SKIP","floor":27},{"not_picked":["Fission","Rebound+1","Blizzard"],"picked":"SKIP","floor":28},{"not_picked":["Steam","Compile Driver","Coolheaded"],"picked":"SKIP","floor":31}],"player_experience":71274,"relics_obtained":[{"floor":12,"key":"Boot"},{"floor":23,"key":"Toy Ornithopter"},{"floor":26,"key":"Potion Belt"},{"floor":27,"key":"Tiny Chest"}],"event_choices":[{"damage_healed":0,"gold_gain":275,"player_choice":"Desecrate","damage_taken":0,"max_hp_gain":0,"max_hp_loss":0,"event_name":"Golden Shrine","floor":2,"gold_loss":0,"cards_obtained":["Regret"]},{"damage_healed":0,"gold_gain":0,"cards_transformed":["Regret"],"player_choice":"Transformed","damage_taken":0,"max_hp_gain":0,"max_hp_loss":0,"event_name":"Transmorgrifier","floor":5,"gold_loss":0,"cards_obtained":["Rainbow"]},{"damage_healed":0,"gold_gain":0,"player_choice":"Forge","damage_taken":0,"max_hp_gain":0,"max_hp_loss":0,"event_name":"Accursed Blacksmith","floor":13,"gold_loss":0,"cards_upgraded":["Rainbow"]},{"damage_healed":0,"gold_gain":0,"player_choice":"Upgrade","damage_taken":0,"max_hp_gain":0,"max_hp_loss":0,"event_name":"Designer","floor":20,"gold_loss":40,"cards_upgraded":["Machine Learning"]},{"damage_healed":0,"gold_gain":0,"player_choice":"Traded Relic","damage_taken":0,"relics_obtained":["Nloth\u0027s Gift"],"max_hp_gain":0,"max_hp_loss":0,"event_name":"N\u0027loth","floor":22,"relics_lost":["Boot"],"gold_loss":0},{"damage_healed":0,"gold_gain":0,"player_choice":"Upgraded","damage_taken":0,"max_hp_gain":0,"max_hp_loss":0,"event_name":"Upgrade Shrine","floor":29,"gold_loss":0,"cards_upgraded":["Storm"]}],"is_beta":false,"boss_relics":[{"not_picked":["Philosopher\u0027s Stone","SacredBark"],"picked":"SlaversCollar"}],"items_purged_floors":[7,21],"is_endless":false,"potions_floor_spawned":[3,4,10,12,18,31],"killed_by":"Automaton","ascension_level":0}}