{"host":"vc42n08di9czm3e7","time":1608935675,"event":{"mods":["AchievementEnabler","Act Like it!","BaseMod","Colored Powertips","Downfall","Friendly Minions","GifTheSpireLib","Minty Spire (QoL Compilation)","Rare Cards Sparkle","StSLib"],"gold_per_floor":[112,127,52,66,16,16,43,43,43,43,60,75,75,85,85,182,182,199,199,213,224,242,242,242,242],"floor_reached":24,"playtime":1761,"items_purged":["Defend_P"],"score":200,"play_id":"aed58d19-d409-4fff-9437-98335849645a","local_time":"20201225173435","is_ascension_mode":false,"campfire_choices":[{"data":"Eruption","floor":6,"key":"SMITH"},{"floor":8,"key":"REST"},{"data":"Vengeance","floor":10,"key":"SMITH"},{"data":"PathToVictory","floor":15,"key":"SMITH"},{"data":"WindmillStrike","floor":23,"key":"SMITH"}],"circlet_count":0,"master_deck":["Strike_P","Defend_P","Defend_P","Eruption+1","Vigilance","Evaluate","Vengeance+1","PathToVictory+1","Scrawl+1","WindmillStrike+1","Crescendo+1","EmptyFist","DeusExMachina+1","Protect+1","WaveOfTheHand+1","ReachHeaven+1","Swivel+1","Evaluate+1","PathToVictory+1","EmptyMind+1"],"relics":["PureWater","Toxic Egg 2","Blood Vial","Astrolabe"],"acts_visited":["Exordium","TheCity"],"potions_floor_usage":[16,24,24],"damage_taken":[{"damage":0,"enemies":"2 Louse","floor":1,"turns":2},{"damage":22,"enemies":"Jaw Worm","floor":2,"turns":5},{"damage":0,"enemies":"Cultist","floor":4,"turns":4},{"damage":35,"enemies":"Lagavulin","floor":7,"turns":8},{"damage":0,"enemies":"Looter","floor":11,"turns":3},{"damage":4,"enemies":"Blue Slaver","floor":12,"turns":7},{"damage":9,"enemies":"3 Louse","floor":14,"turns":4},{"damage":14,"enemies":"Hexaghost","floor":16,"turns":9},{"damage":0,"enemies":"Shell Parasite","floor":18,"turns":4},{"damage":14,"enemies":"Spheric Guardian","floor":20,"turns":4},{"damage":13,"enemies":"Snecko","floor":21,"turns":6},{"damage":5,"enemies":"Snake Plant","floor":22,"turns":4},{"damage":49,"enemies":"Gremlin Leader","floor":24,"turns":6}],"seed_played":"-608370212603599960","potions_obtained":[{"floor":7,"key":"GamblersBrew"},{"floor":12,"key":"SteroidPotion"},{"floor":14,"key":"Energy Potion"},{"floor":16,"key":"Block Potion"}],"is_trial":false,"path_per_floor":["M","M","$","M","?","R","E","R","T","R","M","M","?","M","R","B",null,"M","?","M","M","M","R","E"],"character_chosen":"WATCHER","items_purchased":[],"campfire_rested":1,"item_purchase_floors":[],"current_hp_per_floor":[72,50,50,50,50,50,15,36,36,36,38,36,36,29,29,17,72,72,72,58,47,44,44,0,0],"gold":242,"neow_bonus":"THREE_CARDS","is_daily":false,"chose_seed":false,"campfire_upgraded":4,"win_rate":0.0,"timestamp":1608935675,"path_taken":["M","M","$","M","?","R","E","R","T","R","M","M","?","M","R","BOSS","M","?","M","?","M","R","E"],"items_purchased_type":[],"build_version":"2020-12-22","purchased_purges":1,"victory":false,"max_hp_per_floor":[72,72,72,72,72,72,72,72,72,72,72,72,72,72,72,72,72,72,72,72,72,72,72,72,72],"card_choices":[{"not_picked":["EmptyFist","FollowUp"],"picked":"Evaluate","floor":0},{"not_picked":["Evaluate","FearNoEvil"],"picked":"Protect","floor":1},{"not_picked":["ThirdEye","Protect"],"picked":"Vengeance","floor":2},{"not_picked":["BowlingBash","Tantrum"],"picked":"PathToVictory","floor":4},{"not_picked":["Consecrate","SignatureMove"],"picked":"Scrawl+1","floor":7},{"not_picked":["BattleHymn","PathToVictory+1"],"picked":"WindmillStrike","floor":11},{"not_picked":["Sanctity+1","Wallop"],"picked":"Crescendo+1","floor":12},{"not_picked":["FlyingSleeves","ThirdEye+1"],"picked":"EmptyFist","floor":14},{"not_picked":["Brilliance","Scrawl+1"],"picked":"DeusExMachina+1","floor":16},{"not_picked":["JustLucky","Wallop"],"picked":"Swivel+1","floor":18},{"not_picked":["WreathOfFlame+1","JustLucky+1"],"picked":"Evaluate+1","floor":20},{"not_picked":["SashWhip","CarveReality"],"picked":"PathToVictory+1","floor":21},{"not_picked":["Protect+1","Fasting2"],"picked":"EmptyMind+1","floor":22}],"player_experience":237223,"relics_obtained":[{"floor":7,"key":"Toxic Egg 2"},{"floor":9,"key":"Blood Vial"}],"event_choices":[{"cards_removed":["Strike_P"],"damage_healed":0,"gold_gain":0,"player_choice":"Card Removal","damage_taken":0,"max_hp_gain":0,"max_hp_loss":0,"event_name":"The Cleric","floor":5,"gold_loss":50},{"damage_healed":0,"gold_gain":0,"player_choice":"Ignored","damage_taken":0,"max_hp_gain":0,"max_hp_loss":0,"event_name":"Liars Game","floor":13,"gold_loss":0},{"cards_removed":["Protect"],"damage_healed":0,"gold_gain":0,"player_choice":"Purged","damage_taken":0,"max_hp_gain":0,"max_hp_loss":0,"event_name":"Purifier","floor":19,"gold_loss":0}],"is_beta":false,"boss_relics":[{"not_picked":["SlaversCollar","Runic Dome"],"picked":"Astrolabe"}],"items_purged_floors":[3],"is_endless":false,"potions_floor_spawned":[7,12,14,16,18,20,21],"killed_by":"Gremlin Leader","ascension_level":0}}