{"host":"2461dio7vetlq1z3","time":1608894875,"event":{"mods":["2.2 Compatiblity","AchievementEnabler","Aspiration","BaseMod","Better Third Choice","Hermit","Minty Spire (QoL Compilation)","Relic Stats","Spicy Shops","StSLib","The Runesmith","Waifu the Spire"],"gold_per_floor":[110,127,52,72,13,13,47,47,71,82,82,98,116,150,150,224,224,239,239,256,181,181,208,208,208,208],"floor_reached":25,"playtime":1205,"items_purged":[],"score":512,"play_id":"dee59c19-e43d-4898-8f71-c9db0e1057d7","local_time":"20201225121435","is_ascension_mode":true,"campfire_choices":[{"data":"Bane","floor":6,"key":"SMITH"},{"data":"Neutralize","floor":8,"key":"SMITH"},{"data":"Predator","floor":11,"key":"SMITH"},{"floor":15,"key":"REST"}],"circlet_count":0,"master_deck":["AscendersBane","Strike_G+1","Strike_G+1","Strike_G+1","Strike_G+1","Defend_G+1","Defend_G+1","Defend_G+1","Defend_G+1","Survivor","Neutralize+1","Bouncing Flask","Deflect","Predator+1","Bane+1","Dagger Throw","Well Laid Plans","Caltrops","PiercingWail","Dodge and Roll","Burst","Deadly Poison","RitualDagger","Deflect+1"],"relics":["Ring of the Snake","Lantern","Orichalcum","Art of War","aspiration:VileToxins","Coffee Dripper","Pen Nib"],"acts_visited":["Exordium","TheCity"],"potions_floor_usage":[7,14,25],"damage_taken":[{"damage":7,"enemies":"Small Slimes","floor":1,"turns":7},{"damage":0,"enemies":"Jaw Worm","floor":2,"turns":4},{"damage":0,"enemies":"2 Louse","floor":4,"turns":2},{"damage":19,"enemies":"Lagavulin","floor":7,"turns":8},{"damage":4,"enemies":"Looter","floor":10,"turns":4},{"damage":0,"enemies":"Exordium Thugs","floor":12,"turns":3},{"damage":12,"enemies":"Exordium Wildlife","floor":13,"turns":4},{"damage":0,"enemies":"3 Sentries","floor":14,"turns":7},{"damage":20,"enemies":"Slime Boss","floor":16,"turns":11},{"damage":6,"enemies":"2 Thieves","floor":18,"turns":4},{"damage":7,"enemies":"3 Byrds","floor":20,"turns":4},{"damage":10,"enemies":"Book of Stabbing","floor":23,"turns":5},{"damage":28,"enemies":"Gremlin Leader","floor":25,"turns":8}],"seed_played":"-2749218343176095275","potions_obtained":[{"floor":1,"key":"Weak Potion"},{"floor":4,"key":"Block Potion"},{"floor":7,"key":"PowerPotion"},{"floor":13,"key":"EssenceOfSteel"}],"is_trial":false,"path_per_floor":["M","M","?","M","$","R","E","R","T","M","R","M","M","E","R","B",null,"M","?","M","?","?","E","R","E"],"character_chosen":"THE_SILENT","items_purchased":["Bane"],"campfire_rested":1,"item_purchase_floors":[5],"current_hp_per_floor":[52,52,52,52,52,52,33,33,33,29,29,29,17,17,36,16,54,48,42,35,35,35,25,25,0,0],"gold":208,"neow_bonus":"RANDOM_COMMON_RELIC","is_daily":false,"chose_seed":false,"campfire_upgraded":3,"win_rate":0.0,"timestamp":1608894875,"path_taken":["M","M","?","M","$","R","E","R","T","M","R","M","M","E","R","BOSS","M","?","M","?","?","E","R","E"],"items_purchased_type":["Card"],"build_version":"2020-12-22","purchased_purges":0,"victory":false,"max_hp_per_floor":[66,66,66,66,66,66,66,66,66,66,66,66,66,66,66,66,66,66,66,66,66,66,66,66,66,66],"relic_stats":{"counters":[13,71],"Pen Nib":[1],"Art of War":[7],"Orichalcum":[102],"obtain_stats":[{"aspiration:VileToxins":14,"Lantern":0,"Pen Nib":23,"Art of War":9,"Coffee Dripper":17,"Orichalcum":7,"Ring of the Snake":0},{"aspiration:VileToxins":8,"Lantern":0,"Pen Nib":12,"Art of War":4,"Coffee Dripper":9,"Orichalcum":4,"Ring of the Snake":0},{"aspiration:VileToxins":39,"Lantern":0,"Pen Nib":63,"Art of War":21,"Coffee Dripper":50,"Orichalcum":21,"Ring of the Snake":0}],"Ring of the Snake":[26]},"card_choices":[{"not_picked":["Sucker Punch","Calculated Gamble"],"picked":"Bouncing Flask","floor":1},{"not_picked":["Underhanded Strike","Distraction"],"picked":"Deflect","floor":2},{"not_picked":["Catalyst","Backflip"],"picked":"Predator","floor":4},{"not_picked":["Skewer","Prepared"],"picked":"Dagger Throw","floor":7},{"not_picked":["PiercingWail","Calculated Gamble"],"picked":"Well Laid Plans","floor":10},{"not_picked":["Poisoned Stab","Slice"],"picked":"Caltrops","floor":12},{"not_picked":["Outmaneuver","Acrobatics"],"picked":"PiercingWail","floor":13},{"not_picked":["Backflip","Prepared"],"picked":"Dodge and Roll","floor":14},{"not_picked":["Doppelganger","Envenom"],"picked":"Burst","floor":16},{"not_picked":["Quick Slash","Masterful Stab"],"picked":"Deadly Poison","floor":18},{"not_picked":["Backflip","Sucker Punch","Acrobatics"],"picked":"SKIP","floor":20},{"not_picked":["Backflip","Grand Finale"],"picked":"Deflect+1","floor":23}],"player_experience":924200,"relics_obtained":[{"floor":7,"key":"Orichalcum"},{"floor":9,"key":"Art of War"},{"floor":14,"key":"aspiration:VileToxins"},{"floor":23,"key":"Pen Nib"}],"event_choices":[{"cards_removed":["Defend_G"],"damage_healed":0,"gold_gain":0,"player_choice":"Card Removal","damage_taken":0,"max_hp_gain":0,"max_hp_loss":0,"event_name":"The Cleric","floor":3,"gold_loss":75},{"damage_healed":0,"gold_gain":0,"player_choice":"Dagger","damage_taken":6,"max_hp_gain":0,"max_hp_loss":0,"event_name":"betterThird:BetterNest","floor":19,"gold_loss":0,"cards_obtained":["RitualDagger"]},{"cards_removed":["Strike_G"],"damage_healed":0,"gold_gain":0,"player_choice":"Gave Gold","damage_taken":0,"max_hp_gain":0,"max_hp_loss":0,"event_name":"Beggar","floor":21,"gold_loss":75},{"damage_healed":0,"gold_gain":0,"player_choice":"Simplicity","damage_taken":0,"max_hp_gain":0,"max_hp_loss":8,"event_name":"betterThird:BetterWriting","floor":22,"gold_loss":0}],"is_beta":false,"boss_relics":[{"not_picked":["Cursed Key","Runic Dome"],"picked":"Coffee Dripper"}],"items_purged_floors":[],"is_endless":false,"potions_floor_spawned":[1,4,7,12,13],"killed_by":"Gremlin Leader","ascension_level":20}}