{"host":"6to8m083wj0ro91z","time":1608894370,"event":{"mods":["BaseMod","Better Third Choice","BetterRewards","CatGirl Mod","Friendly Minions","Hubris","Mad Scientist","Marisa????????","Minty Spire (QoL Compilation)","Shade Mod","Spicy Shops","StSLib","The Blackbeard","The Death Knight","The Gatherer","The Marked","The Mystic","The Necromancer","The Servant 0.9.4","TheVacant"],"gold_per_floor":[111,111,122,3,22,50,50,75,100,130,130,130,130,141,141,239,239,257,257,34,34,34,63,81,108,133,158,172,182,182,182,182,279,279,292,302,302,316,332,361,361,388,400,447,233,233,233,113,113,113,113,113,35,64,64],"floor_reached":56,"playtime":2838,"items_purged":["theMarked:Strike","theMarked:Strike","theMarked:Strike","theMarked:Defend"],"score":2038,"play_id":"9cf7f91d-1991-4dd1-b684-fc10d51c5215","local_time":"20201225120610","is_ascension_mode":true,"campfire_choices":[{"data":"theMarked:MaelstromOfLightning","floor":7,"key":"SMITH"},{"data":"theMarked:Defend","floor":15,"key":"SMITH"},{"floor":30,"key":"RECALL"},{"data":"theMarked:Defend","floor":32,"key":"SMITH"},{"floor":47,"key":"REST"},{"floor":49,"key":"REST"},{"floor":52,"key":"REST"}],"circlet_count":0,"master_deck":["theMarked:Defend+1","theMarked:SoldierOfQuellstein+1","theMarked:MaelstromOfLightning+1","theMarked:Opportunist+1","theMarked:Aftermath+1","theMarked:SoldierOfQuellstein+1","theMarked:EternalStudent+1","theMarked:Reabsorb+1","theMarked:SwordAndMagic+1","theMarked:Parkour+1","theMarked:ChainLightning+1","theMarked:Levitate+1","Madness+1"],"relics":["theMarked:ArtifactOfAir","Juzu Bracelet","Anchor","Singing Bowl","Bag of Preparation","Membership Card","Thread and Needle","Pear","Toxic Egg 2","theMarked:Gun","hubris:ToyBattleship","hubris:VirtuousBlindfold","ClockworkSouvenir","Tiny Chest","MutagenicStrength","Omamori","Regal Pillow","Happy Flower","Red Mask","Empty Cage","hubris:MysteriousPyramids","MawBank","Gremlin Horn","MealTicket","TheAbacus","Strange Spoon","Centennial Puzzle","Bronze Scales","Bag of Marbles","Bottled Tornado"],"acts_visited":["Exordium","TheCity","TheBeyond","TheEnding"],"potions_floor_usage":[6,6,8,25,38,55,55,55,55,55],"damage_taken":[{"damage":0,"enemies":"2 Louse","floor":1,"turns":3},{"damage":0,"enemies":"Small Slimes","floor":3,"turns":3},{"damage":0,"enemies":"Cultist","floor":5,"turns":3},{"damage":32,"enemies":"Lagavulin","floor":6,"turns":10},{"damage":11,"enemies":"Gremlin Nob","floor":8,"turns":4},{"damage":0,"enemies":"3 Sentries","floor":10,"turns":5},{"damage":0,"enemies":"Large Slime","floor":14,"turns":2},{"damage":0,"enemies":"Slime Boss","floor":16,"turns":6},{"damage":0,"enemies":"Chosen","floor":18,"turns":4},{"damage":0,"enemies":"Book of Stabbing","floor":23,"turns":3},{"damage":0,"enemies":"Shell Parasite","floor":24,"turns":3},{"damage":0,"enemies":"Gremlin Leader","floor":25,"turns":4},{"damage":0,"enemies":"Masked Bandits","floor":27,"turns":2},{"damage":0,"enemies":"Centurion and Healer","floor":28,"turns":3},{"damage":0,"enemies":"3 Cultists","floor":29,"turns":3},{"damage":6,"enemies":"Collector","floor":33,"turns":4},{"damage":0,"enemies":"3 Darklings","floor":35,"turns":3},{"damage":0,"enemies":"Orb Walker","floor":36,"turns":2},{"damage":0,"enemies":"Maw","floor":38,"turns":3},{"damage":6,"enemies":"Writhing Mass","floor":39,"turns":3},{"damage":0,"enemies":"Giant Head","floor":40,"turns":3},{"damage":22,"enemies":"Reptomancer","floor":42,"turns":3},{"damage":0,"enemies":"Giant Head","floor":44,"turns":3},{"damage":0,"enemies":"hubris:GrandSnecko","floor":50,"turns":2},{"damage":0,"enemies":"Shield and Spear","floor":54,"turns":2},{"damage":21,"enemies":"The Heart","floor":55,"turns":3}],"seed_played":"-8335098270737821188","potions_obtained":[{"floor":1,"key":"Block Potion"},{"floor":5,"key":"DuplicationPotion"},{"floor":6,"key":"Fruit Juice"},{"floor":10,"key":"Block Potion"},{"floor":14,"key":"Block Potion"},{"floor":18,"key":"EntropicBrew"},{"floor":28,"key":"SmokeBomb"},{"floor":33,"key":"Block Potion"},{"floor":40,"key":"DuplicationPotion"}],"is_trial":false,"path_per_floor":["M","?","M","$","M","E","R","E","T","E","?","?","?","M","R","B",null,"M","?","$","?","$","E","M","E","T","?","M","M","R","?","R","B",null,"M","M","T","M","M","E","?","E","T","E","$","?","R","$","R","B",null,"R","$","E","B",null],"character_chosen":"THE_DEFAULT","items_purchased":["Juzu Bracelet","Anchor","Trip","Singing Bowl","Bag of Preparation","Membership Card","Thread and Needle","Pear","Regen Potion","ClockworkSouvenir","Tiny Chest","TheAbacus","Strange Spoon","Centennial Puzzle","Bronze Scales","Madness+1","Bag of Marbles"],"campfire_rested":3,"item_purchase_floors":[0,0,0,0,0,0,0,4,4,20,20,45,45,45,48,48,53],"current_hp_per_floor":[28,21,23,33,33,36,36,27,27,29,34,34,34,36,36,36,100,102,102,102,102,102,104,104,106,106,106,108,110,110,110,110,106,112,114,114,114,116,110,112,77,57,57,57,72,72,120,120,120,120,120,120,120,122,101],"gold":64,"neow_bonus":"","is_daily":false,"chose_seed":false,"campfire_upgraded":3,"win_rate":0.0,"timestamp":1608894370,"path_taken":["M","?","M","$","M","E","R","E","T","E","?","?","?","M","R","BOSS","M","?","$","?","$","E","M","E","T","?","M","M","R","?","R","BOSS","M","M","?","M","M","E","?","E","T","E","$","?","R","?","R","BOSS","R","$","E","BOSS"],"items_purchased_type":["Relic","Relic","Card","Relic","Relic","Relic","Relic","Relic","Potion","Relic","Relic","Relic","Relic","Relic","Relic","Card","Relic"],"build_version":"2020-12-22","purchased_purges":4,"victory":true,"max_hp_per_floor":[70,70,72,82,82,89,89,91,91,93,98,98,98,100,100,100,100,102,102,102,102,102,104,104,106,106,106,108,110,110,110,110,112,112,114,114,114,116,116,118,118,120,120,120,120,120,120,120,120,120,120,120,120,122,122],"card_choices":[{"not_picked":["theMarked:ComboAttacks","theMarked:Parkour"],"picked":"theMarked:MaelstromOfLightning","floor":1},{"not_picked":["theMarked:TwofoldDefense","theMarked:Overcharge","theMarked:ShockingTouch"],"picked":"Singing Bowl","floor":3},{"not_picked":["theMarked:EmpowerWeapon","theMarked:MaelstromOfLightning"],"picked":"theMarked:Opportunist","floor":5},{"not_picked":["theMarked:ChainLightning","theMarked:GodGivenPower","theMarked:BanishingWave"],"picked":"Singing Bowl","floor":6},{"not_picked":["theMarked:LightningStrikesTwice","theMarked:RepellingDischarge+1","theMarked:GodGivenPower"],"picked":"Singing Bowl","floor":8},{"not_picked":["theMarked:Defy","theMarked:BanishingWave","theMarked:ElectricStrings"],"picked":"Singing Bowl","floor":10},{"not_picked":["theMarked:Frustration","theMarked:CreepingChasm+1","theMarked:ContemptForTheProud"],"picked":"Singing Bowl","floor":14},{"not_picked":["theMarked:Challenge+1","theMarked:UnarmedFury"],"picked":"theMarked:EternalStudent+1","floor":16},{"not_picked":["theMarked:RepellingDischarge+1","theMarked:GodGivenPower+1","theMarked:ElectricStrings"],"picked":"Singing Bowl","floor":18},{"not_picked":["theMarked:Improvise+1","theMarked:ElectricStrings+1","theMarked:EnhanceMovement+1"],"picked":"Singing Bowl","floor":23},{"not_picked":["theMarked:Static+1","theMarked:ElectricStrings"],"picked":"theMarked:Reabsorb+1","floor":24},{"not_picked":["theMarked:RepellingDischarge+1","theMarked:EnhanceMovement+1","theMarked:WastefulAttack"],"picked":"Singing Bowl","floor":25},{"not_picked":["theMarked:WardOff+1","theMarked:ComboAttacks"],"picked":"theMarked:SwordAndMagic+1","floor":27},{"not_picked":["theMarked:ShockingTouch","theMarked:Overthink+1","theMarked:DeterminationOfTheMarked"],"picked":"Singing Bowl","floor":28},{"not_picked":["theMarked:WardOff+1","theMarked:WastefulAttack+1","theMarked:DispelDoubt"],"picked":"Singing Bowl","floor":29},{"not_picked":["theMarked:DispelDoubt","theMarked:ChannelForce+1","theMarked:Challenge+1"],"picked":"Singing Bowl","floor":33},{"not_picked":["theMarked:Improvise+1","theMarked:SelfDefenseTraining","theMarked:Parkour"],"picked":"Singing Bowl","floor":35},{"not_picked":["theMarked:Panic+1","theMarked:BanishingWave+1"],"picked":"theMarked:Parkour+1","floor":36},{"not_picked":["theMarked:Panic+1","theMarked:Electrocute+1","theMarked:TakeCover+1"],"picked":"Singing Bowl","floor":38},{"not_picked":["theMarked:TwofoldDefense+1","theMarked:MuscleMemory"],"picked":"theMarked:ChainLightning","floor":39},{"not_picked":["theMarked:Parkour","theMarked:MaelstromOfLightning+1","theMarked:Improvise+1"],"picked":"Singing Bowl","floor":40},{"not_picked":["theMarked:Convert+1","theMarked:ResourceFulStrike","theMarked:SwordAndMagic+1"],"picked":"Singing Bowl","floor":42},{"not_picked":["theMarked:Improvise+1","theMarked:Overthink+1"],"picked":"theMarked:Levitate+1","floor":44},{"not_picked":["theMarked:LightningStrikesTwice","theMarked:Parkour","theMarked:ElectricStrings+1"],"picked":"Singing Bowl","floor":54}],"player_experience":1032124,"relics_obtained":[{"floor":6,"key":"Toxic Egg 2"},{"floor":8,"key":"theMarked:Gun"},{"floor":10,"key":"hubris:ToyBattleship"},{"floor":23,"key":"Omamori"},{"floor":25,"key":"Regal Pillow"},{"floor":26,"key":"Happy Flower"},{"floor":27,"key":"Red Mask"},{"floor":37,"key":"hubris:MysteriousPyramids"},{"floor":42,"key":"MawBank"},{"floor":43,"key":"Gremlin Horn"},{"floor":44,"key":"MealTicket"},{"floor":54,"key":"Bottled Tornado"}],"event_choices":[{"cards_removed":["theMarked:Strike"],"damage_healed":0,"gold_gain":0,"player_choice":"Card Removal","damage_taken":7,"max_hp_gain":0,"max_hp_loss":0,"event_name":"Golden Wing","floor":2,"gold_loss":0},{"damage_healed":0,"gold_gain":0,"player_choice":"Donut","damage_taken":0,"max_hp_gain":5,"max_hp_loss":0,"event_name":"Big Fish","floor":11,"gold_loss":0},{"damage_healed":0,"gold_gain":0,"player_choice":"2 cards matched","damage_taken":0,"max_hp_gain":0,"max_hp_loss":0,"event_name":"Match and Keep!","floor":12,"gold_loss":0,"cards_obtained":["theMarked:Aftermath","theMarked:SoldierOfQuellstein"]},{"damage_healed":0,"gold_gain":0,"player_choice":"Ignored","damage_taken":0,"max_hp_gain":0,"max_hp_loss":0,"event_name":"N\u0027loth","floor":19,"gold_loss":0},{"damage_healed":0,"gold_gain":0,"player_choice":"Inject Mutagens","damage_taken":0,"relics_obtained":["MutagenicStrength"],"max_hp_gain":0,"max_hp_loss":0,"event_name":"Drug Dealer","floor":21,"gold_loss":0},{"damage_healed":0,"gold_gain":0,"player_choice":"Fought Bandits","damage_taken":0,"max_hp_gain":0,"max_hp_loss":0,"event_name":"Masked Bandits","floor":27,"gold_loss":0},{"damage_healed":0,"gold_gain":0,"player_choice":"Ignored","damage_taken":0,"max_hp_gain":0,"max_hp_loss":0,"event_name":"Vampires","floor":31,"gold_loss":0},{"cards_removed":["theMarked:Defend"],"damage_healed":0,"gold_gain":0,"player_choice":"Offered Basic","damage_taken":0,"max_hp_gain":0,"max_hp_loss":0,"event_name":"Bonfire Elementals","floor":46,"gold_loss":0}],"is_beta":false,"boss_relics":[{"not_picked":["hubris:Stopwatch","Busted Crown"],"picked":"hubris:VirtuousBlindfold"},{"not_picked":["Velvet Choker","hubris:BlackHole"],"picked":"Empty Cage"}],"items_purged_floors":[0,0,0,20],"is_endless":false,"potions_floor_spawned":[1,5,6,10,14,18,28,33,35,40,42,54],"ascension_level":1}}