{"host":"BK","time":1608881336,"event":{"mods":["BaseMod","Highlight Path","Minty Spire (QoL Compilation)","StSLib"],"gold_per_floor":[116,129,22,41,6,6,39,39,39,52,52,80,80,97,97,174,174,186,203,222,147,165,165,180,180,180,192,192,192],"floor_reached":28,"playtime":1591,"items_purged":["Wild Strike"],"score":464,"play_id":"1a8d8cbf-d000-4f13-bb07-27357a1494fe","local_time":"20201225002856","is_ascension_mode":true,"campfire_choices":[{"data":"Heavy Blade","floor":6,"key":"SMITH"},{"floor":11,"key":"REST"},{"floor":13,"key":"REST"},{"floor":15,"key":"REST"},{"floor":23,"key":"REST"},{"data":"True Grit","floor":25,"key":"SMITH"}],"circlet_count":0,"master_deck":["AscendersBane","Bash","Inflame","Disarm","Swift Strike","Heavy Blade+1","Flame Barrier","Blood for Blood","Immolate","Armaments","Feed","Headbutt","Wild Strike","Demon Form","Ghostly Armor","Rage","Limit Break","Cleave","Limit Break","Iron Wave","True Grit+1"],"relics":["Cursed Key","Omamori","Self Forming Clay","Paper Frog","Pandora\u0027s Box","Turnip"],"acts_visited":["Exordium","TheCity"],"potions_floor_usage":[12,16,28],"damage_taken":[{"damage":0,"enemies":"Small Slimes","floor":1,"turns":2},{"damage":12,"enemies":"Jaw Worm","floor":2,"turns":2},{"damage":15,"enemies":"2 Louse","floor":4,"turns":3},{"damage":21,"enemies":"Lagavulin","floor":7,"turns":5},{"damage":6,"enemies":"2 Fungi Beasts","floor":10,"turns":3},{"damage":12,"enemies":"3 Sentries","floor":12,"turns":6},{"damage":3,"enemies":"Gremlin Gang","floor":14,"turns":3},{"damage":4,"enemies":"The Guardian","floor":16,"turns":9},{"damage":25,"enemies":"Spheric Guardian","floor":18,"turns":6},{"damage":10,"enemies":"Shell Parasite","floor":19,"turns":3},{"damage":16,"enemies":"3 Cultists","floor":20,"turns":4},{"damage":15,"enemies":"Centurion and Healer","floor":22,"turns":5},{"damage":9,"enemies":"Chosen and Byrds","floor":24,"turns":5},{"damage":10,"enemies":"Snecko","floor":27,"turns":3},{"damage":24,"enemies":"Cultist and Chosen","floor":28,"turns":7}],"seed_played":"505324777000052302","potions_obtained":[{"floor":1,"key":"Dexterity Potion"},{"floor":7,"key":"BlessingOfTheForge"},{"floor":14,"key":"EssenceOfSteel"},{"floor":19,"key":"HeartOfIron"}],"is_trial":false,"path_per_floor":["M","M","$","M","?","R","E","?","T","M","R","E","R","M","R","B",null,"M","M","M","$","M","R","M","R","T","M","M"],"character_chosen":"IRONCLAD","items_purchased":["Swift Strike"],"campfire_rested":4,"item_purchase_floors":[3],"current_hp_per_floor":[68,56,56,41,41,41,20,15,15,9,31,19,41,38,60,56,70,45,38,25,25,10,34,28,28,28,18,0,0],"gold":192,"neow_bonus":"BOSS_RELIC","is_daily":false,"chose_seed":false,"campfire_upgraded":2,"win_rate":0.0,"timestamp":1608881336,"path_taken":["M","M","$","M","?","R","E","?","T","M","R","E","R","M","R","BOSS","M","M","M","$","M","R","M","R","T","M","M"],"items_purchased_type":["Card"],"build_version":"2020-12-18","purchased_purges":1,"victory":false,"max_hp_per_floor":[75,75,75,75,75,75,75,75,75,75,75,75,75,75,75,75,75,75,78,81,81,81,81,84,84,84,84,84,84],"card_choices":[{"not_picked":["Dark Embrace","True Grit"],"picked":"Inflame","floor":1},{"not_picked":["True Grit","Havoc"],"picked":"Disarm","floor":2},{"not_picked":["Infernal Blade","Twin Strike"],"picked":"Heavy Blade","floor":4},{"not_picked":["Wild Strike","Feel No Pain"],"picked":"Flame Barrier","floor":7},{"not_picked":["Cleave","Dark Embrace"],"picked":"Blood for Blood","floor":10},{"not_picked":["Shrug It Off","Corruption"],"picked":"Immolate","floor":12},{"not_picked":["Iron Wave","Pommel Strike"],"picked":"Armaments","floor":14},{"not_picked":["Immolate","Exhume"],"picked":"Feed","floor":16},{"not_picked":["Infernal Blade","Flex","Searing Blow"],"picked":"SKIP","floor":18},{"not_picked":["Anger","Infernal Blade"],"picked":"Iron Wave","floor":19},{"not_picked":["Clash","Power Through","Fiend Fire"],"picked":"SKIP","floor":20},{"not_picked":["Iron Wave","True Grit","Power Through"],"picked":"SKIP","floor":22},{"not_picked":["Perfected Strike","Twin Strike"],"picked":"True Grit","floor":24},{"not_picked":["Intimidate","Anger","Fire Breathing"],"picked":"SKIP","floor":27}],"player_experience":2425146,"relics_obtained":[{"floor":7,"key":"Omamori"},{"floor":9,"key":"Self Forming Clay"},{"floor":12,"key":"Paper Frog"},{"floor":26,"key":"Turnip"}],"event_choices":[{"damage_healed":0,"gold_gain":0,"player_choice":"Left Gold","damage_taken":0,"max_hp_gain":0,"max_hp_loss":0,"event_name":"World of Goop","floor":5,"gold_loss":35},{"damage_healed":0,"gold_gain":0,"player_choice":"Fled","damage_taken":5,"max_hp_gain":0,"max_hp_loss":0,"event_name":"Scrap Ooze","floor":8,"gold_loss":0}],"is_beta":true,"boss_relics":[{"not_picked":["Snecko Eye","Tiny House"],"picked":"Pandora\u0027s Box"}],"items_purged_floors":[21],"is_endless":false,"potions_floor_spawned":[1,7,10,14,19,20,24],"killed_by":"Cultist and Chosen","ascension_level":20}}