{"host":"no0bdlpxzp7bzzks","time":1608856337,"event":{"mods":["BaseMod","Better Match","Block Reminder","Colored Map","Curses Come First","DeckTracker","Downfall","Duelist Mod","Filter the Spire","Highlight Path","Jorbs\u0027s Wanderer Trilogy","Key Reminder","Mad Scientist","Minty Spire (QoL Compilation)","Permanent Neow","Relic Sorter","Relic Stats","StSLib","The Construct"],"gold_per_floor":[99,109,160,610,620,639,639,489,514,614,269,289,321,337,353,451,451,376,28,40,56,75,75,99,99,99,99,99,99,99],"floor_reached":29,"playtime":4380,"items_purged":["Slimebound:Icky","Slimebound:Icky"],"score":258,"play_id":"30ca8ee7-94da-4b2b-80bb-1fc00dc2b25d","local_time":"20201224183217","is_ascension_mode":false,"campfire_choices":[{"floor":1.0,"key":"RECALL"},{"data":"sneckomod:SnekBite","floor":8.0,"key":"SMITH"},{"data":"expansioncontent:QuickStudy","floor":18.0,"key":"SMITH"},{"data":"sneckomod:Unknown3Cost","floor":23,"key":"SMITH"},{"data":"sneckomod:Nope","floor":26,"key":"SMITH"},{"data":"sneckomod:UnknownRareSkill","floor":28,"key":"SMITH"}],"circlet_count":0,"master_deck":["sneckomod:Strike","sneckomod:Strike","sneckomod:Strike","sneckomod:Defend","sneckomod:Defend","sneckomod:Defend","sneckomod:TailWhip","sneckomod:SnekBite+1","sneckomod:Unknown","sneckomod:Unknown","sneckomod:UnlimitedRolls","sneckomod:SoulDraw","Slimebound:Icky","sneckomod:SoulCleanse","sneckomod:QuickMove","sneckomod:UnknownRareSkill","sneckomod:CheapStock","expansioncontent:QuickStudy+1","sneckomod:UnknownRareSkill+1","sneckomod:WideSting+1","sneckomod:UnknownEthereal","sneckomod:Unknown3Cost+1","sneckomod:UnknownCommonAttack+1","expansioncontent:DashGenerateEvil+1","sneckomod:UnknownCommonAttack+1","sneckomod:Unknown0Cost","sneckomod:Nope+1","sneckomod:UnknownCommonAttack+1","sneckomod:UnknownStrike+1","Shame"],"relics":["sneckomod:SneckoSoul","Shuriken","downfall:HeartBlessingRed","downfall:HeartBlessingBlue","Molten Egg 2","Mummified Hand","Black Star","downfall:HeartBlessingGreen","Membership Card","Potion Belt","Darkstone Periapt"],"acts_visited":["Exordium","TheCity"],"potions_floor_usage":[29],"damage_taken":[{"damage":0.0,"enemies":"Cultist","floor":2.0,"turns":2.0},{"damage":0.0,"enemies":"Small Slimes","floor":5.0,"turns":3.0},{"damage":10.0,"enemies":"2 Louse","floor":6.0,"turns":3.0},{"damage":12.0,"enemies":"Lagavulin","floor":9.0,"turns":10.0},{"damage":5.0,"enemies":"downfall:FleeingMerchant","floor":11.0,"turns":4.0},{"damage":18.0,"enemies":"Blue Slaver","floor":12.0,"turns":5.0},{"damage":23.0,"enemies":"3 Sentries","floor":13.0,"turns":7.0},{"damage":0.0,"enemies":"3 Louse","floor":14.0,"turns":3.0},{"damage":8.0,"enemies":"Red Slaver","floor":15.0,"turns":3.0},{"damage":30.0,"enemies":"downfall:Watcher","floor":16.0,"turns":10.0},{"damage":0,"enemies":"downfall:FleeingMerchant","floor":19,"turns":4},{"damage":0,"enemies":"Spheric Guardian","floor":20,"turns":1},{"damage":33,"enemies":"Shell Parasite","floor":21,"turns":6},{"damage":34,"enemies":"Snake Plant","floor":22,"turns":6},{"damage":49,"enemies":"theDuelist:KaibaA2","floor":29,"turns":5}],"seed_played":"-7356859705004329241","potions_obtained":[{"floor":2.0,"key":"Swift Potion"},{"floor":6.0,"key":"Guardian:BlockOnCardUsePotion"},{"floor":13.0,"key":"sneckomod:CheatPotion"},{"floor":15.0,"key":"champ:CounterPotion"},{"floor":22,"key":"LiquidBronze"},{"floor":25,"key":"CultistPotion"}],"is_trial":false,"path_per_floor":["R","M","T","?","M","M","T","R","E","?","$","M","E","M","M","B",null,"R","$","M","M","M","R","T","?","R","?","R","E"],"character_chosen":"THE_SNECKO","items_purchased":["sneckomod:CheapStock","expansioncontent:QuickStudy","Membership Card","expansioncontent:DashGenerateEvil+1","sneckomod:UnknownCommonAttack+1","sneckomod:Unknown0Cost"],"campfire_rested":0,"item_purchase_floors":[11,11,19,19,19,19],"current_hp_per_floor":[90,90,90,90,90,82,82,92,81,81,76,58,36,38,31,2,104,104,107,107,75,42,42,42,42,42,48,48,0,0],"gold":99,"neow_bonus":"ONE_RANDOM_RARE_CARD","is_daily":false,"chose_seed":false,"campfire_upgraded":5,"win_rate":0.0,"timestamp":1608856337,"path_taken":["R","M","?","?","M","M","T","R","E","?","$","M","E","M","M","BOSS","R","$","M","M","M","R","T","?","R","?","R","E"],"items_purchased_type":["Card","Card","Relic","Card","Card","Card"],"build_version":"2020-12-22","purchased_purges":2,"victory":false,"max_hp_per_floor":[90,90,90,90,90,90,90,100,101,101,101,101,102,102,103,104,104,104,107,107,108,109,109,109,109,109,115,115,115,115],"relic_stats":{"Darkstone Periapt":6,"counters":[15,72],"Shuriken":[7],"Mummified Hand":[24],"Black Star":0,"obtain_stats":[{"keyreminder:keyreminder":1,"Potion Belt":24,"Darkstone Periapt":27,"downfall:HeartBlessingRed":8,"Shuriken":7,"downfall:HeartBlessingBlue":8,"Mummified Hand":13,"Molten Egg 2":9,"downfall:HeartBlessingGreen":18,"Black Star":17,"Membership Card":19,"sneckomod:SneckoSoul":0},{"keyreminder:keyreminder":0,"Potion Belt":14,"Darkstone Periapt":14,"downfall:HeartBlessingRed":3,"Shuriken":3,"downfall:HeartBlessingBlue":3,"Mummified Hand":7,"Molten Egg 2":4,"downfall:HeartBlessingGreen":10,"Black Star":10,"Membership Card":11,"sneckomod:SneckoSoul":0},{"keyreminder:keyreminder":0,"Potion Belt":67,"Darkstone Periapt":67,"downfall:HeartBlessingRed":8,"Shuriken":8,"downfall:HeartBlessingBlue":8,"Mummified Hand":34,"Molten Egg 2":18,"downfall:HeartBlessingGreen":50,"Black Star":50,"Membership Card":54,"sneckomod:SneckoSoul":0}]},"card_choices":[{"not_picked":["sneckomod:SlitherStrike","sneckomod:ImprovisedAttack"],"picked":"sneckomod:SoulDraw","floor":2.0},{"not_picked":["sneckomod:UnknownCommonSkill","sneckomod:UnknownUncommonAttack"],"picked":"sneckomod:SoulCleanse","floor":5.0},{"not_picked":["sneckomod:RainOfDice","sneckomod:UnknownVulnerable"],"picked":"sneckomod:QuickMove","floor":6.0},{"not_picked":["sneckomod:WideSting+1","sneckomod:DiceCrush+1"],"picked":"sneckomod:UnknownRareSkill","floor":9.0},{"not_picked":["sneckomod:UnknownBlock","sneckomod:UnknownClassDUELIST","sneckomod:UnknownClassDUELIST_MONSTERS"],"picked":"SKIP","floor":11.0},{"not_picked":["sneckomod:DiceBlock","sneckomod:QuickMove","sneckomod:UnknownClassHEXA_GHOST_PURPLE"],"picked":"SKIP","floor":12.0},{"not_picked":["sneckomod:CheapStock","sneckomod:UnknownClassMAD_SCIENCE"],"picked":"sneckomod:UnknownRareSkill","floor":13.0},{"not_picked":["sneckomod:QuickMove","sneckomod:UnknownWeak"],"picked":"sneckomod:WideSting+1","floor":14.0},{"not_picked":["sneckomod:UnknownBlock","sneckomod:UnknownWeak"],"picked":"sneckomod:UnknownEthereal","floor":15.0},{"not_picked":["sneckomod:SoulExchange","sneckomod:UnlimitedRolls"],"picked":"sneckomod:Unknown3Cost","floor":16.0},{"not_picked":["sneckomod:SoulDraw","sneckomod:SoulRoll"],"picked":"sneckomod:UnknownCommonAttack+1","floor":19},{"not_picked":["sneckomod:UnknownClassPURPLE","sneckomod:UnknownCommonAttack+1"],"picked":"sneckomod:Nope","floor":20},{"not_picked":["sneckomod:RainOfDice+1","sneckomod:UnknownClassMAD_SCIENCE"],"picked":"sneckomod:UnknownCommonAttack+1","floor":21},{"not_picked":["sneckomod:UnknownCommonSkill+1","sneckomod:SoulCleanse"],"picked":"sneckomod:UnknownStrike+1","floor":22}],"player_experience":200019,"relics_obtained":[{"floor":7.0,"key":"Shuriken"},{"floor":9.0,"key":"Molten Egg 2"},{"floor":13.0,"key":"Mummified Hand"},{"floor":24,"key":"Potion Belt"}],"event_choices":[{"damage_healed":0,"gold_gain":0,"player_choice":"Stole Relic","damage_taken":0,"relics_obtained":["Darkstone Periapt"],"max_hp_gain":0,"max_hp_loss":0,"event_name":"Addict","floor":27,"gold_loss":0,"cards_obtained":["Shame"]}],"is_beta":false,"boss_relics":[{"not_picked":["sneckomod:SuperSneckoSoul","Runic Dome"],"picked":"Black Star"}],"items_purged_floors":[11,19],"is_endless":false,"potions_floor_spawned":[2,6,13,15,22],"killed_by":"theDuelist:KaibaA2","ascension_level":0}}