{"host":"bg8va46pgqgvtzim","time":1608890918,"event":{"mods":["BaseMod","Minty Spire (QoL Compilation)","Quick Restart","StSLib","SuperFastMode"],"gold_per_floor":[109,109,119,139,214,214,88,88,134,165,165,191,191,191,191,289,289,301,48,66,85,117,117,149,149,149,184,201,211,211,211,211,316,316,336,236,247,122,138,138,171,271,319,351,361,373,389,431,431,431,431,431,52,81,81],"floor_reached":56,"playtime":1735,"items_purged":["Pain","Phantasmal Killer","Phantasmal Killer","Sucker Punch+1"],"score":1698,"play_id":"3e65ea1e-9c45-452e-871c-cc2d30e5062e","local_time":"20201225180838","is_ascension_mode":true,"campfire_choices":[{"data":"Flechettes","floor":6.0,"key":"SMITH"},{"data":"Neutralize","floor":8.0,"key":"SMITH"},{"data":"Accuracy","floor":11.0,"key":"SMITH"},{"data":"Acrobatics","floor":13.0,"key":"SMITH"},{"floor":15.0,"key":"RECALL"},{"data":"Prepared","floor":23,"key":"SMITH"},{"data":"Tactician","floor":25,"key":"SMITH"},{"data":"Calculated Gamble","floor":32,"key":"SMITH"},{"data":"Adrenaline","floor":40,"key":"SMITH"},{"data":"Deflect","floor":49,"key":"SMITH"},{"data":"After Image","floor":52,"key":"SMITH"}],"circlet_count":0,"master_deck":["Survivor","Neutralize+1","Infinite Blades","Backflip+1","Flechettes+1","Acrobatics+1","Accuracy+1","Caltrops","Cloak And Dagger","Deadly Poison","Deflect+1","Accuracy","Choke+1","Tactician+1","Adrenaline+1","Acrobatics+1","Prepared+1","After Image+1","Calculated Gamble+1","After Image","Reflex+1","Adrenaline+1","Prepared+1","Purity+1"],"relics":["Runic Dome","WarpedTongs","Pen Nib","Molten Egg 2","The Specimen","Pandora\u0027s Box","Sundial","Red Mask","InkBottle","Nunchaku","CultistMask","Coffee Dripper","Toxic Egg 2","Bag of Preparation","Ninja Scroll","CeramicFish","OrangePellets","HornCleat"],"acts_visited":["Exordium","TheCity","TheBeyond","TheEnding"],"potions_floor_usage":[55,55,55],"damage_taken":[{"damage":8.0,"enemies":"2 Louse","floor":1.0,"turns":3.0},{"damage":1.0,"enemies":"Cultist","floor":3.0,"turns":4.0},{"damage":2.0,"enemies":"Jaw Worm","floor":4.0,"turns":3.0},{"damage":0.0,"enemies":"Lagavulin","floor":10.0,"turns":6.0},{"damage":11.0,"enemies":"3 Sentries","floor":12.0,"turns":6.0},{"damage":0.0,"enemies":"Hexaghost","floor":16.0,"turns":9.0},{"damage":0.0,"enemies":"2 Thieves","floor":18.0,"turns":2.0},{"damage":0,"enemies":"Spheric Guardian","floor":20,"turns":3},{"damage":11,"enemies":"Snecko","floor":21,"turns":3},{"damage":0,"enemies":"Masked Bandits","floor":22,"turns":3},{"damage":15,"enemies":"Gremlin Leader","floor":24,"turns":5},{"damage":9,"enemies":"Book of Stabbing","floor":27,"turns":4},{"damage":0,"enemies":"Shelled Parasite and Fungi","floor":28,"turns":3},{"damage":2,"enemies":"Cultist and Chosen","floor":29,"turns":2},{"damage":0,"enemies":"Collector","floor":33,"turns":1},{"damage":0,"enemies":"Orb Walker","floor":35,"turns":2},{"damage":0,"enemies":"3 Shapes","floor":37,"turns":1},{"damage":0,"enemies":"Jaw Worm Horde","floor":39,"turns":1},{"damage":0,"enemies":"Reptomancer","floor":41,"turns":1},{"damage":0,"enemies":"Giant Head","floor":44,"turns":1},{"damage":0,"enemies":"Transient","floor":45,"turns":1},{"damage":0,"enemies":"Writhing Mass","floor":46,"turns":1},{"damage":0,"enemies":"3 Darklings","floor":47,"turns":1},{"damage":0,"enemies":"Reptomancer","floor":48,"turns":1},{"damage":0,"enemies":"Awakened One","floor":50,"turns":2},{"damage":0,"enemies":"Shield and Spear","floor":54,"turns":1},{"damage":0,"enemies":"The Heart","floor":55,"turns":3}],"seed_played":"-670256845227386605","potions_obtained":[{"floor":3.0,"key":"SkillPotion"},{"floor":12.0,"key":"GamblersBrew"},{"floor":16.0,"key":"ColorlessPotion"},{"floor":18.0,"key":"Ancient Potion"},{"floor":20,"key":"GamblersBrew"},{"floor":28,"key":"EssenceOfSteel"},{"floor":29,"key":"Regen Potion"},{"floor":33,"key":"LiquidMemories"}],"is_trial":false,"path_per_floor":["M","?","M","M","?","R","$","R","T","E","R","E","R","?","R","B",null,"M","$","M","M","?","R","E","R","T","E","M","M","?","?","R","B",null,"M","$","M","$","M","R","E","?","T","E","M","M","M","E","R","B",null,"R","$","E","B",null],"character_chosen":"THE_SILENT","items_purchased":["Acrobatics","Sundial","OrangePellets","Purity+1"],"campfire_rested":0,"item_purchase_floors":[7,19,53,53],"current_hp_per_floor":[62,62,61,59,48,48,48,48,48,48,48,37,37,37,37,37,70,70,70,70,59,59,59,44,44,44,35,35,33,20,20,20,20,75,75,75,75,75,75,75,75,75,75,75,75,75,75,75,75,75,75,75,75,75,75],"gold":81,"neow_bonus":"BOSS_RELIC","is_daily":false,"chose_seed":false,"campfire_upgraded":10,"win_rate":0.0,"timestamp":1608890918,"path_taken":["M","?","?","M","?","R","$","R","T","E","R","E","R","?","R","BOSS","M","$","?","?","?","R","E","R","T","E","M","M","?","?","R","BOSS","M","?","?","$","?","R","E","?","T","E","M","?","M","E","R","BOSS","R","$","E","BOSS"],"items_purchased_type":["Card","Relic","Relic","Card"],"build_version":"2020-12-22","purchased_purges":4,"victory":true,"max_hp_per_floor":[70,70,70,70,70,70,70,70,70,70,70,70,70,70,70,70,70,70,70,70,70,70,70,70,70,70,70,70,70,75,75,75,75,75,75,75,75,75,75,75,75,75,75,75,75,75,75,75,75,75,75,75,75,75,75],"card_choices":[{"not_picked":["Poisoned Stab","Leg Sweep"],"picked":"Infinite Blades","floor":1.0},{"not_picked":["Quick Slash","Leg Sweep"],"picked":"Backflip","floor":3.0},{"not_picked":["Quick Slash","Caltrops"],"picked":"Flechettes","floor":4.0},{"not_picked":["Blade Dance","Quick Slash+1"],"picked":"Accuracy","floor":10.0},{"not_picked":["Bouncing Flask","Endless Agony+1","Outmaneuver"],"picked":"SKIP","floor":12.0},{"not_picked":["Wraith Form v2","Storm of Steel"],"picked":"Phantasmal Killer","floor":16.0},{"not_picked":["Riddle With Holes+1","Flying Knee+1","Bane+1"],"picked":"SKIP","floor":18.0},{"not_picked":["PiercingWail+1","All Out Attack+1","Dagger Throw+1"],"picked":"SKIP","floor":20},{"not_picked":["Outmaneuver","Tactician+1"],"picked":"Acrobatics+1","floor":21},{"not_picked":["Blade Dance","Blur"],"picked":"Prepared","floor":22},{"not_picked":["Skewer+1","Sucker Punch+1"],"picked":"After Image","floor":24},{"not_picked":["Underhanded Strike+1","Distraction","Flying Knee+1"],"picked":"SKIP","floor":27},{"not_picked":["Distraction","PiercingWail+1","Sucker Punch+1"],"picked":"SKIP","floor":28},{"not_picked":["Dash+1","Underhanded Strike+1"],"picked":"Calculated Gamble","floor":29},{"not_picked":["Corpse Explosion","Bullet Time"],"picked":"After Image","floor":33},{"not_picked":["Expertise","Blur"],"picked":"Reflex+1","floor":35},{"not_picked":["Deflect","Slice+1","Cloak And Dagger"],"picked":"SKIP","floor":37},{"not_picked":["Flying Knee+1","Deflect+1","Outmaneuver+1"],"picked":"SKIP","floor":39},{"not_picked":["Backflip+1","PiercingWail+1"],"picked":"Adrenaline+1","floor":41},{"not_picked":["Bane+1","Heel Hook+1","Backflip+1"],"picked":"SKIP","floor":44},{"not_picked":["Dagger Spray+1","Deadly Poison+1","Riddle With Holes+1"],"picked":"SKIP","floor":45},{"not_picked":["Dagger Throw+1","PiercingWail+1","Quick Slash+1"],"picked":"SKIP","floor":46},{"not_picked":["Quick Slash+1","Dagger Throw+1","Footwork"],"picked":"SKIP","floor":47},{"not_picked":["Endless Agony+1","Choke+1"],"picked":"Prepared+1","floor":48},{"not_picked":["Accuracy","Poisoned Stab+1","Underhanded Strike+1"],"picked":"SKIP","floor":54}],"player_experience":2154040,"relics_obtained":[{"floor":9.0,"key":"Pen Nib"},{"floor":10.0,"key":"Molten Egg 2"},{"floor":12.0,"key":"The Specimen"},{"floor":22,"key":"Red Mask"},{"floor":24,"key":"InkBottle"},{"floor":27,"key":"Nunchaku"},{"floor":41,"key":"Toxic Egg 2"},{"floor":43,"key":"Bag of Preparation"},{"floor":44,"key":"Ninja Scroll"},{"floor":48,"key":"CeramicFish"},{"floor":54,"key":"HornCleat"}],"event_choices":[{"damage_healed":0.0,"max_hp_gain":0.0,"max_hp_loss":0.0,"gold_gain":0.0,"event_name":"Accursed Blacksmith","player_choice":"Rummage","floor":2.0,"gold_loss":0.0,"damage_taken":0.0,"relics_obtained":["WarpedTongs"],"cards_obtained":["Pain"]},{"damage_healed":0.0,"max_hp_gain":0.0,"max_hp_loss":0.0,"gold_gain":75.0,"event_name":"World of Goop","player_choice":"Gather Gold","floor":5.0,"gold_loss":0.0,"damage_taken":11.0},{"damage_healed":0.0,"max_hp_gain":0.0,"max_hp_loss":0.0,"gold_gain":0.0,"event_name":"Upgrade Shrine","player_choice":"Upgraded","floor":14.0,"gold_loss":0.0,"damage_taken":0.0,"cards_upgraded":["Backflip"]},{"damage_healed":0,"gold_gain":0,"player_choice":"Fought Bandits","damage_taken":0,"max_hp_gain":0,"max_hp_loss":0,"event_name":"Masked Bandits","floor":22,"gold_loss":0},{"damage_healed":0,"gold_gain":0,"player_choice":"Shed Blood","damage_taken":18,"max_hp_gain":5,"max_hp_loss":0,"event_name":"Forgotten Altar","floor":30,"gold_loss":0},{"damage_healed":0,"gold_gain":0,"player_choice":"Trade","damage_taken":0,"relics_obtained":["CultistMask"],"max_hp_gain":0,"max_hp_loss":0,"event_name":"FaceTrader","floor":31,"gold_loss":0},{"damage_healed":0,"gold_gain":100,"player_choice":"Pray","damage_taken":0,"max_hp_gain":0,"max_hp_loss":0,"event_name":"Golden Shrine","floor":42,"gold_loss":0}],"is_beta":false,"boss_relics":[{"not_picked":["Busted Crown","Astrolabe"],"picked":"Pandora\u0027s Box"},{"not_picked":["WristBlade","Calling Bell"],"picked":"Coffee Dripper"}],"items_purged_floors":[7,36,38,53],"is_endless":false,"potions_floor_spawned":[3,12,16,18,20,28,29,33,39,41,44,46],"ascension_level":1}}