{"host":"y76clbnovzmw9ubx","time":1608900268,"event":{"mods":["AchievementEnabler","BaseMod","Minty Spire (QoL Compilation)","Permanent Neow","Relic Stats"],"gold_per_floor":[119,119,137,152,171,200,220,255,327,327,358,358,358,368,368,441,441,454,474,474,474],"floor_reached":20,"playtime":1186,"items_purged":[],"score":392,"play_id":"0b447570-9565-4d29-a391-af3537a3e138","local_time":"20201225074428","is_ascension_mode":true,"campfire_choices":[{"floor":10,"key":"REST"},{"floor":12,"key":"REST"},{"floor":15,"key":"RECALL"}],"circlet_count":0,"master_deck":["AscendersBane","Strike_R","Strike_R","Strike_R","Strike_R","Defend_R","Defend_R","Defend_R","Defend_R","Bash","Inflame","Burning Pact","Inflame","Uppercut","Limit Break","Power Through","Double Tap","Sword Boomerang+1"],"relics":["Fusion Hammer","InkBottle","Molten Egg 2","Eternal Feather","Bird Faced Urn","Runic Dome"],"acts_visited":["Exordium","TheCity"],"potions_floor_usage":[6,8,19],"damage_taken":[{"damage":7,"enemies":"Small Slimes","floor":1,"turns":4},{"damage":1,"enemies":"Cultist","floor":3,"turns":3},{"damage":7,"enemies":"Jaw Worm","floor":4,"turns":3},{"damage":4,"enemies":"Looter","floor":5,"turns":3},{"damage":8,"enemies":"Gremlin Nob","floor":6,"turns":3},{"damage":8,"enemies":"3 Louse","floor":7,"turns":4},{"damage":5,"enemies":"Lagavulin","floor":8,"turns":7},{"damage":30,"enemies":"3 Sentries","floor":11,"turns":9},{"damage":10,"enemies":"Blue Slaver","floor":14,"turns":4},{"damage":49,"enemies":"The Guardian","floor":16,"turns":11},{"damage":13,"enemies":"Shell Parasite","floor":18,"turns":5},{"damage":24,"enemies":"Spheric Guardian","floor":19,"turns":5},{"damage":36,"enemies":"Chosen and Byrds","floor":20,"turns":3}],"seed_played":"2911532531080808719","potions_obtained":[{"floor":1,"key":"Swift Potion"},{"floor":7,"key":"SpeedPotion"},{"floor":11,"key":"DistilledChaos"},{"floor":14,"key":"Dexterity Potion"},{"floor":19,"key":"FearPotion"}],"is_trial":false,"path_per_floor":["M","?","M","M","M","E","M","E","T","R","E","R","?","M","R","B",null,"M","M","M"],"character_chosen":"IRONCLAD","items_purchased":[],"campfire_rested":2,"item_purchase_floors":[],"current_hp_per_floor":[61,61,60,53,49,41,33,28,28,59,29,60,53,47,56,11,59,50,30,0,0],"gold":474,"neow_bonus":"BOSS_RELIC","is_daily":false,"chose_seed":false,"campfire_upgraded":0,"win_rate":0.0,"timestamp":1608900268,"path_taken":["M","?","M","M","?","E","M","E","T","R","E","R","?","M","R","BOSS","M","M","M"],"items_purchased_type":[],"build_version":"2020-12-22","purchased_purges":0,"victory":false,"max_hp_per_floor":[75,75,75,75,75,75,75,75,75,75,75,75,75,75,75,75,75,75,75,75,75],"relic_stats":{"counters":[13,64],"Bird Faced Urn":[20],"Eternal Feather":27,"obtain_stats":[{"Runic Dome":17,"Bird Faced Urn":11,"Molten Egg 2":8,"Eternal Feather":9,"Fusion Hammer":0,"Burning Blood":0,"InkBottle":6},{"Runic Dome":10,"Bird Faced Urn":8,"Molten Egg 2":7,"Eternal Feather":7,"Fusion Hammer":0,"Burning Blood":0,"InkBottle":5},{"Runic Dome":51,"Bird Faced Urn":36,"Molten Egg 2":27,"Eternal Feather":27,"Fusion Hammer":0,"Burning Blood":0,"InkBottle":16}],"InkBottle":[15]},"card_choices":[{"not_picked":["True Grit","Perfected Strike"],"picked":"Inflame","floor":1},{"not_picked":["Wild Strike","Pommel Strike"],"picked":"Inflame","floor":3},{"not_picked":["Warcry","Anger"],"picked":"Uppercut","floor":4},{"not_picked":["Sever Soul","Entrench","Dark Embrace"],"picked":"SKIP","floor":5},{"not_picked":["Metallicize","Iron Wave","Flex"],"picked":"SKIP","floor":6},{"not_picked":["Hemokinesis","Intimidate","Clash"],"picked":"SKIP","floor":7},{"not_picked":["Battle Trance","Barricade"],"picked":"Limit Break","floor":8},{"not_picked":["Clash+1","Anger+1","Perfected Strike+1"],"picked":"SKIP","floor":11},{"not_picked":["Entrench","Sentinel"],"picked":"Power Through","floor":14},{"not_picked":["Demon Form","Impervious"],"picked":"Double Tap","floor":16},{"not_picked":["Bloodletting","Perfected Strike+1","Armaments"],"picked":"SKIP","floor":18},{"not_picked":["Iron Wave+1","Body Slam+1"],"picked":"Sword Boomerang+1","floor":19}],"player_experience":2973274,"relics_obtained":[{"floor":6,"key":"InkBottle"},{"floor":8,"key":"Molten Egg 2"},{"floor":9,"key":"Eternal Feather"},{"floor":11,"key":"Bird Faced Urn"}],"event_choices":[{"damage_healed":0,"gold_gain":0,"player_choice":"1 cards matched","damage_taken":0,"max_hp_gain":0,"max_hp_loss":0,"event_name":"Match and Keep!","floor":2,"gold_loss":0,"cards_obtained":["Burning Pact"]},{"cards_removed":["Strike_R"],"damage_healed":0,"gold_gain":0,"player_choice":"Card Removal","damage_taken":7,"max_hp_gain":0,"max_hp_loss":0,"event_name":"Golden Wing","floor":13,"gold_loss":0}],"is_beta":false,"boss_relics":[{"not_picked":["Busted Crown","Philosopher\u0027s Stone"],"picked":"Runic Dome"}],"items_purged_floors":[],"is_endless":false,"potions_floor_spawned":[1,7,11,14,19],"killed_by":"Chosen and Byrds","ascension_level":20}}