{"host":"rnys9sj607vajavv","time":1608871617,"event":{"mods":["BaseMod","Colored Map","Downfall","Minty Spire (QoL Compilation)","StSLib"],"gold_per_floor":[99,112,412,175,175,192,219,28,28,59,59,70,70,89,108,206,206,131,142,161,177,277,302,302,31,31,51,81,81,81,107,124,124,124,124],"floor_reached":33,"playtime":2602,"items_purged":["Slimebound:Icky","Slimebound:Icky"],"score":341,"play_id":"de6a075f-727a-49bb-b8f4-f89c7d26188b","local_time":"20201224204657","is_ascension_mode":true,"campfire_choices":[{"data":"champ:DancingMaster","floor":1,"key":"SMITH"},{"data":"champ:IronFortress","floor":9,"key":"SMITH"},{"data":"champ:StanceDance","floor":11,"key":"SMITH"},{"data":"champ:StanceDance","floor":13,"key":"SMITH"},{"data":"champ:StanceDance","floor":18,"key":"SMITH"},{"data":"champ:Backstep","floor":26,"key":"SMITH"},{"floor":30,"key":"REST"}],"circlet_count":0,"master_deck":["champ:Strike","champ:Strike","champ:Strike","champ:Defend","champ:Defend","champ:Defend","champ:Defend","champ:Execute","champ:Taunt","champ:DancingMaster+1","champ:Balance","champ:StanceDance+1","champ:SkillfulDodge","champ:StanceDance+1","champ:IronFortress+1","champ:StanceDance+1","champ:ShieldThrow","champ:Backstep+1","champ:FlashCut","champ:DefensiveShout+1"],"relics":["champ:ChampionCrown","Omamori","Blood Vial","Guardian:PocketSentry","SacredBark","downfall:HeartBlessingGreen","Dream Catcher","Du-Vu Doll","Bottled Tornado","Art of War","Ancient Tea Set"],"acts_visited":["Exordium","TheCity"],"potions_floor_usage":[10,16,28,28,28,32],"damage_taken":[{"damage":10,"enemies":"Small Slimes","floor":2,"turns":5},{"damage":5,"enemies":"downfall:FleeingMerchant","floor":4,"turns":4},{"damage":8,"enemies":"Jaw Worm","floor":6,"turns":5},{"damage":13,"enemies":"downfall:FleeingMerchant","floor":8,"turns":4},{"damage":34,"enemies":"3 Sentries","floor":10,"turns":15},{"damage":5,"enemies":"Cultist","floor":12,"turns":3},{"damage":35,"enemies":"Gremlin Gang","floor":14,"turns":4},{"damage":8,"enemies":"2 Fungi Beasts","floor":15,"turns":4},{"damage":43,"enemies":"downfall:Silent","floor":16,"turns":7},{"damage":25,"enemies":"Shell Parasite","floor":19,"turns":5},{"damage":8,"enemies":"3 Byrds","floor":20,"turns":5},{"damage":44,"enemies":"Cultist and Chosen","floor":21,"turns":10},{"damage":28,"enemies":"Slavers","floor":23,"turns":7},{"damage":10,"enemies":"downfall:FleeingMerchant","floor":25,"turns":4},{"damage":28,"enemies":"Centurion and Healer","floor":27,"turns":7},{"damage":23,"enemies":"Book of Stabbing","floor":28,"turns":4},{"damage":30,"enemies":"Sentry and Sphere","floor":32,"turns":6},{"damage":21,"enemies":"downfall:Ironclad","floor":33,"turns":5}],"seed_played":"-1770706641581378893","potions_obtained":[{"floor":2,"key":"champ:OpenerPotion"},{"floor":12,"key":"ColorlessPotion"},{"floor":16,"key":"GamblersBrew"},{"floor":19,"key":"DuplicationPotion"},{"floor":20,"key":"SkillPotion"},{"floor":28,"key":"Explosive Potion"}],"is_trial":false,"path_per_floor":["R","M","?","$","?","M","T","$","R","E","R","M","R","M","M","B",null,"R","M","M","M","?","E","T","$","R","M","E","?","R","T","M","B"],"character_chosen":"THE_CHAMP","items_purchased":["Omamori","champ:IronFortress","Bottled Tornado"],"campfire_rested":1,"item_purchase_floors":[4,8,25],"current_hp_per_floor":[90,85,85,85,85,82,82,84,84,57,57,59,59,34,36,26,90,90,76,78,47,47,29,29,29,29,11,13,13,40,40,18,0,0,0],"gold":124,"neow_bonus":"ONE_RANDOM_RARE_CARD","is_daily":false,"chose_seed":false,"campfire_upgraded":6,"win_rate":0.0,"timestamp":1608871617,"path_taken":["R","M","?","$","?","?","T","$","R","E","R","M","R","?","M","BOSS","R","M","M","M","?","E","T","$","R","?","E","?","R","?","M","BOSS"],"items_purchased_type":["Relic","Card","Relic"],"build_version":"2020-12-22","purchased_purges":2,"victory":false,"max_hp_per_floor":[90,90,90,90,90,90,90,90,90,90,90,90,90,90,90,90,90,90,90,90,90,90,90,90,90,90,90,90,90,90,90,90,90,90,90],"card_choices":[{"not_picked":["champ:FlashCut","champ:GutPunch"],"picked":"champ:Balance","floor":2},{"not_picked":["champ:FanOfKnives","champ:BringItOn"],"picked":"champ:StanceDance","floor":4},{"not_picked":["champ:GladiatorsShout","champ:EnGarde"],"picked":"champ:StanceDance","floor":6},{"not_picked":["champ:DefensiveShout","champ:DefensiveStyle","champ:ShieldSigil"],"picked":"SKIP","floor":8},{"not_picked":["champ:CalledShot","champ:ShieldSlam","champ:EnragedBash"],"picked":"SKIP","floor":10},{"not_picked":["champ:RageSigil","champ:ArenaPreparation","champ:BringItOn"],"picked":"SKIP","floor":12},{"not_picked":["champ:FocusedDefense","champ:TornadoPunch","champ:BerserkersShout"],"picked":"SKIP","floor":14},{"not_picked":["champ:BringItOn","champ:Haymaker"],"picked":"champ:StanceDance","floor":15},{"not_picked":["champ:LastStand","champ:EnchantSword"],"picked":"champ:ShieldThrow","floor":16},{"not_picked":["champ:Haymaker","champ:BladeFlurry"],"picked":"champ:Backstep","floor":19},{"not_picked":["champ:GladiatorsShout","champ:FocusedGladiator","champ:Riposte"],"picked":"SKIP","floor":20},{"not_picked":["champ:GladiatorStyle","champ:BringItOn","champ:Circumvent"],"picked":"SKIP","floor":21},{"not_picked":["champ:Circumvent","champ:FocusedBerserking","champ:GladiatorsShout"],"picked":"SKIP","floor":23},{"not_picked":["champ:GladiatorStyle","champ:Circumvent","champ:TornadoPunch"],"picked":"SKIP","floor":25},{"not_picked":["champ:PerfectedStrike+1","champ:Circumvent","champ:EnGarde"],"picked":"SKIP","floor":27},{"not_picked":["champ:VampiricStrike","champ:EnragedBash"],"picked":"champ:FlashCut","floor":28},{"not_picked":["champ:Balance","champ:ShieldWall"],"picked":"champ:DefensiveShout+1","floor":30},{"not_picked":["champ:ArenaPreparation","champ:ShieldSigil","champ:Backstep"],"picked":"SKIP","floor":32}],"player_experience":615751,"relics_obtained":[{"floor":7,"key":"Blood Vial"},{"floor":10,"key":"Guardian:PocketSentry"},{"floor":23,"key":"Dream Catcher"},{"floor":24,"key":"Du-Vu Doll"},{"floor":28,"key":"Art of War"},{"floor":31,"key":"Ancient Tea Set"}],"event_choices":[{"damage_healed":0,"gold_gain":0,"cards_transformed":["champ:Strike"],"player_choice":"Transformed","damage_taken":0,"max_hp_gain":0,"max_hp_loss":0,"event_name":"Transmorgrifier","floor":5,"gold_loss":0,"cards_obtained":["champ:SkillfulDodge"]}],"is_beta":false,"boss_relics":[{"not_picked":["Pandora\u0027s Box","Snecko Eye"],"picked":"SacredBark"}],"items_purged_floors":[4,8],"is_endless":false,"potions_floor_spawned":[2,12,16,19,20,28],"killed_by":"downfall:Ironclad","ascension_level":2}}