{"host":"y76clbnovzmw9ubx","time":1608901654,"event":{"mods":["AchievementEnabler","BaseMod","Minty Spire (QoL Compilation)","Permanent Neow","Relic Stats"],"gold_per_floor":[114,114,125,137,157,157,192,192,243,282,306,334,346,374,386,398,398],"floor_reached":16,"playtime":1096,"items_purged":[],"score":228,"play_id":"cc12c56d-ebac-40e7-bf62-5d1ee9ec118a","local_time":"20201225080734","is_ascension_mode":true,"campfire_choices":[{"data":"Neutralize","floor":6,"key":"SMITH"},{"floor":8,"key":"REST"},{"data":"Dagger Spray","floor":13,"key":"SMITH"},{"floor":15,"key":"REST"}],"circlet_count":0,"master_deck":["AscendersBane","Strike_G","Strike_G","Strike_G","Strike_G","Strike_G","Defend_G","Defend_G","Defend_G","Defend_G","Defend_G","Survivor","Neutralize+1","Dagger Spray+1","Quick Slash","Sucker Punch","Bouncing Flask","Malaise"],"relics":["Ring of the Snake","Darkstone Periapt","Snake Skull","MawBank","Mummified Hand"],"acts_visited":["Exordium"],"potions_floor_usage":[7,7,11,16,16],"damage_taken":[{"damage":7,"enemies":"2 Louse","floor":1,"turns":3},{"damage":0,"enemies":"Cultist","floor":3,"turns":4},{"damage":7,"enemies":"Jaw Worm","floor":4,"turns":5},{"damage":9,"enemies":"Blue Slaver","floor":5,"turns":6},{"damage":17,"enemies":"Gremlin Nob","floor":7,"turns":4},{"damage":12,"enemies":"Lagavulin","floor":10,"turns":5},{"damage":1,"enemies":"3 Louse","floor":11,"turns":3},{"damage":4,"enemies":"Red Slaver","floor":12,"turns":5},{"damage":2,"enemies":"Looter","floor":14,"turns":4},{"damage":38,"enemies":"Slime Boss","floor":16,"turns":8}],"seed_played":"4071100643777721935","potions_obtained":[{"floor":3,"key":"EssenceOfSteel"},{"floor":4,"key":"SkillPotion"},{"floor":7,"key":"SpeedPotion"},{"floor":10,"key":"Energy Potion"},{"floor":12,"key":"LiquidMemories"}],"is_trial":false,"path_per_floor":["M","?","M","M","M","R","E","R","T","E","M","M","R","M","R","B"],"character_chosen":"THE_SILENT","items_purchased":[],"campfire_rested":2,"item_purchase_floors":[],"current_hp_per_floor":[52,52,52,45,36,36,19,38,38,26,25,21,21,19,38,0,0],"gold":398,"neow_bonus":"THREE_CARDS","is_daily":false,"chose_seed":false,"campfire_upgraded":2,"win_rate":0.0,"timestamp":1608901654,"path_taken":["M","?","M","M","?","R","E","R","T","E","M","?","R","M","R","BOSS"],"items_purchased_type":[],"build_version":"2020-12-22","purchased_purges":0,"victory":false,"max_hp_per_floor":[66,66,66,66,66,66,66,66,66,66,66,66,66,66,66,66,66],"relic_stats":{"Darkstone Periapt":0,"counters":[10,47],"Mummified Hand":[0],"Snake Skull":[18],"MawBank":84,"obtain_stats":[{"Darkstone Periapt":2,"Mummified Hand":10,"Snake Skull":7,"MawBank":9,"Ring of the Snake":0},{"Darkstone Periapt":1,"Mummified Hand":6,"Snake Skull":5,"MawBank":5,"Ring of the Snake":0},{"Darkstone Periapt":3,"Mummified Hand":27,"Snake Skull":22,"MawBank":22,"Ring of the Snake":0}],"Ring of the Snake":[20]},"card_choices":[{"not_picked":["Expertise","Backflip"],"picked":"Dagger Spray","floor":0},{"not_picked":["Flying Knee","PiercingWail"],"picked":"Dagger Throw","floor":1},{"not_picked":["Backflip","Dagger Spray","Eviscerate"],"picked":"SKIP","floor":3},{"not_picked":["Concentrate","Flechettes"],"picked":"Quick Slash","floor":4},{"not_picked":["Dagger Throw","Outmaneuver"],"picked":"Sucker Punch","floor":5},{"not_picked":["Backstab","Terror"],"picked":"Bouncing Flask","floor":7},{"not_picked":["Dodge and Roll","Flying Knee"],"picked":"Malaise","floor":10},{"not_picked":["Riddle With Holes","Underhanded Strike","Flying Knee"],"picked":"SKIP","floor":11},{"not_picked":["Flying Knee","Blade Dance","Underhanded Strike"],"picked":"SKIP","floor":12},{"not_picked":["Outmaneuver","Predator","Heel Hook"],"picked":"SKIP","floor":14}],"player_experience":2974460,"relics_obtained":[{"floor":7,"key":"Snake Skull"},{"floor":9,"key":"MawBank"},{"floor":10,"key":"Mummified Hand"}],"event_choices":[{"cards_removed":["Dagger Throw"],"damage_healed":0,"gold_gain":0,"player_choice":"Gave Card","damage_taken":0,"relics_obtained":["Darkstone Periapt"],"max_hp_gain":0,"max_hp_loss":0,"event_name":"WeMeetAgain","floor":2,"gold_loss":0}],"is_beta":false,"boss_relics":[],"items_purged_floors":[],"is_endless":false,"potions_floor_spawned":[3,4,7,10,12],"killed_by":"Slime Boss","ascension_level":20}}