{"host":"gglig5t0wntczcri","time":1608892448,"event":{"mods":["BaseMod","BetterRewards","Colored Map","Colored Powertips","Minty Spire (QoL Compilation)"],"gold_per_floor":[115,127,127,146,146,146,179,2,2,15,15,15,15,35,35,35,35],"floor_reached":16,"playtime":824,"items_purged":[],"score":248,"play_id":"dc6514e6-4b63-4d52-8629-8d4c2315e23e","local_time":"20201225053408","is_ascension_mode":true,"campfire_choices":[{"floor":6,"key":"DIG"},{"floor":13,"key":"REST"},{"floor":15,"key":"DIG"}],"circlet_count":0,"master_deck":["AscendersBane","Strike_R","Strike_R","Strike_R","Strike_R","Defend_R","Defend_R","Defend_R","Defend_R","Bash","Inflame","Shrug It Off","Infernal Blade","Shrug It Off","Dual Wield","Cleave"],"relics":["Burning Blood","Ice Cream","Shovel","Unceasing Top","Magic Flower","Gambling Chip","Potion Belt","TungstenRod","Lantern","Matryoshka"],"acts_visited":["Exordium"],"potions_floor_usage":[7,7],"damage_taken":[{"damage":1,"enemies":"2 Louse","floor":1,"turns":4},{"damage":0,"enemies":"Cultist","floor":2,"turns":4},{"damage":0,"enemies":"Small Slimes","floor":4,"turns":3},{"damage":38,"enemies":"Lagavulin","floor":7,"turns":10},{"damage":1,"enemies":"Gremlin Gang","floor":10,"turns":8},{"damage":1,"enemies":"2 Fungi Beasts","floor":14,"turns":4},{"damage":44,"enemies":"Slime Boss","floor":16,"turns":10}],"seed_played":"5611218675834883526","potions_obtained":[{"floor":1,"key":"Block Potion"},{"floor":4,"key":"Block Potion"}],"is_trial":false,"path_per_floor":["M","M","?","M","?","R","E","$","T","M","?","$","R","M","R","B"],"character_chosen":"IRONCLAD","items_purchased":["Ice Cream","Shovel","Inflame","Shrug It Off","Lantern","Shrug It Off"],"campfire_rested":1,"item_purchase_floors":[0,0,0,0,8,8],"current_hp_per_floor":[39,45,45,54,42,42,13,13,13,21,21,21,45,53,53,9,9],"gold":35,"neow_bonus":"","is_daily":false,"chose_seed":false,"campfire_upgraded":0,"win_rate":0.0,"timestamp":1608892448,"path_taken":["M","M","?","?","?","R","E","$","T","M","?","$","R","?","R","BOSS"],"items_purchased_type":["Relic","Relic","Card","Card","Relic","Card"],"build_version":"2020-12-22","purchased_purges":0,"victory":false,"max_hp_per_floor":[80,80,80,80,80,80,80,80,80,80,80,80,80,80,80,80,80],"card_choices":[{"not_picked":["Flame Barrier","Clothesline","Feel No Pain"],"picked":"SKIP","floor":1},{"not_picked":["Power Through","Bloodletting"],"picked":"Infernal Blade","floor":2},{"not_picked":["Infernal Blade","Flex","Iron Wave"],"picked":"SKIP","floor":4},{"not_picked":["Carnage","Iron Wave","Clothesline"],"picked":"SKIP","floor":7},{"not_picked":["Headbutt","Sever Soul","Thunderclap"],"picked":"SKIP","floor":10},{"not_picked":["True Grit","Twin Strike"],"picked":"Cleave","floor":14}],"player_experience":928245,"relics_obtained":[{"floor":3,"key":"Magic Flower"},{"floor":6,"key":"Potion Belt"},{"floor":7,"key":"TungstenRod"},{"floor":15,"key":"Matryoshka"}],"event_choices":[{"damage_healed":0,"gold_gain":0,"player_choice":"Relic","damage_taken":0,"max_hp_gain":0,"max_hp_loss":0,"event_name":"Wheel of Change","floor":3,"gold_loss":0},{"damage_healed":0,"gold_gain":0,"player_choice":"Success","damage_taken":12,"relics_obtained":["Gambling Chip"],"max_hp_gain":0,"max_hp_loss":0,"event_name":"Scrap Ooze","floor":5,"gold_loss":0},{"damage_healed":0,"gold_gain":0,"cards_transformed":["Strike_R"],"player_choice":"Transformed","damage_taken":0,"max_hp_gain":0,"max_hp_loss":0,"event_name":"Transmorgrifier","floor":11,"gold_loss":0,"cards_obtained":["Dual Wield"]}],"is_beta":false,"boss_relics":[],"items_purged_floors":[],"is_endless":false,"potions_floor_spawned":[1,4],"killed_by":"Slime Boss","ascension_level":13}}