{"host":"1gclwan70y6w6ivq","time":1608886796,"event":{"mods":["AchievementEnabler","BaseMod","Colored Map","Downfall","Hubris","Infinite Spire","Minty Spire (QoL Compilation)","Relic Sorter","Shade Mod","StSLib"],"gold_per_floor":[99,115,135,135,97,129,176,176,196,212,242,17,17,27,39,135,135,135,155,166,266,266,366,390,390,421,439,439,439,457,471,482,581,581,581,592,592,592,602,602,602,602,636,646,646,496,496,508,520,520,520,546,546,546,546],"floor_reached":56,"playtime":1845,"items_purged":[],"score":2993,"play_id":"892348cb-b232-44ad-929f-c854fcd0166f","local_time":"20201225035956","is_ascension_mode":true,"campfire_choices":[{"floor":1,"key":"RECALL"},{"data":"champ:BerserkerStyle","floor":12,"key":"SMITH"},{"floor":18,"key":"REST"},{"floor":29,"key":"REST"},{"floor":35,"key":"REST"},{"floor":40,"key":"REST"},{"floor":45,"key":"REST"},{"floor":47,"key":"REST"},{"floor":54,"key":"REST"}],"circlet_count":0,"master_deck":["Barricade+1","Entrench+1","Body Slam+1","After Image+1"],"relics":["champ:ChampionCrown","champ:ChampionCrownUpgraded","hubris:SoftwareUpdate","FrozenCore","Runic Capacitor","Runic Capacitor","Runic Capacitor","Runic Capacitor","Runic Capacitor","Ring of the Serpent","Mummified Hand","Mummified Hand","Unceasing Top","Singing Bowl","TheAbacus","Anchor","Boot","downfall:HeartBlessingRed","downfall:HeartBlessingGreen","downfall:HeartBlessingBlue","MutagenicStrength","champ:BlackKnightHelmet","Darkstone Periapt","Lantern","Strawberry","SacredBark","WingedGreaves","infinitespire:FocusingShard","Potion Belt","Orrery","hubris:TerracottaHorce","hubris:TerracottaHorce","hubris:TerracottaHorce","hubris:TerracottaHorce","InkBottle"],"acts_visited":["Exordium","TheCity","TheBeyond","TheEnding"],"potions_floor_usage":[],"damage_taken":[{"damage":0,"enemies":"2 Louse","floor":2,"turns":2},{"damage":0,"enemies":"Cultist","floor":3,"turns":2},{"damage":0,"enemies":"downfall:FleeingMerchant","floor":5,"turns":2},{"damage":0,"enemies":"Lagavulin","floor":6,"turns":1},{"damage":0,"enemies":"Jaw Worm","floor":9,"turns":1},{"damage":0,"enemies":"Large Slime","floor":10,"turns":1},{"damage":2,"enemies":"3 Sentries","floor":11,"turns":2},{"damage":6,"enemies":"Gremlin Gang","floor":14,"turns":4},{"damage":0,"enemies":"Exordium Thugs","floor":15,"turns":1},{"damage":0,"enemies":"downfall:Ironclad","floor":16,"turns":1},{"damage":0,"enemies":"Spheric Guardian","floor":19,"turns":1},{"damage":2,"enemies":"3 Byrds","floor":20,"turns":2},{"damage":0,"enemies":"downfall:Augmenter","floor":21,"turns":1},{"damage":0,"enemies":"downfall:Augmenter","floor":23,"turns":1},{"damage":0,"enemies":"Gremlin Leader","floor":26,"turns":1},{"damage":0,"enemies":"Shelled Parasite and Fungi","floor":27,"turns":1},{"damage":0,"enemies":"Snake Plant","floor":30,"turns":1},{"damage":0,"enemies":"Cultist and Chosen","floor":31,"turns":1},{"damage":0,"enemies":"3 Cultists","floor":32,"turns":1},{"damage":0,"enemies":"downfall:Watcher","floor":33,"turns":1},{"damage":0,"enemies":"3 Darklings","floor":36,"turns":1},{"damage":0,"enemies":"3 Shapes","floor":39,"turns":1},{"damage":0,"enemies":"Nightmare","floor":43,"turns":1},{"damage":0,"enemies":"Jaw Worm Horde","floor":44,"turns":1},{"damage":0,"enemies":"Maw","floor":48,"turns":2},{"damage":0,"enemies":"Writhing Mass","floor":49,"turns":1},{"damage":0,"enemies":"downfall:Defect","floor":50,"turns":1},{"damage":0,"enemies":"downfall:CharBossMerchant","floor":52,"turns":1},{"damage":0,"enemies":"downfall:NeowBoss","floor":55,"turns":7}],"seed_played":"3469328248561049129","potions_obtained":[{"floor":3,"key":"Fire Potion"},{"floor":11,"key":"Fire Potion"},{"floor":23,"key":"SkillPotion"},{"floor":31,"key":"Energy Potion"}],"is_trial":false,"path_per_floor":["R","M","M","?","$","E","T","$","M","M","E","R","?","M","M","B",null,"R","M","M","?","AVR","?","T","?","E","M","$","R","M","M","M","B",null,"R","M","$","?","M","R","T","?","NM","M","R","$","R","M","M","B",null,"E","$","R","B",null],"character_chosen":"THE_CHAMP","items_purchased":["champ:BerserkerStyle","TheAbacus","Anchor","Orrery"],"campfire_rested":7,"item_purchase_floors":[5,5,5,46],"current_hp_per_floor":[99,99,101,101,103,105,105,105,107,109,111,121,121,123,125,127,127,127,129,131,133,133,135,135,135,144,146,146,146,148,150,152,154,154,154,156,156,156,158,158,158,158,162,164,164,174,174,176,178,178,178,180,180,180,180],"gold":546,"neow_bonus":"TEN_PERCENT_HP_BONUS","is_daily":false,"chose_seed":false,"campfire_upgraded":1,"win_rate":0.0,"timestamp":1608886796,"path_taken":["R","M","M","?","?","E","T","$","M","M","E","R","?","M","M","BOSS","R","M","?","?","AVR","?","T","?","E","M","$","R","M","M","M","BOSS","R","M","$","?","M","R","T","?","NM","M","R","$","R","M","M","BOSS","E","$","R","BOSS"],"items_purchased_type":["Card","Relic","Relic","Relic"],"build_version":"2020-12-22","purchased_purges":0,"victory":true,"max_hp_per_floor":[99,99,101,101,103,105,105,105,107,109,111,121,121,123,125,127,127,127,129,131,133,133,135,135,135,144,146,146,146,148,150,152,154,154,154,156,156,156,158,158,158,158,162,164,164,174,174,176,178,178,178,180,180,180,180],"card_choices":[{"not_picked":["champ:Duel","champ:DeathBlow","champ:PerfectedStrike"],"picked":"SKIP","floor":2},{"not_picked":["champ:CrookedStrike","champ:BerserkersShout","champ:CrownThrow"],"picked":"SKIP","floor":3},{"not_picked":["champ:CrookedStrike","champ:BerserkersShout","champ:CrownThrow"],"picked":"SKIP","floor":3},{"not_picked":["champ:CrookedStrike","champ:BerserkersShout","champ:CrownThrow"],"picked":"Singing Bowl","floor":3},{"not_picked":["champ:SwordThrow","champ:BringItOn","champ:GutPunch"],"picked":"Singing Bowl","floor":5},{"not_picked":["champ:DefensiveShout","champ:HeartStrike","champ:Haymaker"],"picked":"Singing Bowl","floor":6},{"not_picked":["champ:GutPunch","champ:EnragedBash","champ:ViciousMockery"],"picked":"Singing Bowl","floor":9},{"not_picked":["champ:CrookedStrike","champ:SkillfulDodge","champ:RisingSlash"],"picked":"Singing Bowl","floor":10},{"not_picked":["champ:StanceDance","champ:SteelEdge","champ:HeavySlash"],"picked":"Singing Bowl","floor":11},{"not_picked":["champ:EndlessRage","champ:BerserkersShout","champ:Backstep"],"picked":"Singing Bowl","floor":14},{"not_picked":["champ:GladiatorsShout","champ:PreciseThrust","champ:RisingSlash"],"picked":"Singing Bowl","floor":15},{"not_picked":["champ:Devastate","champ:DancingMaster","champ:LastStand"],"picked":"Singing Bowl","floor":16},{"not_picked":["champ:Haymaker","champ:PerfectedStrike","champ:GladiatorsShout"],"picked":"Singing Bowl","floor":19},{"not_picked":["champ:Circumvent","champ:Encircle","champ:FocusedBerserking"],"picked":"Singing Bowl","floor":20},{"not_picked":["champ:FocusedBerserking","champ:PreciseThrust","champ:Backstep"],"picked":"Singing Bowl","floor":21},{"not_picked":["champ:BerserkerStyle","champ:FocusedDefense","champ:BerserkersShout"],"picked":"Singing Bowl","floor":23},{"not_picked":["champ:CalledShot","champ:DefensiveShout+1","champ:GladiatorsShout+1"],"picked":"Singing Bowl","floor":26},{"not_picked":["champ:Backstep","champ:Haymaker+1","champ:Circumvent"],"picked":"Singing Bowl","floor":27},{"not_picked":["champ:CrookedStrike","champ:Duel+1","champ:HoldFirm"],"picked":"Singing Bowl","floor":30},{"not_picked":["champ:StanceDance","champ:GladiatorsShout","champ:FanOfKnives"],"picked":"Singing Bowl","floor":31},{"not_picked":["champ:BerserkersShout","champ:Haymaker","champ:FocusedDefense"],"picked":"Singing Bowl","floor":32},{"not_picked":["champ:MurderStrike","champ:Improvising","champ:HeavySlash"],"picked":"Singing Bowl","floor":33},{"not_picked":["champ:EnragedBash","champ:FaceSlap","champ:BerserkersShout"],"picked":"Singing Bowl","floor":36},{"not_picked":["champ:Encircle","champ:BladeFlurry","champ:Haymaker+1"],"picked":"Singing Bowl","floor":39},{"not_picked":["champ:PerfectedStrike+1","champ:DefensiveShout+1","champ:GladiatorStyle"],"picked":"Singing Bowl","floor":43},{"not_picked":["infinitespire:Menacing","infinitespire:UltimateForm","infinitespire:Execution"],"picked":"Singing Bowl","floor":43},{"not_picked":["champ:BringItOn+1","champ:Circumvent","champ:EndlessRage"],"picked":"Singing Bowl","floor":44},{"not_picked":["champ:Backstep","champ:CrookedStrike","champ:DefensiveStyle"],"picked":"Singing Bowl","floor":46},{"not_picked":["champ:FocusedDefense+1","champ:DefensiveStyle","champ:ViciousMockery+1"],"picked":"Singing Bowl","floor":46},{"not_picked":["champ:BerserkersShout+1","champ:Encircle+1","champ:GutPunch+1"],"picked":"Singing Bowl","floor":46},{"not_picked":["champ:BringItOn+1","champ:FlashCut","champ:CrookedStrike+1"],"picked":"Singing Bowl","floor":46},{"not_picked":["champ:ShieldSlam","champ:FightOn","champ:AdrenalArmor"],"picked":"Singing Bowl","floor":46},{"not_picked":["champ:IronFortress+1","champ:Circumvent","champ:StanceDance"],"picked":"Singing Bowl","floor":48},{"not_picked":["champ:Duel","champ:GladiatorsShout","champ:RisingSlash"],"picked":"Singing Bowl","floor":49},{"not_picked":["champ:StanceDance","champ:CheapShot","champ:FightOn"],"picked":"Singing Bowl","floor":52}],"player_experience":848421,"relics_obtained":[{"floor":6,"key":"Boot"},{"floor":21,"key":"MutagenicStrength"},{"floor":23,"key":"champ:BlackKnightHelmet"},{"floor":23,"key":"Darkstone Periapt"},{"floor":24,"key":"Lantern"},{"floor":26,"key":"Strawberry"},{"floor":41,"key":"infinitespire:FocusingShard"},{"floor":43,"key":"Potion Belt"},{"floor":52,"key":"InkBottle"}],"event_choices":[{"damage_healed":0,"gold_gain":0,"player_choice":"Ignored","damage_taken":0,"max_hp_gain":0,"max_hp_loss":0,"event_name":"Purifier","floor":4,"gold_loss":0},{"damage_healed":0,"gold_gain":0,"player_choice":"Ignored","damage_taken":0,"max_hp_gain":0,"max_hp_loss":0,"event_name":"NoteForYourself","floor":13,"gold_loss":0},{"damage_healed":0,"gold_gain":0,"player_choice":"Ignored","damage_taken":0,"max_hp_gain":0,"max_hp_loss":0,"event_name":"Mysterious Sphere","floor":42,"gold_loss":0}],"is_beta":false,"boss_relics":[{"not_picked":["Calling Bell","Velvet Choker","hubris:VirtuousBlindfold"]},{"not_picked":["Tiny House","hubris:BlackHole"],"picked":"SacredBark"}],"items_purged_floors":[],"is_endless":false,"potions_floor_spawned":[3,6,9,11,14,23,26,27,30,31,32,36,44,52],"ascension_level":20}}