{"host":"utqe55yv0jihe4d6","time":1608865359,"event":{"mods":["2.2 Compatiblity","AchievementEnabler","BaseMod","Block Reminder","Colored Map","Colored Powertips","Minty Spire (QoL Compilation)","Quick Restart","Rare Cards Sparkle","Relic Stats","SuperFastMode"],"gold_per_floor":[13,23,33,49,49,49,75,75,147,147,182,199,212,212,212],"floor_reached":14,"playtime":471,"items_purged":[],"score":204,"play_id":"6fa7412e-2761-4f19-a51c-e10380ebc967","local_time":"20201224220239","is_ascension_mode":true,"campfire_choices":[{"data":"Neutralize","floor":6,"key":"SMITH"},{"data":"Distraction","floor":8,"key":"SMITH"}],"circlet_count":0,"master_deck":["AscendersBane","Strike_G","Strike_G","Strike_G","Strike_G","Strike_G","Defend_G","Defend_G","Defend_G","Defend_G","Defend_G","Survivor","Neutralize+1","Skewer+1","Poisoned Stab","Deflect","Distraction+1","PiercingWail","Catalyst","Catalyst"],"relics":["Ring of the Snake","Dead Branch","Du-Vu Doll","Pantograph","MealTicket"],"acts_visited":["Exordium"],"potions_floor_usage":[11,14,14],"damage_taken":[{"damage":0.0,"enemies":"Cultist","floor":1.0,"turns":4.0},{"damage":7,"enemies":"Jaw Worm","floor":2,"turns":5},{"damage":1,"enemies":"Small Slimes","floor":3,"turns":3},{"damage":6,"enemies":"2 Fungi Beasts","floor":4,"turns":4},{"damage":14,"enemies":"3 Sentries","floor":7,"turns":8},{"damage":10,"enemies":"Lagavulin","floor":11,"turns":7},{"damage":0,"enemies":"Looter","floor":12,"turns":3},{"damage":13,"enemies":"Exordium Wildlife","floor":13,"turns":4},{"damage":14,"enemies":"3 Sentries","floor":14,"turns":5}],"seed_played":"8876006342626113603","potions_obtained":[{"floor":1.0,"key":"SpeedPotion"},{"floor":4,"key":"Weak Potion"},{"floor":10,"key":"PowerPotion"},{"floor":10,"key":"Strength Potion"},{"floor":11,"key":"Weak Potion"}],"is_trial":false,"path_per_floor":["M","M","M","M","?","R","E","R","T","?","E","M","M","E"],"character_chosen":"THE_SILENT","items_purchased":[],"campfire_rested":0,"item_purchase_floors":[],"current_hp_per_floor":[59,52,51,45,45,45,31,31,31,31,21,21,8,0,0],"gold":212,"neow_bonus":"ONE_RARE_RELIC","is_daily":false,"chose_seed":false,"campfire_upgraded":2,"win_rate":0.0,"timestamp":1608865359,"path_taken":["M","?","?","M","?","R","E","R","T","?","E","?","M","E"],"items_purchased_type":[],"build_version":"2020-12-22","purchased_purges":0,"victory":false,"max_hp_per_floor":[66,66,66,66,66,66,66,66,66,66,66,66,66,66,66],"relic_stats":{"counters":[9,43],"Dead Branch":[42],"Pantograph":0,"MealTicket":0,"obtain_stats":[{"Du-Vu Doll":7,"Dead Branch":0,"Pantograph":9,"MealTicket":11,"Ring of the Snake":0},{"Du-Vu Doll":5,"Dead Branch":0,"Pantograph":5,"MealTicket":6,"Ring of the Snake":0},{"Du-Vu Doll":24,"Dead Branch":0,"Pantograph":24,"MealTicket":31,"Ring of the Snake":0}],"Ring of the Snake":[18]},"card_choices":[{"not_picked":["Heel Hook","Quick Slash"],"picked":"Skewer","floor":1.0},{"not_picked":["Backflip","Riddle With Holes"],"picked":"Poisoned Stab","floor":2},{"not_picked":["Setup","Backflip"],"picked":"Deflect","floor":3},{"not_picked":["Backflip","Calculated Gamble"],"picked":"Distraction","floor":4},{"not_picked":["Outmaneuver","Blur"],"picked":"PiercingWail","floor":7},{"not_picked":["Dash","Tactician"],"picked":"Catalyst","floor":11},{"not_picked":["Bane","Deflect","Underhanded Strike"],"picked":"SKIP","floor":12},{"not_picked":["Flying Knee","Cloak And Dagger"],"picked":"Catalyst","floor":13}],"player_experience":2851106,"relics_obtained":[{"floor":7,"key":"Du-Vu Doll"},{"floor":9,"key":"Pantograph"},{"floor":11,"key":"MealTicket"}],"event_choices":[{"damage_healed":0,"gold_gain":0,"player_choice":"Grow","damage_taken":0,"max_hp_gain":0,"max_hp_loss":0,"event_name":"Living Wall","floor":5,"gold_loss":0,"cards_upgraded":["Skewer"]},{"damage_healed":0,"gold_gain":0,"player_choice":"Got Potions","damage_taken":0,"max_hp_gain":0,"max_hp_loss":0,"event_name":"Lab","floor":10,"gold_loss":0}],"is_beta":false,"boss_relics":[],"items_purged_floors":[],"is_endless":false,"potions_floor_spawned":[1,4,11,12,13],"killed_by":"3 Sentries","ascension_level":20}}