{"host":"g75gtovmj0ine2rf","time":1608891399,"event":{"mods":["2.2 Compatiblity","AchievementEnabler","Act Like it!","Aspiration","Astrologer","Bard","BaseMod","Better Match","BetterRewards","CapriCore","Challenge The Spire","ChefMod","Colored Map","Conspire","Energized Spire","Friendly Minions","Gensokyo","Halation","Hallownest","Hermit","HexUI Lib","Highlight Path","Hubris","Infinite Spire","Jedi Mod","Lobotomy","Minty Spire (QoL Compilation)","Puzzle Mod","Quick Restart","Rare Cards Sparkle","Relic Stats","Replay The Spire","Shade Mod","Shop Mod","Spicy Shops","StSLib","SuperFastMode","The Construct","The Cursed","The Factory","The Jungle","The Runesmith","TheBandit","TheFirefly","TheSwordswoman","TheVacant","Transform Curses","Wandering Minibosses","thorton","vexMod"],"gold_per_floor":[109,119,119,94,144,171,95,128,210,237,255,255,255,272,272,344,394,408,408,408,408],"floor_reached":19,"playtime":1617,"items_purged":[],"score":342,"play_id":"6236eb3e-0ab9-4675-9704-d3ce194be6c8","local_time":"20201225211639","is_ascension_mode":true,"campfire_choices":[{"floor":12.0,"key":"REST"},{"floor":15.0,"key":"REST"}],"circlet_count":0,"master_deck":["AscendersBane","wariomod:Strike","wariomod:Strike","wariomod:Strike","wariomod:Strike","wariomod:Defend","wariomod:Defend","wariomod:Defend","wariomod:Defend","wariomod:Step","wariomod:Leap","hubris:Sloth","wariomod:Immortalize","wariomod:RacingSpeed+1","wariomod:TrekTime+1","wariomod:BigUpgrade","wariomod:BoomForm+1","wariomod:SmallSprint","wariomod:SmallSprint"],"relics":["wariomod:TheHat","CaptainsWheel","hubris:Icosahedron","Bag of Preparation","Frozen Egg 2","Orichalcum","Pet Ghost","Tiny House"],"acts_visited":["Exordium","TheCity"],"potions_floor_usage":[],"damage_taken":[{"damage":2.0,"enemies":"Jaw Worm","floor":1.0,"turns":4.0},{"damage":7.0,"enemies":"Small Slimes","floor":2.0,"turns":5.0},{"damage":12.0,"enemies":"Replay:BlueRogue","floor":6.0,"turns":8.0},{"damage":15.0,"enemies":"Lagavulin","floor":8.0,"turns":8.0},{"damage":25.0,"enemies":"3 Sentries","floor":10.0,"turns":8.0},{"damage":0.0,"enemies":"Cultist","floor":11.0,"turns":4.0},{"damage":22.0,"enemies":"Exordium Wildlife","floor":14.0,"turns":6.0},{"damage":23.0,"enemies":"Slime Boss","floor":16.0,"turns":9.0},{"damage":30.0,"enemies":"3 Byrds","floor":18.0,"turns":5.0},{"damage":0,"enemies":"2 Thieves","floor":19,"turns":1}],"seed_played":"-6193048022541714751","potions_obtained":[{"floor":1.0,"key":"SpeedPotion"},{"floor":2.0,"key":"Venom Potion"},{"floor":14.0,"key":"ColorlessPotion"},{"floor":16.0,"key":"AttackPotion"},{"floor":18.0,"key":"SpeedPotion"}],"is_trial":false,"path_per_floor":["M","M","?","?","?","E","$","E","T","E","M","R","T","M","R","B",null,"M","M"],"character_chosen":"THE_BANDIT","items_purchased":["wariomod:RacingSpeed"],"campfire_rested":2,"item_purchase_floors":[7],"current_hp_per_floor":[63,56,56,56,56,44,44,29,29,4,4,25,25,3,24,1,59,29,29,29,29],"gold":408,"neow_bonus":"ONE_RARE_RELIC","is_daily":false,"chose_seed":false,"campfire_upgraded":0,"win_rate":0.0,"timestamp":1608891399,"path_taken":["M","M","?","?","?","E","$","E","T","E","?","R","?","M","R","BOSS","M","M"],"items_purchased_type":["Card"],"build_version":"2020-12-22","purchased_purges":0,"victory":false,"max_hp_per_floor":[72,72,72,72,72,72,72,72,72,72,72,72,72,72,72,72,77,77,77,77,77],"relic_stats":{"counters":[10,58],"Bag of Preparation":[14],"Orichalcum":[36],"obtain_stats":[{"CaptainsWheel":0,"hubris:Icosahedron":3,"Tiny House":17,"wariomod:TheHat":0,"Bag of Preparation":6,"Frozen Egg 2":8,"Orichalcum":10,"Pet Ghost":13},{"CaptainsWheel":0,"hubris:Icosahedron":2,"Tiny House":8,"wariomod:TheHat":0,"Bag of Preparation":3,"Frozen Egg 2":4,"Orichalcum":5,"Pet Ghost":6},{"CaptainsWheel":0,"hubris:Icosahedron":9,"Tiny House":52,"wariomod:TheHat":0,"Bag of Preparation":17,"Frozen Egg 2":25,"Orichalcum":33,"Pet Ghost":37}]},"card_choices":[{"not_picked":["wariomod:SmallSprint","wariomod:HastyRush","wariomod:AwfulLook"],"picked":"SKIP","floor":1.0},{"not_picked":["wariomod:BlastDash","wariomod:f","wariomod:Leapslam"],"picked":"SKIP","floor":2.0},{"not_picked":["wariomod:Bombshield","wariomod:BlastDash"],"picked":"wariomod:Immortalize","floor":6.0},{"not_picked":["wariomod:SmallSprint","wariomod:HastyRush"],"picked":"wariomod:TrekTime+1","floor":8.0},{"not_picked":["wariomod:Smackflip","wariomod:f"],"picked":"wariomod:BigUpgrade","floor":10.0},{"not_picked":["wariomod:Boomsmack","wariomod:ChargeForth","wariomod:TheGrandJourney"],"picked":"SKIP","floor":11.0},{"not_picked":["wariomod:SpikeSlash","wariomod:ChargeForth","wariomod:DoubleDash"],"picked":"SKIP","floor":14.0},{"not_picked":["wariomod:VeryLongJump","wariomod:ForbiddenMagic"],"picked":"wariomod:BoomForm+1","floor":16.0},{"not_picked":["wariomod:BlastDash","wariomod:SimpleShield"],"picked":"wariomod:SmallSprint","floor":17.0},{"not_picked":["wariomod:DonateDraw+1","wariomod:TrekTime+1"],"picked":"wariomod:SmallSprint","floor":18.0}],"player_experience":1336599,"relics_obtained":[{"floor":6.0,"key":"Bag of Preparation"},{"floor":8.0,"key":"Frozen Egg 2"},{"floor":10.0,"key":"Orichalcum"},{"floor":13.0,"key":"Pet Ghost"}],"event_choices":[{"damage_healed":0.0,"max_hp_gain":0.0,"max_hp_loss":0.0,"gold_gain":50.0,"event_name":"Golden Shrine","player_choice":"Pray","floor":5.0,"gold_loss":0.0,"damage_taken":0.0}],"is_beta":false,"boss_relics":[{"not_picked":["hubris:CrackedHourglass","energizedSpire:EnergizedDie"],"picked":"Tiny House"}],"items_purged_floors":[],"is_endless":false,"potions_floor_spawned":[1,2,14,16,18],"killed_by":"2 Thieves","ascension_level":17}}