{"host":"vc42n08di9czm3e7","time":1608858234,"event":{"mods":["AchievementEnabler","Act Like it!","BaseMod","Colored Powertips","Downfall","Friendly Minions","GifTheSpireLib","Hubris","Minty Spire (QoL Compilation)","Rare Cards Sparkle","StSLib"],"gold_per_floor":[99,116,126,126,144,171,171,10,29,49,65,65,83,68,88,88,88,88],"floor_reached":16,"playtime":1155,"items_purged":[],"score":106,"play_id":"1597fbae-e12c-4bfb-a865-76ac258b6ab9","local_time":"20201224200354","is_ascension_mode":false,"campfire_choices":[{"floor":1,"key":"RECALL"}],"circlet_count":0,"master_deck":["Guardian:Strike_Guardian","Guardian:Strike_Guardian","Guardian:Strike_Guardian","Guardian:Strike_Guardian","Guardian:Defend_Guardian","Guardian:Defend_Guardian","Guardian:Defend_Guardian","Guardian:Defend_Guardian","Guardian:CurlUp","Guardian:TwinSlam","Guardian:Incinerate","Guardian:Gem_Lightblue","Guardian:DonusPower","Guardian:Orbwalk","Guardian:Gem_Orange","Guardian:GatlingBeam","Guardian:HyperBeam_Guardian","Guardian:ChargeCore","Guardian:Gem_Cyan","Guardian:Gem_Lightblue","Guardian:CrystalBeam","Guardian:Orbwalk","Guardian:Gem_Crimson"],"relics":["Guardian:ModeShifter","hubris:Towel","Mummified Hand","Pear"],"acts_visited":["Exordium"],"potions_floor_usage":[15,16,16,16],"damage_taken":[{"damage":2,"enemies":"2 Louse","floor":2,"turns":3},{"damage":7,"enemies":"Jaw Worm","floor":3,"turns":4},{"damage":0,"enemies":"Cultist","floor":5,"turns":4},{"damage":20,"enemies":"Gremlin Nob","floor":6,"turns":5},{"damage":5,"enemies":"downfall:FleeingMerchant","floor":8,"turns":4},{"damage":4,"enemies":"3 Louse","floor":9,"turns":3},{"damage":1,"enemies":"2 Fungi Beasts","floor":10,"turns":3},{"damage":2,"enemies":"Gremlin Gang","floor":11,"turns":2},{"damage":0,"enemies":"Large Slime","floor":13,"turns":4},{"damage":2,"enemies":"downfall:FleeingMerchant","floor":14,"turns":4},{"damage":3,"enemies":"3 Louse","floor":15,"turns":6},{"damage":77,"enemies":"downfall:Ironclad","floor":16,"turns":9}],"seed_played":"1506607432092499408","potions_obtained":[{"floor":3,"key":"PowerPotion"},{"floor":6,"key":"Dexterity Potion"},{"floor":9,"key":"FearPotion"},{"floor":15,"key":"champ:CounterPotion"}],"is_trial":false,"path_per_floor":["R","M","M","?","M","E","T","$","M","M","M","?","M","$","M","B"],"character_chosen":"GUARDIAN","items_purchased":["Guardian:HyperBeam_Guardian"],"campfire_rested":0,"item_purchase_floors":[8],"current_hp_per_floor":[80,78,71,71,71,51,61,56,52,51,49,49,49,47,44,0,0,0],"gold":88,"neow_bonus":"THREE_CARDS","is_daily":false,"chose_seed":false,"campfire_upgraded":0,"win_rate":0.0,"timestamp":1608858234,"path_taken":["R","M","M","?","M","E","T","$","M","M","M","?","M","?","M","BOSS"],"items_purchased_type":["Card"],"build_version":"2020-12-22","purchased_purges":0,"victory":false,"max_hp_per_floor":[80,80,80,80,80,80,90,90,90,90,90,90,90,90,90,90,90,90],"card_choices":[{"not_picked":["Guardian:BronzeOrb","Guardian:RollAttack"],"picked":"Guardian:Incinerate","floor":0},{"not_picked":["Guardian:VentSteam","Guardian:TimeBomb"],"picked":"Guardian:Gem_Lightblue","floor":2},{"not_picked":["Guardian:RollAttack","Guardian:PiercingHide"],"picked":"Guardian:DonusPower","floor":3},{"not_picked":["Guardian:ShieldCharger","Guardian:Planning"],"picked":"Guardian:Orbwalk","floor":5},{"not_picked":["Guardian:HyperBeam_Guardian","Guardian:Gem_Red"],"picked":"Guardian:Gem_Orange","floor":6},{"not_picked":["Guardian:DecasProtection","Guardian:Gem_Fragmented"],"picked":"Guardian:GatlingBeam","floor":8},{"not_picked":["Guardian:Gem_Fragmented","Guardian:TimeBomb"],"picked":"Guardian:ChargeCore","floor":9},{"not_picked":["Guardian:Planning","Guardian:WalkerClaw"],"picked":"Guardian:Gem_Cyan","floor":10},{"not_picked":["Guardian:VentSteam","Guardian:TimeBomb"],"picked":"Guardian:Gem_Lightblue","floor":11},{"not_picked":["Guardian:Harden","Guardian:PolyBeam"],"picked":"Guardian:CrystalBeam","floor":13},{"not_picked":["Guardian:Gem_Cyan","Guardian:Harden"],"picked":"Guardian:Orbwalk","floor":14},{"not_picked":["Guardian:Reroute","Guardian:ShieldCharger"],"picked":"Guardian:Gem_Crimson","floor":15}],"player_experience":197333,"relics_obtained":[{"floor":6,"key":"Mummified Hand"},{"floor":7,"key":"Pear"}],"event_choices":[],"is_beta":false,"boss_relics":[],"items_purged_floors":[],"is_endless":false,"potions_floor_spawned":[3,6,9,13,15],"killed_by":"downfall:Ironclad","ascension_level":0}}