{"host":"hjw1ay65n7jm40lc","time":1608857754,"event":{"mods":["AchievementEnabler","BaseMod","Block Reminder","Colored Map","Colored Powertips","Downfall","Googly Eyes","Highlight Path","Minty Spire (QoL Compilation)","Quick Restart","Relic Stats","StSLib"],"gold_per_floor":[99,109,127,33,33,52,52,71,71,103,103,28,28,62,75,180,180,105,122,122,122,142,153,153,153,78,95,95,95,5,37,49,144,144,144,164,164,166,179,204,204,204,51,51,51,82,97,126,139,139,139,173,5,5,5],"floor_reached":56,"playtime":6951,"items_purged":["Shame"],"score":1755,"play_id":"19813316-13d9-4b46-936f-b374a9da0857","local_time":"20201224195554","is_ascension_mode":true,"campfire_choices":[{"floor":1.0,"key":"RECALL"},{"data":"Guardian:GuardianWhirl","floor":9.0,"key":"SMITH"},{"data":"Guardian:SentryBeam","floor":12.0,"key":"SMITH"},{"floor":18.0,"key":"REST"},{"floor":26.0,"key":"REST"},{"floor":35,"key":"REST"},{"floor":42,"key":"REST"},{"floor":45,"key":"REST"},{"floor":54,"key":"REST"}],"circlet_count":0,"master_deck":["Guardian:Strike_Guardian","Guardian:Defend_Guardian","Guardian:Defend_Guardian","Guardian:Defend_Guardian","Guardian:CurlUp+1","Guardian:TwinSlam","Guardian:TimeCapacitor+1","Guardian:TimeCapacitor+1","Guardian:Emergency+1","Guardian:SentryBeam+1","Guardian:Orbwalk","Guardian:Orbwalk","Guardian:GuardianWhirl+1","Guardian:Reroute","Guardian:Harden","Guardian:FierceBash","Guardian:Planning","Guardian:MultiBeam+1","Guardian:Recover+1","Guardian:ChargeUp","Guardian:FloatingOrbs+1","Guardian:ChargeCore+1","expansioncontent:CaCaw+1","expansioncontent:TimeRipple","Guardian:Suspension+1","Guardian:ArmoredProtocol+1","Guardian:Harden","Guardian:Reroute+1","Guardian:EvasiveProtocol+1","Guardian:TimeCapacitor+1"],"relics":["Astrolabe","TungstenRod","downfall:HeartBlessingRed","Art of War","Fusion Hammer","downfall:HeartBlessingGreen","Nilry\u0027s Codex","Frozen Egg 2","downfall:HeartBlessingBlue","Ancient Tea Set","Mummified Hand","Guardian:DefensiveModeMoreBlock","Cursed Key","Guardian:StasisCodex","Ice Cream","Toy Ornithopter","The Courier","Omamori","Bag of Preparation","War Paint"],"acts_visited":["Exordium","TheCity","TheBeyond","TheEnding"],"potions_floor_usage":[33,33,33,33,38,48,50],"damage_taken":[{"damage":1.0,"enemies":"Small Slimes","floor":2.0,"turns":8.0},{"damage":0.0,"enemies":"Cultist","floor":3.0,"turns":4.0},{"damage":0.0,"enemies":"downfall:FleeingMerchant","floor":4.0,"turns":4.0},{"damage":5.0,"enemies":"2 Louse","floor":6.0,"turns":3.0},{"damage":6.0,"enemies":"2 Fungi Beasts","floor":8.0,"turns":3.0},{"damage":9.0,"enemies":"3 Sentries","floor":10.0,"turns":5.0},{"damage":0.0,"enemies":"Lagavulin","floor":14.0,"turns":5.0},{"damage":13.0,"enemies":"Red Slaver","floor":15.0,"turns":4.0},{"damage":25.0,"enemies":"downfall:Ironclad","floor":16.0,"turns":8.0},{"damage":12.0,"enemies":"Shell Parasite","floor":19.0,"turns":5.0},{"damage":29.0,"enemies":"Shelled Parasite and Fungi","floor":22.0,"turns":5.0},{"damage":14.0,"enemies":"Sentry and Sphere","floor":23.0,"turns":4.0},{"damage":0.0,"enemies":"3 Cultists","floor":27.0,"turns":3.0},{"damage":2.0,"enemies":"downfall:FleeingMerchant","floor":30.0,"turns":4.0},{"damage":3.0,"enemies":"Book of Stabbing","floor":31.0,"turns":5.0},{"damage":15,"enemies":"Centurion and Healer","floor":32,"turns":4},{"damage":3,"enemies":"downfall:Watcher","floor":33,"turns":5},{"damage":3,"enemies":"3 Shapes","floor":36,"turns":6},{"damage":15,"enemies":"downfall:FleeingMerchant","floor":38,"turns":4},{"damage":0,"enemies":"Orb Walker","floor":39,"turns":2},{"damage":42,"enemies":"Reptomancer","floor":40,"turns":5},{"damage":23,"enemies":"Nemesis","floor":46,"turns":5},{"damage":7,"enemies":"Spire Growth","floor":47,"turns":3},{"damage":8,"enemies":"Giant Head","floor":48,"turns":5},{"damage":0,"enemies":"Writhing Mass","floor":49,"turns":5},{"damage":24,"enemies":"downfall:Silent","floor":50,"turns":9},{"damage":30,"enemies":"downfall:CharBossMerchant","floor":52,"turns":7},{"damage":31,"enemies":"downfall:NeowBoss","floor":55,"turns":18}],"seed_played":"-5336642139727886743","potions_obtained":[{"floor":2.0,"key":"Guardian:DefensiveModePotion"},{"floor":5.0,"key":"Guardian:BlockOnCardUsePotion"},{"floor":5.0,"key":"BlessingOfTheForge"},{"floor":15.0,"key":"SmokeBomb"},{"floor":16.0,"key":"Explosive Potion"},{"floor":20.0,"key":"CultistPotion"},{"floor":31,"key":"EntropicBrew"},{"floor":33,"key":"Swift Potion"},{"floor":39,"key":"champ:CounterPotion"},{"floor":46,"key":"Swift Potion"},{"floor":49,"key":"EssenceOfSteel"}],"is_trial":false,"path_per_floor":["R","M","M","$","?","M","T","M","R","E","?","R","?","E","M","B",null,"R","M","?","?","M","M","T","?","R","M","?","T","$","E","M","B",null,"R","M","?","$","M","E","T","R","$","?","R","E","M","E","M","B",null,"E","$","R","B",null],"character_chosen":"GUARDIAN","items_purchased":["Guardian:Orbwalk","Guardian:StasisCodex","Guardian:ArmoredProtocol+1","Toy Ornithopter","Guardian:TimeCapacitor+1","War Paint"],"campfire_rested":6,"item_purchase_floors":[4,38,38,43,53,53],"current_hp_per_floor":[72,71,71,71,71,66,66,60,60,51,51,51,51,51,38,13,63,80,68,68,53,24,10,10,36,73,73,73,73,71,68,53,50,80,90,87,78,63,63,21,21,48,48,48,75,52,45,42,42,23,73,43,43,70,39],"gold":5,"neow_bonus":"BOSS_RELIC","is_daily":false,"chose_seed":false,"campfire_upgraded":2,"win_rate":0.0,"timestamp":1608857754,"path_taken":["R","M","M","$","?","?","T","M","R","E","?","R","?","E","M","BOSS","R","M","?","?","M","M","T","?","R","M","?","?","$","E","M","BOSS","R","M","?","$","M","E","T","R","?","?","R","E","M","E","M","BOSS","E","$","R","BOSS"],"items_purchased_type":["Card","Relic","Card","Relic","Card","Relic"],"build_version":"2020-12-22","purchased_purges":1,"victory":true,"max_hp_per_floor":[80,80,80,80,80,80,80,80,80,80,80,80,80,80,80,80,80,80,80,80,80,80,80,80,80,90,90,90,90,90,90,90,90,90,90,90,90,90,90,90,90,90,90,90,90,90,90,90,90,90,90,90,90,90,90],"relic_stats":{"counters":[28,148],"Mummified Hand":[136],"Astrolabe":["Guardian:TimeCapacitor","Guardian:TimeCapacitor","Guardian:Emergency"],"Art of War":[8],"Bag of Preparation":[2],"War Paint":["Guardian:CurlUp","Guardian:Recover"],"Cursed Key":0,"obtain_stats":[{"Guardian:DefensiveModeMoreBlock":31,"Ice Cream":40,"downfall:HeartBlessingRed":12,"Nilry\u0027s Codex":21,"Astrolabe":0,"Guardian:ModeShifter":0,"downfall:HeartBlessingGreen":18,"Guardian:StasisCodex":38,"The Courier":46,"Omamori":48,"Bag of Preparation":52,"Frozen Egg 2":24,"War Paint":53,"Ancient Tea Set":28,"Cursed Key":34,"downfall:HeartBlessingBlue":26,"Mummified Hand":29,"Fusion Hammer":17,"Art of War":14,"TungstenRod":10,"Toy Ornithopter":43},{"Guardian:DefensiveModeMoreBlock":15,"Ice Cream":21,"downfall:HeartBlessingRed":6,"Nilry\u0027s Codex":10,"Astrolabe":0,"Guardian:ModeShifter":0,"downfall:HeartBlessingGreen":9,"Guardian:StasisCodex":19,"The Courier":22,"Omamori":24,"Bag of Preparation":27,"Frozen Egg 2":12,"War Paint":27,"Ancient Tea Set":13,"Cursed Key":17,"downfall:HeartBlessingBlue":12,"Mummified Hand":13,"Fusion Hammer":9,"Art of War":7,"TungstenRod":6,"Toy Ornithopter":21},{"Guardian:DefensiveModeMoreBlock":70,"Ice Cream":96,"downfall:HeartBlessingRed":27,"Nilry\u0027s Codex":49,"Astrolabe":0,"Guardian:ModeShifter":0,"downfall:HeartBlessingGreen":44,"Guardian:StasisCodex":89,"The Courier":101,"Omamori":109,"Bag of Preparation":130,"Frozen Egg 2":58,"War Paint":130,"Ancient Tea Set":61,"Cursed Key":79,"downfall:HeartBlessingBlue":58,"Mummified Hand":61,"Fusion Hammer":44,"Art of War":32,"TungstenRod":27,"Toy Ornithopter":96}],"TungstenRod":44,"Toy Ornithopter":10},"card_choices":[{"not_picked":["Guardian:RefractedBeam","Guardian:Recover"],"picked":"Guardian:SentryBeam","floor":2.0},{"not_picked":["Guardian:Reroute","Guardian:ShieldCharger"],"picked":"Guardian:Orbwalk","floor":3.0},{"not_picked":["Guardian:Gem_Green","Guardian:CrystalBeam","Guardian:Gem_Lightblue"],"picked":"SKIP","floor":4.0},{"not_picked":["Guardian:Gem_White","Guardian:Gem_Fragmented"],"picked":"Guardian:GuardianWhirl","floor":6.0},{"not_picked":["Guardian:Gem_Yellow","Guardian:Gem_Green"],"picked":"Guardian:Gem_Cyan","floor":8.0},{"not_picked":["Guardian:Gem_Cyan","Guardian:PrimingBeam"],"picked":"Guardian:Reroute","floor":10.0},{"not_picked":["Guardian:TemporalStrike","Guardian:Emergency","Guardian:Gem_Crimson"],"picked":"SKIP","floor":14.0},{"not_picked":["Guardian:SpikerProtocol","Guardian:Incinerate"],"picked":"Guardian:Harden","floor":15.0},{"not_picked":["Guardian:StasisField","Guardian:BaubleBeam"],"picked":"Guardian:FierceBash","floor":16.0},{"not_picked":["Guardian:WalkerClaw","Guardian:Recover"],"picked":"Guardian:Planning","floor":19.0},{"not_picked":["Guardian:ChargeCore","Guardian:TemporalShield"],"picked":"Guardian:MultiBeam+1","floor":22.0},{"not_picked":["Guardian:PrismaticBeam","Guardian:CrystalBeam","Guardian:Planning"],"picked":"SKIP","floor":23.0},{"not_picked":["Guardian:Reroute","Guardian:BronzeOrb"],"picked":"Guardian:Recover","floor":27.0},{"not_picked":["Guardian:TimeCapacitor+1","Guardian:ChargeCore+1"],"picked":"Guardian:ChargeUp","floor":30.0},{"not_picked":["Guardian:SpikerProtocol+1","Guardian:MultiBeam"],"picked":"Guardian:FloatingOrbs+1","floor":31},{"not_picked":["Guardian:Emergency","Guardian:Recover"],"picked":"Guardian:ChargeCore+1","floor":32},{"not_picked":["Guardian:ExploitGems","Guardian:BaubleBeam"],"picked":"Guardian:Gem_Orange","floor":33},{"not_picked":["Guardian:ShieldCharger","Guardian:WalkerClaw+1","Guardian:GuardianWhirl"],"picked":"SKIP","floor":36},{"not_picked":["expansioncontent:DecasProtection","expansioncontent:PolyBeam"],"picked":"expansioncontent:CaCaw+1","floor":37},{"not_picked":["expansioncontent:Flail","expansioncontent:PolyBeam"],"picked":"expansioncontent:TimeRipple","floor":37},{"not_picked":["Guardian:Gem_Fragmented","Guardian:PrismaticBarrier"],"picked":"Guardian:Suspension+1","floor":38},{"not_picked":["Guardian:ShieldCharger","Guardian:Gem_Lightblue","Guardian:Gem_Cyan"],"picked":"SKIP","floor":39},{"not_picked":["Guardian:Recover","Guardian:Gem_Cyan"],"picked":"Guardian:Harden","floor":40},{"not_picked":["Guardian:ShieldCharger","Guardian:Suspension+1"],"picked":"Guardian:Reroute+1","floor":46},{"not_picked":["Guardian:TemporalStrike+1","Guardian:TemporalShield+1","Guardian:PrimingBeam+1"],"picked":"SKIP","floor":47},{"not_picked":["Guardian:ShieldCharger+1","Guardian:TemporalStrike","Guardian:StasisField"],"picked":"SKIP","floor":48},{"not_picked":["Guardian:BronzeArmor+1","Guardian:Gem_Red"],"picked":"Guardian:EvasiveProtocol+1","floor":49},{"not_picked":["Guardian:Gem_Blue","Guardian:PiercingHide+1"],"picked":"Guardian:Gem_Yellow","floor":52}],"player_experience":562504,"relics_obtained":[{"floor":10.0,"key":"TungstenRod"},{"floor":14.0,"key":"Art of War"},{"floor":21.0,"key":"Nilry\u0027s Codex"},{"floor":24.0,"key":"Frozen Egg 2"},{"floor":29.0,"key":"Mummified Hand"},{"floor":31,"key":"Guardian:DefensiveModeMoreBlock"},{"floor":40,"key":"Ice Cream"},{"floor":46,"key":"The Courier"},{"floor":48,"key":"Omamori"},{"floor":52,"key":"Bag of Preparation"}],"event_choices":[{"damage_healed":0.0,"max_hp_gain":0.0,"max_hp_loss":0.0,"gold_gain":0.0,"event_name":"Lab","player_choice":"Got Potions","floor":5.0,"gold_loss":0.0,"damage_taken":0.0},{"cards_removed":["Guardian:Defend_Guardian"],"damage_healed":0.0,"max_hp_gain":0.0,"max_hp_loss":0.0,"gold_gain":0.0,"event_name":"Bonfire Elementals","player_choice":"Offered Basic","floor":13.0,"gold_loss":0.0,"damage_taken":0.0},{"damage_healed":26.0,"max_hp_gain":0.0,"max_hp_loss":0.0,"gold_gain":0.0,"event_name":"The Library","player_choice":"Heal","floor":25.0,"gold_loss":0.0,"damage_taken":0.0},{"damage_healed":0.0,"max_hp_gain":0.0,"max_hp_loss":0.0,"gold_gain":0.0,"event_name":"Addict","player_choice":"Stole Relic","floor":28.0,"gold_loss":0.0,"damage_taken":0.0,"relics_obtained":["Ancient Tea Set"],"cards_obtained":["Shame"]}],"is_beta":false,"boss_relics":[{"not_picked":["Velvet Choker","Calling Bell"],"picked":"Fusion Hammer"},{"not_picked":["Sozu","SacredBark"],"picked":"Cursed Key"}],"items_purged_floors":[30],"is_endless":false,"potions_floor_spawned":[2,6,8,15,16,22,23,31,33,36,39,46,49],"ascension_level":9}}