{"host":"jksa5rawk3m4gilz","time":1608920426,"event":{"mods":["BaseMod","Colored Map","Highlight Path","Minty Spire (QoL Compilation)","Quick Restart"],"gold_per_floor":[111,61,38,50,50,50,61,86,110,141,161,161,189,202,202,202,202],"floor_reached":16,"playtime":558,"items_purged":[],"score":198,"play_id":"0279916e-dfec-4763-8c6d-45e1030f8eae","local_time":"20201225192026","is_ascension_mode":true,"campfire_choices":[{"data":"Dagger Spray","floor":6,"key":"SMITH"},{"floor":12,"key":"REST"},{"data":"After Image","floor":15,"key":"SMITH"}],"circlet_count":0,"master_deck":["AscendersBane","Strike_G","Strike_G","Strike_G","Strike_G","Defend_G","Defend_G","Defend_G","Defend_G","Defend_G","Survivor","Neutralize+1","Blade Dance","Dagger Spray+1","Cloak And Dagger","Masterful Stab","After Image+1","Dagger Throw"],"relics":["Ring of the Snake","NeowsBlessing","Potion Belt","Toy Ornithopter","Blood Vial","Ancient Tea Set"],"acts_visited":["Exordium"],"potions_floor_usage":[10,13,13],"damage_taken":[{"damage":0,"enemies":"Cultist","floor":1,"turns":1},{"damage":0,"enemies":"Small Slimes","floor":4,"turns":1},{"damage":0,"enemies":"2 Louse","floor":7,"turns":1},{"damage":22,"enemies":"3 Sentries","floor":8,"turns":6},{"damage":10,"enemies":"Gremlin Nob","floor":10,"turns":4},{"damage":12,"enemies":"Exordium Thugs","floor":11,"turns":5},{"damage":24,"enemies":"Lagavulin","floor":13,"turns":7},{"damage":0,"enemies":"Gremlin Gang","floor":14,"turns":1},{"damage":42,"enemies":"Hexaghost","floor":16,"turns":11}],"seed_played":"-8918971287674121415","potions_obtained":[{"floor":4,"key":"FearPotion"},{"floor":10,"key":"Poison Potion"},{"floor":11,"key":"Block Potion"}],"is_trial":false,"path_per_floor":["M","?","$","M","?","R","M","E","T","E","M","R","E","M","R","B"],"character_chosen":"THE_SILENT","items_purchased":["Dagger Spray"],"campfire_rested":1,"item_purchase_floors":[3],"current_hp_per_floor":[63,63,63,63,63,63,63,41,41,36,26,47,35,37,37,0,0],"gold":202,"neow_bonus":"THREE_ENEMY_KILL","is_daily":false,"chose_seed":false,"campfire_upgraded":2,"win_rate":0.0,"timestamp":1608920426,"path_taken":["M","?","$","M","?","R","M","E","T","E","M","R","E","M","R","BOSS"],"items_purchased_type":["Card"],"build_version":"2020-12-22","purchased_purges":0,"victory":false,"max_hp_per_floor":[70,70,70,70,70,70,70,70,70,70,70,70,70,70,70,70,70],"card_choices":[{"not_picked":["Underhanded Strike","Dagger Throw"],"picked":"Blade Dance","floor":1},{"not_picked":["Dodge and Roll","Outmaneuver","Quick Slash"],"picked":"SKIP","floor":4},{"not_picked":["Quick Slash","Setup","Backflip"],"picked":"SKIP","floor":7},{"not_picked":["Expertise","Reflex"],"picked":"Cloak And Dagger","floor":8},{"not_picked":["Acrobatics","PiercingWail"],"picked":"Masterful Stab","floor":10},{"not_picked":["Quick Slash","Deadly Poison"],"picked":"After Image","floor":11},{"not_picked":["Crippling Poison","Catalyst"],"picked":"Dagger Throw","floor":13},{"not_picked":["Noxious Fumes","Dagger Spray","Reflex"],"picked":"SKIP","floor":14}],"player_experience":2063749,"relics_obtained":[{"floor":8,"key":"Potion Belt"},{"floor":9,"key":"Toy Ornithopter"},{"floor":10,"key":"Blood Vial"},{"floor":13,"key":"Ancient Tea Set"}],"event_choices":[{"cards_removed":["Strike_G"],"damage_healed":0,"gold_gain":0,"player_choice":"Card Removal","damage_taken":0,"max_hp_gain":0,"max_hp_loss":0,"event_name":"The Cleric","floor":2,"gold_loss":50},{"damage_healed":0,"gold_gain":0,"player_choice":"Upgraded","damage_taken":0,"max_hp_gain":0,"max_hp_loss":0,"event_name":"Upgrade Shrine","floor":5,"gold_loss":0,"cards_upgraded":["Neutralize"]}],"is_beta":false,"boss_relics":[],"items_purged_floors":[],"is_endless":false,"potions_floor_spawned":[4,10,11],"killed_by":"Hexaghost","ascension_level":13}}