{"host":"30jsp143e4v19aze","time":1608911130,"event":{"mods":["BaseMod","Colored Map","Colored Powertips","Curses Come First","DeckTracker","Highlight Path","Minty Spire (QoL Compilation)","Quick Restart","Relic Stats","StSLib","everything is the same but u backflip on backflip","slay the spire mod where everything is the same but ironclad has a cowboy hat"],"gold_per_floor":[109,184,14,14,14,53,78,109,136,136,136],"floor_reached":10,"playtime":227,"items_purged":[],"score":198,"play_id":"0aadb9da-b283-49b8-96c9-4aadd25634cd","local_time":"20201225164530","is_ascension_mode":true,"campfire_choices":[],"circlet_count":0,"master_deck":["AscendersBane","Strike_R","Strike_R","Strike_R","Strike_R","Strike_R","Defend_R","Defend_R","Defend_R","Defend_R","Bash","Inflame","Uppercut","Shrug It Off","Flame Barrier","Corruption"],"relics":["Burning Blood","NeowsBlessing","Golden Idol","Regal Pillow","Blue Candle","Meat on the Bone","Juzu Bracelet"],"acts_visited":["Exordium"],"potions_floor_usage":[10],"damage_taken":[{"damage":0,"enemies":"2 Louse","floor":1,"turns":1},{"damage":0,"enemies":"Lagavulin","floor":6,"turns":1},{"damage":0,"enemies":"Small Slimes","floor":7,"turns":1},{"damage":48,"enemies":"Gremlin Nob","floor":8,"turns":5},{"damage":30,"enemies":"3 Sentries","floor":10,"turns":7}],"seed_played":"8881421524877371314","potions_obtained":[{"floor":7,"key":"Strength Potion"},{"floor":8,"key":"Strength Potion"}],"is_trial":false,"path_per_floor":["M","?","$","?","?","E","M","E","T","E"],"character_chosen":"IRONCLAD","items_purchased":["Inflame","Uppercut"],"campfire_rested":0,"item_purchase_floors":[3,3],"current_hp_per_floor":[74,63,63,63,58,64,68,26,26,0,0],"gold":136,"neow_bonus":"THREE_ENEMY_KILL","is_daily":false,"chose_seed":false,"campfire_upgraded":0,"win_rate":0.0,"timestamp":1608911130,"path_taken":["M","?","$","?","?","E","M","E","T","E"],"items_purchased_type":["Card","Card"],"build_version":"2020-12-22","purchased_purges":0,"victory":false,"max_hp_per_floor":[75,75,75,68,68,68,68,68,68,68,68],"relic_stats":{"Regal Pillow":0,"counters":[5,15],"Golden Idol":19,"Blue Candle":[0],"Juzu Bracelet":0,"obtain_stats":[{"Regal Pillow":5,"NeowsBlessing":0,"Golden Idol":4,"Blue Candle":6,"Juzu Bracelet":9,"Burning Blood":0,"Meat on the Bone":8},{"Regal Pillow":1,"NeowsBlessing":0,"Golden Idol":1,"Blue Candle":2,"Juzu Bracelet":4,"Burning Blood":0,"Meat on the Bone":4},{"Regal Pillow":1,"NeowsBlessing":0,"Golden Idol":1,"Blue Candle":2,"Juzu Bracelet":8,"Burning Blood":0,"Meat on the Bone":8}],"Burning Blood":22,"Meat on the Bone":0},"card_choices":[{"not_picked":["True Grit","Iron Wave","Searing Blow"],"picked":"SKIP","floor":1},{"not_picked":["Blood for Blood","Bloodletting"],"picked":"Shrug It Off","floor":6},{"not_picked":["Clash","Rampage"],"picked":"Flame Barrier","floor":7},{"not_picked":["Whirlwind","Heavy Blade"],"picked":"Corruption","floor":8}],"player_experience":3187794,"relics_obtained":[{"floor":6,"key":"Blue Candle"},{"floor":8,"key":"Meat on the Bone"},{"floor":9,"key":"Juzu Bracelet"}],"event_choices":[{"damage_healed":0,"gold_gain":75,"player_choice":"Gather Gold","damage_taken":11,"max_hp_gain":0,"max_hp_loss":0,"event_name":"World of Goop","floor":2,"gold_loss":0},{"damage_healed":0,"gold_gain":0,"player_choice":"Lose Max HP","damage_taken":0,"relics_obtained":["Golden Idol"],"max_hp_gain":0,"max_hp_loss":7,"event_name":"Golden Idol","floor":4,"gold_loss":0},{"damage_healed":0,"gold_gain":0,"player_choice":"Success","damage_taken":5,"relics_obtained":["Regal Pillow"],"max_hp_gain":0,"max_hp_loss":0,"event_name":"Scrap Ooze","floor":5,"gold_loss":0}],"is_beta":false,"boss_relics":[],"items_purged_floors":[],"is_endless":false,"potions_floor_spawned":[7,8],"killed_by":"3 Sentries","ascension_level":20}}