{"host":"jksa5rawk3m4gilz","time":1608919627,"event":{"mods":["BaseMod","Colored Map","Highlight Path","Minty Spire (QoL Compilation)","Quick Restart"],"gold_per_floor":[109,109,109,109,130,130,161,161,234,270,286,317,86,122,122,212,212,237,237,237,237,253,253,253],"floor_reached":23,"playtime":1008,"items_purged":[],"score":383,"play_id":"82376e9e-9e2d-4c5d-9602-83ea9c622d85","local_time":"20201225190707","is_ascension_mode":true,"campfire_choices":[{"floor":6,"key":"REST"},{"data":"Choke","floor":8,"key":"SMITH"},{"floor":15,"key":"REST"}],"circlet_count":0,"master_deck":["AscendersBane","Strike_G+1","Strike_G+1","Strike_G+1","Defend_G+1","Defend_G+1","Defend_G+1","Defend_G+1","Defend_G+1","Neutralize","Choke+1","Cloak And Dagger","Accuracy+1","Magnetism+1","Slice","Flechettes","Choke"],"relics":["Ring of the Snake","NeowsBlessing","Golden Idol","Ornamental Fan","Frozen Egg 2","Singing Bowl","Gremlin Horn","SacredBark"],"acts_visited":["Exordium","TheCity"],"potions_floor_usage":[10,22],"damage_taken":[{"damage":0,"enemies":"Cultist","floor":1,"turns":1},{"damage":0,"enemies":"Jaw Worm","floor":5,"turns":1},{"damage":0,"enemies":"Gremlin Nob","floor":7,"turns":1},{"damage":16,"enemies":"3 Sentries","floor":10,"turns":12},{"damage":0,"enemies":"Small Slimes","floor":11,"turns":2},{"damage":29,"enemies":"Lagavulin","floor":12,"turns":8},{"damage":0,"enemies":"Blue Slaver","floor":14,"turns":4},{"damage":15,"enemies":"The Guardian","floor":16,"turns":11},{"damage":12,"enemies":"Shell Parasite","floor":18,"turns":8},{"damage":2,"enemies":"Chosen","floor":22,"turns":6},{"damage":60,"enemies":"Book of Stabbing","floor":23,"turns":6}],"seed_played":"8454959879475024642","potions_obtained":[{"floor":7,"key":"EntropicBrew"},{"floor":14,"key":"FearPotion"}],"is_trial":false,"path_per_floor":["M","?","?","?","M","R","E","R","T","E","M","E","$","M","R","B",null,"M","?","?","?","M","E"],"character_chosen":"THE_SILENT","items_purchased":["Magnetism+1","Slice"],"campfire_rested":2,"item_purchase_floors":[13,13],"current_hp_per_floor":[63,49,32,32,32,53,53,53,53,37,39,12,12,14,36,23,64,54,54,54,54,54,0,0],"gold":253,"neow_bonus":"THREE_ENEMY_KILL","is_daily":false,"chose_seed":false,"campfire_upgraded":1,"win_rate":0.0,"timestamp":1608919627,"path_taken":["M","?","?","?","M","R","E","R","T","E","M","E","$","?","R","BOSS","M","?","?","?","?","E"],"items_purchased_type":["Card","Card"],"build_version":"2020-12-22","purchased_purges":0,"victory":false,"max_hp_per_floor":[70,70,70,70,70,70,70,70,70,70,72,74,74,76,76,78,78,80,80,80,80,82,82,82],"card_choices":[{"not_picked":["Outmaneuver","Caltrops"],"picked":"Choke","floor":1},{"not_picked":["Dagger Spray","Caltrops"],"picked":"Cloak And Dagger","floor":5},{"not_picked":["Backflip","All Out Attack"],"picked":"Deflect","floor":7},{"not_picked":["Prepared","Expertise"],"picked":"Accuracy+1","floor":10},{"not_picked":["Poisoned Stab","Acrobatics","All Out Attack"],"picked":"Singing Bowl","floor":11},{"not_picked":["Predator","PiercingWail","Reflex"],"picked":"Singing Bowl","floor":12},{"not_picked":["Wraith Form v2+1","Dagger Spray","Cloak And Dagger"],"picked":"Singing Bowl","floor":14},{"not_picked":["Grand Finale","Bullet Time","Malaise"],"picked":"Singing Bowl","floor":16},{"not_picked":["Flechettes","Poisoned Stab","Outmaneuver"],"picked":"Singing Bowl","floor":18},{"not_picked":["Bouncing Flask","Backflip+1","Deflect"],"picked":"Singing Bowl","floor":22}],"player_experience":2063749,"relics_obtained":[{"floor":7,"key":"Ornamental Fan"},{"floor":9,"key":"Frozen Egg 2"},{"floor":10,"key":"Singing Bowl"},{"floor":12,"key":"Gremlin Horn"}],"event_choices":[{"damage_healed":0,"gold_gain":0,"player_choice":"Entered Light","damage_taken":14,"max_hp_gain":0,"max_hp_loss":0,"event_name":"Shining Light","floor":2,"gold_loss":0,"cards_upgraded":["Defend_G","Defend_G"]},{"damage_healed":0,"gold_gain":0,"player_choice":"Take Damage","damage_taken":17,"relics_obtained":["Golden Idol"],"max_hp_gain":0,"max_hp_loss":0,"event_name":"Golden Idol","floor":3,"gold_loss":0},{"cards_removed":["Strike_G"],"damage_healed":0,"gold_gain":0,"player_choice":"Purged","damage_taken":0,"max_hp_gain":0,"max_hp_loss":0,"event_name":"Purifier","floor":4,"gold_loss":0},{"damage_healed":0,"gold_gain":0,"player_choice":"Simplicity","damage_taken":0,"max_hp_gain":0,"max_hp_loss":0,"event_name":"Back to Basics","floor":19,"gold_loss":0,"cards_upgraded":["Strike_G","Strike_G","Strike_G","Strike_G","Defend_G","Defend_G","Defend_G"]},{"damage_healed":0,"gold_gain":0,"cards_transformed":["Survivor","Deflect"],"player_choice":"Became Test Subject","damage_taken":0,"max_hp_gain":0,"max_hp_loss":0,"event_name":"Drug Dealer","floor":20,"gold_loss":0,"cards_obtained":["Flechettes","Choke"]},{"cards_removed":["Strike_G"],"damage_healed":0,"gold_gain":0,"player_choice":"Purged","damage_taken":0,"max_hp_gain":0,"max_hp_loss":0,"event_name":"Purifier","floor":21,"gold_loss":0}],"is_beta":false,"boss_relics":[{"not_picked":["Ectoplasm","Ring of the Serpent"],"picked":"SacredBark"}],"items_purged_floors":[],"is_endless":false,"potions_floor_spawned":[7,14,16,18],"killed_by":"Book of Stabbing","ascension_level":13}}