{"host":"e7sl0pd4xxdbbdh2","time":1608924538,"event":{"mods":["BaseMod","Better Third Choice","Colored Map","Colored Powertips","Hubris","Minty Spire (QoL Compilation)","Replay The Spire","StSLib","SuperFastMode"],"gold_per_floor":[111,111,18,18,34,34,69,79,79,79,92,92,122,132,132,209,209,222,242,242,242,252,252,278,278,278,291,291,19,54,68,68,145,145,164,180,180,191,201,201,235,235,262,262,262],"floor_reached":44,"playtime":6742,"items_purged":["ReplayTheSpireMod:Exploit Weakness"],"score":1701,"play_id":"53332f31-4514-41ab-80a9-a023b8d2f886","local_time":"20201225162858","is_ascension_mode":true,"campfire_choices":[{"data":"hubris:Counter","floor":6.0,"key":"SMITH"},{"data":"Dagger Spray","floor":10.0,"key":"SMITH"},{"data":"Poisoned Stab","floor":12.0,"key":"SMITH"},{"data":"Neutralize","floor":15.0,"key":"SMITH"},{"data":"Backflip","floor":23.0,"key":"SMITH"},{"data":"Blade Dance","floor":25.0,"key":"SMITH"},{"data":"Deadly Poison","floor":32.0,"key":"SMITH"},{"data":"Catalyst","floor":40,"key":"SMITH"}],"circlet_count":0,"master_deck":["AscendersBane","Survivor","Neutralize+1","ReplayTheSpireMod:Speed Training+1","Flying Knee+1","Flying Knee+1","Slice+1","hubris:Counter+1","Dagger Spray+1","Burst+1","Poisoned Stab+1","Terror","Poisoned Stab","After Image+1","Eviscerate","Calculated Gamble","Glass Knife+1","Replay:Bag of Tricks+1","Poisoned Stab","All Out Attack","Backflip+1","PiercingWail","Infinite Blades","Blade Dance+1","Leg Sweep+1","Hidden Blade+1","Dodge and Roll+1","Replay:Sssssssssshield+1","Deadly Poison+1","After Image+1","Deadly Poison","Backflip+1","Catalyst+1","Pot Of Greed","Pot Of Greed","Pot Of Greed"],"relics":["Ring of the Snake","NeowsBlessing","Golden Egg","Mercury Hourglass","Garlic","Pandora\u0027s Box","hubris:BottledHeart","Orichalcum","hubris:SphereOfDissonance","Eternal Feather","War Paint","SacredBark","hubris:DisguiseKit","Grinning Jar"],"acts_visited":["Exordium","TheCity","TheBeyond"],"potions_floor_usage":[41,41],"damage_taken":[{"damage":0.0,"enemies":"2 Louse","floor":1.0,"turns":1.0},{"damage":0.0,"enemies":"Cultist","floor":5.0,"turns":1.0},{"damage":0.0,"enemies":"Gremlin Nob","floor":7.0,"turns":1.0},{"damage":0.0,"enemies":"Small Slimes","floor":8.0,"turns":2.0},{"damage":3.0,"enemies":"Exordium Thugs","floor":11.0,"turns":3.0},{"damage":9.0,"enemies":"Replay:BlueRogue","floor":13.0,"turns":4.0},{"damage":0.0,"enemies":"Large Slime","floor":14.0,"turns":4.0},{"damage":29.0,"enemies":"The Guardian","floor":16.0,"turns":9.0},{"damage":11.0,"enemies":"Spheric Guardian","floor":18.0,"turns":4.0},{"damage":0.0,"enemies":"3 Byrds","floor":19.0,"turns":3.0},{"damage":0.0,"enemies":"Shelled Parasite and Fungi","floor":22.0,"turns":4.0},{"damage":0.0,"enemies":"Replay:Snechameleon","floor":24.0,"turns":6.0},{"damage":0.0,"enemies":"Snake Plant","floor":27.0,"turns":3.0},{"damage":0.0,"enemies":"Gremlin Leader","floor":30.0,"turns":5.0},{"damage":0.0,"enemies":"Centurion and Healer","floor":31.0,"turns":4.0},{"damage":0,"enemies":"Pondfish","floor":33,"turns":10},{"damage":0,"enemies":"Orb Walker","floor":35,"turns":3},{"damage":0,"enemies":"3 Darklings","floor":36,"turns":4},{"damage":0,"enemies":"Sphere and 2 Shapes","floor":38,"turns":6},{"damage":0,"enemies":"Jaw Worm Horde","floor":39,"turns":5},{"damage":0,"enemies":"Reptomancer","floor":41,"turns":9},{"damage":25,"enemies":"Giant Head","floor":44,"turns":8}],"seed_played":"3223626835280101557","potions_obtained":[{"floor":1.0,"key":"Strength Potion"},{"floor":8.0,"key":"SteroidPotion"},{"floor":14.0,"key":"Fire Potion"},{"floor":24.0,"key":"Block Potion"},{"floor":33,"key":"Adrenaline Potion"},{"floor":36,"key":"BlessingOfTheForge"}],"is_trial":false,"path_per_floor":["M","?","$","?","M","R","E","M","T","R","M","R","E","M","R","B",null,"M","M","?","?","M","R","E","R","T","M","T","$","E","M","R","B",null,"M","M","?","M","M","R","E","?","T","E"],"character_chosen":"THE_SILENT","items_purchased":["Flying Knee","Slice","Fruit Juice","Replay:Sssssssssshield"],"campfire_rested":0,"item_purchase_floors":[3,3,29,29],"current_hp_per_floor":[59,59,59,64,64,64,64,64,64,64,61,61,52,52,52,23,59,48,48,48,1,1,1,1,1,1,1,1,1,1,1,1,1,1,1,1,1,1,1,1,1,1,1,0,0],"gold":262,"neow_bonus":"THREE_ENEMY_KILL","is_daily":false,"chose_seed":false,"campfire_upgraded":8,"win_rate":0.0,"timestamp":1608924538,"path_taken":["M","?","?","?","?","R","E","M","T","R","M","R","E","M","R","BOSS","M","M","?","?","M","R","E","R","T","M","?","$","E","M","R","BOSS","M","M","?","M","M","R","E","?","T","E"],"items_purchased_type":["Card","Card","Potion","Card"],"build_version":"2020-12-22","purchased_purges":1,"victory":false,"max_hp_per_floor":[66,66,66,71,71,71,71,71,71,71,71,71,71,71,71,71,71,71,71,71,1,1,1,1,1,1,1,1,1,1,1,1,1,1,1,1,1,1,1,1,1,1,1,1,1],"card_choices":[{"not_picked":["Sucker Punch","Catalyst"],"picked":"ReplayTheSpireMod:Speed Training","floor":1.0},{"not_picked":["Outmaneuver","Infinite Blades"],"picked":"hubris:Counter","floor":5.0},{"not_picked":["Dodge and Roll","Quick Slash"],"picked":"Dagger Spray","floor":7.0},{"not_picked":["Accuracy","Outmaneuver"],"picked":"Burst","floor":8.0},{"not_picked":["Flying Knee","Prepared"],"picked":"Poisoned Stab","floor":11.0},{"not_picked":["Reflex","Infinite Blades"],"picked":"Terror","floor":13.0},{"not_picked":["Sneak Up","Draining Mist"],"picked":"Poisoned Stab","floor":14.0},{"not_picked":["Atom Bomb","Adrenaline"],"picked":"After Image","floor":16.0},{"not_picked":["Cloak And Dagger","Bane"],"picked":"PiercingWail","floor":18.0},{"not_picked":["Concentrate+1","Dagger Spray","Cloak And Dagger"],"picked":"SKIP","floor":19.0},{"not_picked":["Prepared","Acrobatics"],"picked":"Leg Sweep+1","floor":22.0},{"not_picked":["Bane","Quick Slash"],"picked":"Hidden Blade","floor":24.0},{"not_picked":["All Out Attack","ReplayTheSpireMod:Scrap Shanks+1"],"picked":"Dodge and Roll+1","floor":27.0},{"not_picked":["Infinite Blades","Dagger Throw","Doppelganger"],"picked":"SKIP","floor":30.0},{"not_picked":["Blade Dance","Flying Knee"],"picked":"Deadly Poison","floor":31.0},{"not_picked":["ReplayTheSpireMod:Necrosis","Phantasmal Killer"],"picked":"After Image","floor":33},{"not_picked":["hubris:SlightOfHand","Quick Slash","Bane"],"picked":"SKIP","floor":35},{"not_picked":["Acrobatics+1","Infinite Blades+1"],"picked":"Deadly Poison","floor":36},{"not_picked":["ReplayTheSpireMod:Tripwire","Hidden Blade"],"picked":"Backflip+1","floor":38},{"not_picked":["Venomology","Well Laid Plans"],"picked":"Catalyst","floor":39},{"not_picked":["Deadly Poison","ReplayTheSpireMod:Shiv Toss","Riddle With Holes"],"picked":"SKIP","floor":41}],"player_experience":1610025,"relics_obtained":[{"floor":2.0,"key":"Golden Egg"},{"floor":7.0,"key":"Mercury Hourglass"},{"floor":13.0,"key":"Garlic"},{"floor":24.0,"key":"Orichalcum"},{"floor":26.0,"key":"hubris:SphereOfDissonance"},{"floor":28.0,"key":"Eternal Feather"},{"floor":30.0,"key":"War Paint"},{"floor":41,"key":"hubris:DisguiseKit"},{"floor":43,"key":"Grinning Jar"}],"event_choices":[{"damage_healed":0.0,"max_hp_gain":0.0,"max_hp_loss":0.0,"gold_gain":0.0,"event_name":"Wheel of Change","player_choice":"Relic","floor":2.0,"gold_loss":0.0,"damage_taken":0.0},{"damage_healed":0.0,"max_hp_gain":5.0,"max_hp_loss":0.0,"gold_gain":0.0,"event_name":"Big Fish","player_choice":"Donut","floor":4.0,"gold_loss":0.0,"damage_taken":0.0},{"damage_healed":0.0,"max_hp_gain":0.0,"max_hp_loss":0.0,"gold_gain":0.0,"cards_transformed":["Outmaneuver","ReplayTheSpireMod:The Works"],"event_name":"Drug Dealer","player_choice":"Became Test Subject","floor":20.0,"gold_loss":0.0,"damage_taken":0.0,"cards_obtained":["Infinite Blades","Blade Dance"]},{"damage_healed":0,"gold_gain":0,"player_choice":"Max HP","damage_taken":0,"max_hp_gain":0,"max_hp_loss":0,"event_name":"Winding Halls","floor":42,"gold_loss":0}],"is_beta":false,"boss_relics":[{"not_picked":["Tiny House","Replay:Wanted Poster"],"picked":"Pandora\u0027s Box"},{"not_picked":["hubris:CrackedHourglass","Replay:Ancient Bell"],"picked":"SacredBark"}],"items_purged_floors":[29],"is_endless":false,"potions_floor_spawned":[1,8,14,16,18,24,27,33,36,39],"killed_by":"Giant Head","ascension_level":20}}