{"host":"wha9hktbkslqvblg","time":1608884461,"event":{"mods":["BaseMod","Colored Map","Minty Spire (QoL Compilation)","Relic Stats","SuperFastMode","everything is the same but u backflip on backflip"],"gold_per_floor":[20,37,37,47,67,67,84,84,84,84,103,103,113,38,38,112,112,131,131,31,31,31],"floor_reached":21,"playtime":435,"items_purged":["Strike_R","Strike_R"],"score":342,"play_id":"bc5dafb8-5301-4be3-b9fc-32fad4c0b1f2","local_time":"20201225172101","is_ascension_mode":true,"campfire_choices":[{"data":"1","floor":6.0,"key":"LIFT"},{"data":"2","floor":8.0,"key":"LIFT"},{"data":"3","floor":10.0,"key":"LIFT"},{"data":"Limit Break","floor":15.0,"key":"SMITH"}],"circlet_count":0,"master_deck":["AscendersBane","Strike_R","Strike_R","Defend_R","Defend_R","Defend_R","Defend_R","Bash","Pommel Strike","Reaper","Hemokinesis","Shrug It Off","Limit Break+1","Anger","Sword Boomerang","Impervious","Second Wind"],"relics":["Burning Blood","Girya","SlaversCollar"],"acts_visited":["Exordium","TheCity"],"potions_floor_usage":[],"damage_taken":[{"damage":10.0,"enemies":"Small Slimes","floor":1.0,"turns":4.0},{"damage":12.0,"enemies":"Cultist","floor":2.0,"turns":4.0},{"damage":13.0,"enemies":"Jaw Worm","floor":4.0,"turns":4.0},{"damage":40.0,"enemies":"Exordium Thugs","floor":5.0,"turns":5.0},{"damage":8.0,"enemies":"Blue Slaver","floor":7.0,"turns":4.0},{"damage":11.0,"enemies":"Looter","floor":11.0,"turns":3.0},{"damage":18.0,"enemies":"Exordium Wildlife","floor":13.0,"turns":3.0},{"damage":43.0,"enemies":"The Guardian","floor":16.0,"turns":12.0},{"damage":28.0,"enemies":"2 Thieves","floor":18.0,"turns":4.0},{"damage":30,"enemies":"3 Byrds","floor":21,"turns":5}],"seed_played":"5015137553726201311","potions_obtained":[{"floor":5.0,"key":"FearPotion"},{"floor":7.0,"key":"BlessingOfTheForge"},{"floor":13.0,"key":"Ancient Potion"}],"is_trial":false,"path_per_floor":["M","M","?","M","M","R","M","R","T","R","M","?","M","$","R","B",null,"M","?","$","M"],"character_chosen":"IRONCLAD","items_purchased":[],"campfire_rested":0,"item_purchase_floors":[],"current_hp_per_floor":[64,58,58,55,27,27,25,25,25,25,30,30,32,32,32,23,62,57,36,36,6,6],"gold":31,"neow_bonus":"ONE_RARE_RELIC","is_daily":false,"chose_seed":false,"campfire_upgraded":1,"win_rate":0.0,"timestamp":1608884461,"path_taken":["M","M","?","M","?","R","M","R","T","R","M","?","M","?","R","BOSS","M","?","$","M"],"items_purchased_type":[],"build_version":"2020-12-22","purchased_purges":2,"victory":false,"max_hp_per_floor":[75,75,75,75,75,75,75,75,75,75,75,75,75,75,75,75,75,75,80,80,80,80],"relic_stats":{"counters":[10,48],"obtain_stats":[{"Girya":0,"SlaversCollar":17,"Burning Blood":0},{"Girya":0,"SlaversCollar":8,"Burning Blood":0},{"Girya":0,"SlaversCollar":39,"Burning Blood":0}],"Burning Blood":54},"card_choices":[{"not_picked":["Body Slam","Iron Wave"],"picked":"Pommel Strike","floor":1.0},{"not_picked":["Sentinel","True Grit","Body Slam"],"picked":"SKIP","floor":2.0},{"not_picked":["Rage","Power Through"],"picked":"Shrug It Off","floor":4.0},{"not_picked":["Entrench","True Grit"],"picked":"Limit Break","floor":5.0},{"not_picked":["Uppercut","Twin Strike","Clash"],"picked":"SKIP","floor":7.0},{"not_picked":["Cleave","Clothesline","Twin Strike"],"picked":"SKIP","floor":11.0},{"not_picked":["Headbutt","Intimidate"],"picked":"Sword Boomerang","floor":13.0},{"not_picked":["Corruption","Feed"],"picked":"Impervious","floor":16.0},{"not_picked":["True Grit","Reckless Charge"],"picked":"Second Wind","floor":18.0}],"player_experience":894427,"relics_obtained":[],"event_choices":[{"damage_healed":0.0,"max_hp_gain":0.0,"max_hp_loss":0.0,"gold_gain":0.0,"event_name":"Match and Keep!","player_choice":"2 cards matched","floor":3.0,"gold_loss":0.0,"damage_taken":0.0,"cards_obtained":["Reaper","Hemokinesis"]},{"damage_healed":0.0,"max_hp_gain":0.0,"max_hp_loss":0.0,"gold_gain":0.0,"cards_transformed":["Strike_R"],"event_name":"Transmorgrifier","player_choice":"Transformed","floor":12.0,"gold_loss":0.0,"damage_taken":0.0,"cards_obtained":["Anger"]},{"damage_healed":0.0,"max_hp_gain":5.0,"max_hp_loss":0.0,"gold_gain":0.0,"event_name":"Forgotten Altar","player_choice":"Shed Blood","floor":19.0,"gold_loss":0.0,"damage_taken":26.0}],"is_beta":false,"boss_relics":[{"not_picked":["Busted Crown","Velvet Choker"],"picked":"SlaversCollar"}],"items_purged_floors":[14,20],"is_endless":false,"potions_floor_spawned":[5,7,13,16],"killed_by":"3 Byrds","ascension_level":20}}