{"host":"x5nedmcg1ruvdks4","time":1608883141,"event":{"mods":["AchievementEnabler","BaseMod","Block Reminder","DeckTracker","Minty Spire (QoL Compilation)","Permanent Neow"],"gold_per_floor":[115,135,210,210,175,206,206,232,257,257,275,287,287,302,302,403,403,414,428,443,131,131,159,159,174,174,174,192,192,192],"floor_reached":29,"playtime":1600,"items_purged":[],"score":293,"play_id":"28ce32ae-697f-4116-85dc-ec981f4f2c0f","local_time":"20201225085901","is_ascension_mode":true,"campfire_choices":[{"data":"Survivor","floor":7.0,"key":"SMITH"},{"data":"Catalyst","floor":13.0,"key":"SMITH"},{"data":"Storm of Steel","floor":15.0,"key":"SMITH"},{"data":"Cloak And Dagger","floor":24,"key":"SMITH"},{"data":"Infinite Blades","floor":27,"key":"SMITH"}],"circlet_count":0,"master_deck":["Strike_G","Strike_G","Strike_G","Strike_G","Strike_G","Defend_G","Defend_G","Defend_G+1","Defend_G","Defend_G","Survivor+1","Neutralize+1","Riddle With Holes","Infinite Blades+1","Cloak And Dagger+1","Catalyst+1","PiercingWail","Dagger Throw","Storm of Steel+1","Unload","Accuracy","Distraction+1","Accuracy","Ghostly","Ghostly","Ghostly","Ghostly","Ghostly","Tools of the Trade"],"relics":["Coffee Dripper","Pen Nib","Bronze Scales","Centennial Puzzle","Dream Catcher","SlaversCollar","Kunai","Juzu Bracelet","Tough Bandages"],"acts_visited":["Exordium","TheCity"],"potions_floor_usage":[23],"damage_taken":[{"damage":4.0,"enemies":"2 Louse","floor":1.0,"turns":3.0},{"damage":0.0,"enemies":"Jaw Worm","floor":2.0,"turns":3.0},{"damage":19.0,"enemies":"3 Sentries","floor":6.0,"turns":7.0},{"damage":12.0,"enemies":"Gremlin Nob","floor":8.0,"turns":5.0},{"damage":0.0,"enemies":"Small Slimes","floor":11.0,"turns":3.0},{"damage":8.0,"enemies":"Exordium Wildlife","floor":12.0,"turns":3.0},{"damage":0.0,"enemies":"Blue Slaver","floor":14.0,"turns":3.0},{"damage":13.0,"enemies":"Slime Boss","floor":16.0,"turns":11.0},{"damage":14,"enemies":"Shell Parasite","floor":18,"turns":6},{"damage":10,"enemies":"Spheric Guardian","floor":19,"turns":3},{"damage":0,"enemies":"Snake Plant","floor":20,"turns":4},{"damage":1,"enemies":"Gremlin Leader","floor":23,"turns":6},{"damage":2,"enemies":"3 Cultists","floor":25,"turns":7},{"damage":9,"enemies":"Centurion and Healer","floor":28,"turns":3},{"damage":27,"enemies":"Slavers","floor":29,"turns":1}],"seed_played":"-3140859684996203863","potions_obtained":[{"floor":1.0,"key":"Swift Potion"},{"floor":2.0,"key":"Energy Potion"},{"floor":19,"key":"Fire Potion"},{"floor":25,"key":"Dexterity Potion"}],"is_trial":false,"path_per_floor":["M","M","?","?","?","E","R","E","T","?","M","M","R","M","R","B",null,"M","M","M","$","?","E","R","M","T","R","M","E"],"character_chosen":"THE_SILENT","items_purchased":["Kunai","Accuracy"],"campfire_rested":0,"item_purchase_floors":[21,21],"current_hp_per_floor":[66,66,55,41,58,39,39,27,27,24,24,16,16,16,16,3,70,56,46,46,46,35,34,34,32,32,32,23,0,0],"gold":192,"neow_bonus":"BOSS_RELIC","is_daily":false,"chose_seed":false,"campfire_upgraded":5,"win_rate":0.0,"timestamp":1608883141,"path_taken":["M","M","?","?","?","E","R","E","T","?","M","M","R","M","R","BOSS","M","M","M","$","?","E","R","M","T","R","M","E"],"items_purchased_type":["Relic","Card"],"build_version":"2020-12-22","purchased_purges":0,"victory":false,"max_hp_per_floor":[70,70,70,70,70,70,70,70,70,70,70,70,70,70,70,70,70,70,70,70,70,35,35,35,35,35,35,35,35,35],"card_choices":[{"not_picked":["Poisoned Stab","Blur"],"picked":"Riddle With Holes","floor":1.0},{"not_picked":["Sucker Punch","Blade Dance"],"picked":"Infinite Blades","floor":2.0},{"not_picked":["Calculated Gamble","Poisoned Stab"],"picked":"Cloak And Dagger","floor":6.0},{"not_picked":["Dagger Throw","Dash"],"picked":"Catalyst","floor":8.0},{"not_picked":["Dodge and Roll","Leg Sweep"],"picked":"PiercingWail","floor":11.0},{"not_picked":["Caltrops","Prepared"],"picked":"Dagger Throw","floor":12.0},{"not_picked":["Bane","Slice"],"picked":"Storm of Steel","floor":14.0},{"not_picked":["Malaise","Glass Knife"],"picked":"Unload","floor":16.0},{"not_picked":["Slice","Underhanded Strike"],"picked":"Accuracy","floor":18},{"not_picked":["Quick Slash","Blade Dance"],"picked":"Distraction+1","floor":19},{"not_picked":["Dagger Spray","Quick Slash","Poisoned Stab"],"picked":"SKIP","floor":20},{"not_picked":["Eviscerate","Backflip","Leg Sweep"],"picked":"SKIP","floor":23},{"not_picked":["Poisoned Stab","Cloak And Dagger","Deflect"],"picked":"SKIP","floor":25},{"not_picked":["PiercingWail","Dagger Throw+1"],"picked":"Tools of the Trade","floor":28}],"player_experience":68411,"relics_obtained":[{"floor":6.0,"key":"Pen Nib"},{"floor":8.0,"key":"Bronze Scales"},{"floor":9.0,"key":"Centennial Puzzle"},{"floor":23,"key":"Juzu Bracelet"},{"floor":26,"key":"Tough Bandages"}],"event_choices":[{"damage_healed":0.0,"max_hp_gain":0.0,"max_hp_loss":0.0,"gold_gain":75.0,"event_name":"World of Goop","player_choice":"Gather Gold","floor":3.0,"gold_loss":0.0,"damage_taken":11.0},{"damage_healed":0.0,"max_hp_gain":0.0,"max_hp_loss":0.0,"gold_gain":0.0,"event_name":"Shining Light","player_choice":"Entered Light","floor":4.0,"gold_loss":0.0,"damage_taken":14.0,"cards_upgraded":["Neutralize","Defend_G"]},{"damage_healed":17.0,"max_hp_gain":0.0,"max_hp_loss":0.0,"gold_gain":0.0,"event_name":"The Cleric","player_choice":"Healed","floor":5.0,"gold_loss":35.0,"damage_taken":0.0},{"damage_healed":0.0,"max_hp_gain":0.0,"max_hp_loss":0.0,"gold_gain":0.0,"event_name":"Scrap Ooze","player_choice":"Success","floor":10.0,"gold_loss":0.0,"damage_taken":3.0,"relics_obtained":["Dream Catcher"]},{"damage_healed":0,"gold_gain":0,"player_choice":"Became a Ghost","damage_taken":0,"max_hp_gain":0,"max_hp_loss":35,"event_name":"Ghosts","floor":22,"gold_loss":0,"cards_obtained":["Ghostly","Ghostly","Ghostly","Ghostly","Ghostly"]}],"is_beta":false,"boss_relics":[{"not_picked":["Busted Crown","SacredBark"],"picked":"SlaversCollar"}],"items_purged_floors":[],"is_endless":false,"potions_floor_spawned":[1,2,19,25],"killed_by":"Slavers","ascension_level":1}}