{"host":"cjhtzh7tp54jdfyv","time":1608861553,"event":{"mods":["AchievementEnabler","BaseMod","Colored Map","Colored Powertips","Curses Come First","DeckTracker","Filter the Spire","Minty Spire (QoL Compilation)","RNG Fix","Relic Sorter","Relic Stats","StSLib","The Marked","UnlockEverythingMod","ojb\u0027s Better Paths Mod","ojb\u0027s Info Mod"],"gold_per_floor":[219,229,248,248,267,301,360,360,360,360,371,404,216,249,249,353,353,364,439,453,453,453,473,473,504,504,519,519,548,567,585,585,687,687,704,704,316,336,350,377,389,421,433,459,60,72,126,155,155,155,155,155,30,59,59,59],"floor_reached":55,"playtime":5735,"items_purged":["theMarked:Strike","theMarked:Strike+1","theMarked:Reabsorb"],"score":814,"play_id":"51fa8eff-96dc-43d7-a0eb-a61d89a21362","local_time":"20201224205913","is_ascension_mode":false,"campfire_choices":[{"floor":10.0,"key":"REST"},{"data":"theMarked:SoldierOfQuellstein","floor":15.0,"key":"SMITH"},{"data":"theMarked:DispelDoubt","floor":24.0,"key":"SMITH"},{"floor":32.0,"key":"REST"},{"data":"Madness","floor":41.0,"key":"SMITH"},{"floor":49.0,"key":"RECALL"},{"data":"Madness","floor":52,"key":"SMITH"}],"circlet_count":0,"master_deck":["theMarked:Strike+1","theMarked:Strike+1","theMarked:Strike+1","theMarked:Defend+1","theMarked:Defend+1","theMarked:Defend+1","theMarked:Defend+1","theMarked:SoldierOfQuellstein+1","theMarked:Electrocute","theMarked:SelfDefenseTraining","theMarked:TunnelVision","theMarked:ParalyzingBlade","theMarked:Panic","theMarked:ParalyzingBlade","theMarked:Levitate","theMarked:EnhancedHearing","theMarked:EnhanceMovement","theMarked:EnhancedHearing","theMarked:ChannelForce","theMarked:SoldierForm","theMarked:DispelDoubt+1","Normality","Decay","theMarked:StartUp","theMarked:HeightenedSenses","theMarked:Challenge","Madness+1","Madness+1","theMarked:BindingBlade","theMarked:StartUp+1","Regret"],"relics":["theMarked:ArtifactOfAir","InkBottle","Orichalcum","Anchor","Vajra","Bag of Marbles","Cursed Key","Happy Flower","White Beast Statue","Ginger","Busted Crown","OrangePellets","MawBank","Singing Bowl","Strange Spoon","Bottled Tornado","theMarked:VonisonLock","Pen Nib","Incense Burner"],"acts_visited":["Exordium","TheCity","TheBeyond","TheEnding"],"potions_floor_usage":[50,55,55,55],"damage_taken":[{"damage":1.0,"enemies":"Jaw Worm","floor":1.0,"turns":4.0},{"damage":0.0,"enemies":"2 Louse","floor":2.0,"turns":2.0},{"damage":2.0,"enemies":"Small Slimes","floor":3.0,"turns":3.0},{"damage":2.0,"enemies":"Blue Slaver","floor":5.0,"turns":3.0},{"damage":17.0,"enemies":"Gremlin Nob","floor":6.0,"turns":4.0},{"damage":15.0,"enemies":"3 Sentries","floor":7.0,"turns":7.0},{"damage":1.0,"enemies":"Large Slime","floor":11.0,"turns":4.0},{"damage":9.0,"enemies":"3 Sentries","floor":12.0,"turns":7.0},{"damage":6.0,"enemies":"Gremlin Nob","floor":14.0,"turns":3.0},{"damage":0.0,"enemies":"Slime Boss","floor":16.0,"turns":7.0},{"damage":10.0,"enemies":"2 Thieves","floor":18.0,"turns":3.0},{"damage":0.0,"enemies":"Shell Parasite","floor":20.0,"turns":4.0},{"damage":4.0,"enemies":"Chosen and Byrds","floor":23.0,"turns":5.0},{"damage":17.0,"enemies":"Book of Stabbing","floor":25.0,"turns":5.0},{"damage":4.0,"enemies":"Shelled Parasite and Fungi","floor":27.0,"turns":3.0},{"damage":11.0,"enemies":"Slavers","floor":29.0,"turns":5.0},{"damage":0.0,"enemies":"Snecko","floor":30.0,"turns":3.0},{"damage":0.0,"enemies":"Snake Plant","floor":31.0,"turns":3.0},{"damage":22.0,"enemies":"Automaton","floor":33.0,"turns":10.0},{"damage":0.0,"enemies":"Orb Walker","floor":35.0,"turns":2.0},{"damage":3.0,"enemies":"3 Darklings","floor":38.0,"turns":6.0},{"damage":1.0,"enemies":"Spire Growth","floor":39.0,"turns":4.0},{"damage":3.0,"enemies":"Giant Head","floor":40.0,"turns":6.0},{"damage":0.0,"enemies":"Transient","floor":42.0,"turns":5.0},{"damage":3.0,"enemies":"3 Darklings","floor":44.0,"turns":6.0},{"damage":0.0,"enemies":"Sphere and 2 Shapes","floor":46.0,"turns":5.0},{"damage":22.0,"enemies":"2 Orb Walkers","floor":47.0,"turns":4.0},{"damage":20.0,"enemies":"Reptomancer","floor":48.0,"turns":6.0},{"damage":10,"enemies":"Donu and Deca","floor":50,"turns":8},{"damage":62,"enemies":"Shield and Spear","floor":54,"turns":7},{"damage":16,"enemies":"The Heart","floor":55,"turns":5}],"seed_played":"252150369415846184","potions_obtained":[{"floor":5.0,"key":"SteroidPotion"},{"floor":6.0,"key":"SpeedPotion"},{"floor":11.0,"key":"SkillPotion"},{"floor":12.0,"key":"theMarked:SummonPotion"},{"floor":23.0,"key":"theMarked:ChargePotion"},{"floor":29.0,"key":"Energy Potion"},{"floor":33.0,"key":"LiquidMemories"},{"floor":40.0,"key":"SpeedPotion"},{"floor":47.0,"key":"CultistPotion"},{"floor":54,"key":"Energy Potion"}],"is_trial":false,"path_per_floor":["M","M","M","?","M","E","?","T","T","R","M","E","$","E","R","B",null,"M","?","M","?","?","M","R","E","T","M","?","E","M","M","R","B",null,"M","?","$","M","M","E","R","M","T","M","$","M","?","E","R","B",null,"R","$","E","B"],"character_chosen":"THE_DEFAULT","items_purchased":["theMarked:EnhanceMovement","theMarked:EnhancedHearing","theMarked:BindingBlade","OrangePellets","Strange Spoon","Bottled Tornado"],"campfire_rested":2,"item_purchase_floors":[13,13,37,37,45,45],"current_hp_per_floor":[69,69,67,67,65,48,33,33,33,54,53,44,44,38,38,38,70,60,53,53,53,53,49,49,32,32,28,28,17,17,17,38,16,70,70,61,61,58,57,54,54,54,54,53,53,53,33,15,15,5,76,76,76,16,0,0],"gold":59,"neow_bonus":"HUNDRED_GOLD","is_daily":false,"chose_seed":false,"campfire_upgraded":4,"win_rate":0.0,"timestamp":1608861553,"path_taken":["M","M","M","?","M","E","?","?","T","R","M","E","$","E","R","BOSS","M","?","M","?","?","M","R","E","T","?","?","E","M","M","R","BOSS","M","?","$","?","M","E","R","M","T","M","$","M","?","E","R","BOSS","R","$","E","BOSS"],"items_purchased_type":["Card","Card","Card","Relic","Relic","Relic"],"build_version":"2020-12-22","purchased_purges":3,"victory":false,"max_hp_per_floor":[70,70,70,70,70,70,70,70,70,70,70,70,70,70,70,70,70,70,70,70,70,70,70,70,70,70,70,70,70,70,70,70,70,70,70,70,70,70,70,70,70,70,70,72,72,72,74,76,76,76,76,76,76,78,78,78],"relic_stats":{"Happy Flower":[29],"Singing Bowl":8,"counters":[31,149],"Pen Nib":[5],"Ginger":[6],"Orichalcum":[144],"Cursed Key":2,"MawBank":60,"OrangePellets":[6],"Strange Spoon":[28],"Busted Crown":20,"obtain_stats":[{"Happy Flower":25,"Singing Bowl":43,"Vajra":12,"Pen Nib":48,"Incense Burner":54,"Ginger":29,"Orichalcum":7,"Bottled Tornado":45,"Cursed Key":17,"MawBank":40,"White Beast Statue":26,"theMarked:ArtifactOfAir":0,"OrangePellets":37,"Strange Spoon":45,"Anchor":8,"Busted Crown":34,"theMarked:VonisonLock":47,"Bag of Marbles":14,"InkBottle":6},{"Happy Flower":14,"Singing Bowl":24,"Vajra":8,"Pen Nib":28,"Incense Burner":30,"Ginger":16,"Orichalcum":5,"Bottled Tornado":25,"Cursed Key":10,"MawBank":23,"White Beast Statue":14,"theMarked:ArtifactOfAir":0,"OrangePellets":20,"Strange Spoon":25,"Anchor":6,"Busted Crown":19,"theMarked:VonisonLock":27,"Bag of Marbles":9,"InkBottle":5},{"Happy Flower":61,"Singing Bowl":108,"Vajra":34,"Pen Nib":129,"Incense Burner":144,"Ginger":69,"Orichalcum":16,"Bottled Tornado":114,"Cursed Key":44,"MawBank":103,"White Beast Statue":61,"theMarked:ArtifactOfAir":0,"OrangePellets":87,"Strange Spoon":114,"Anchor":23,"Busted Crown":85,"theMarked:VonisonLock":123,"Bag of Marbles":37,"InkBottle":16}],"InkBottle":[54]},"card_choices":[{"not_picked":["theMarked:MagicAdept","theMarked:WastefulDefense"],"picked":"theMarked:Electrocute","floor":1.0},{"not_picked":["theMarked:SwordAndMagic","theMarked:BanishingStrike"],"picked":"theMarked:SelfDefenseTraining","floor":2.0},{"not_picked":["theMarked:RepellingDischarge","theMarked:MaelstromOfLightning"],"picked":"theMarked:TunnelVision","floor":3.0},{"not_picked":["theMarked:RepellingDischarge","theMarked:ResourceFulStrike"],"picked":"theMarked:ParalyzingBlade","floor":5.0},{"not_picked":["theMarked:HeritageOfTheMarked","theMarked:TwofoldDefense"],"picked":"theMarked:Panic","floor":6.0},{"not_picked":["theMarked:Polarize","theMarked:LightningStrikesTwice"],"picked":"theMarked:ParalyzingBlade","floor":7.0},{"not_picked":["theMarked:TwofoldDefense","theMarked:Aftermath"],"picked":"theMarked:Levitate","floor":11.0},{"not_picked":["theMarked:PowerFlow","theMarked:WastefulAttack"],"picked":"theMarked:EnhancedHearing","floor":12.0},{"not_picked":["theMarked:EmpowerWeapon","theMarked:Parkour"],"picked":"theMarked:ChannelForce","floor":14.0},{"not_picked":["theMarked:TurnInvisible","theMarked:SuspiciousRaven"],"picked":"theMarked:SoldierForm","floor":16.0},{"not_picked":["theMarked:TwofoldDefense","theMarked:Parkour","theMarked:Frustration"],"picked":"SKIP","floor":18.0},{"not_picked":["theMarked:Static+1","theMarked:PowerFlow","theMarked:Seal"],"picked":"SKIP","floor":20.0},{"not_picked":["theMarked:ResourceFulStrike+1","theMarked:HeightenedSenses"],"picked":"theMarked:DispelDoubt","floor":23.0},{"not_picked":["theMarked:ElectricStrings","theMarked:Electrify+1","theMarked:ShockingTouch"],"picked":"SKIP","floor":25.0},{"not_picked":["theMarked:Snap","theMarked:Polarize+1","theMarked:EmpowerWeapon"],"picked":"SKIP","floor":27.0},{"not_picked":["theMarked:HeightenedSenses","theMarked:ResourceFulStrike+1","theMarked:ShockingTouch"],"picked":"SKIP","floor":29.0},{"not_picked":["theMarked:ContemptForTheProud","theMarked:Static"],"picked":"theMarked:StartUp","floor":30.0},{"not_picked":["theMarked:Electrocute+1","theMarked:HeritageOfTheMarked"],"picked":"theMarked:HeightenedSenses","floor":31.0},{"not_picked":["theMarked:TakeOffHeels","theMarked:UnarmedFury"],"picked":"theMarked:Challenge","floor":33.0},{"not_picked":["theMarked:Improvise+1"],"picked":"SKIP","floor":35.0},{"not_picked":["theMarked:HeightenedSenses+1"],"picked":"SKIP","floor":38.0},{"not_picked":[],"picked":"theMarked:StartUp+1","floor":39.0},{"not_picked":["theMarked:Improvise"],"picked":"SKIP","floor":40.0},{"not_picked":["theMarked:Static"],"picked":"SKIP","floor":42.0},{"not_picked":["theMarked:Polarize"],"picked":"Singing Bowl","floor":44.0},{"not_picked":[],"picked":"theMarked:Reabsorb","floor":46.0},{"not_picked":["theMarked:WastefulAttack+1"],"picked":"Singing Bowl","floor":47.0},{"not_picked":["theMarked:KeepCalmAndFightOn+1"],"picked":"Singing Bowl","floor":48.0},{"not_picked":["theMarked:MaelstromOfLightning"],"picked":"Singing Bowl","floor":54}],"player_experience":4376286,"relics_obtained":[{"floor":6.0,"key":"InkBottle"},{"floor":8.0,"key":"Anchor"},{"floor":12.0,"key":"Vajra"},{"floor":14.0,"key":"Bag of Marbles"},{"floor":25.0,"key":"Happy Flower"},{"floor":26.0,"key":"White Beast Statue"},{"floor":29.0,"key":"Ginger"},{"floor":40.0,"key":"MawBank"},{"floor":43.0,"key":"Singing Bowl"},{"floor":47.0,"key":"theMarked:VonisonLock"},{"floor":48.0,"key":"Pen Nib"},{"floor":54,"key":"Incense Burner"}],"event_choices":[{"damage_healed":0.0,"max_hp_gain":0.0,"max_hp_loss":0.0,"gold_gain":0.0,"event_name":"Liars Game","player_choice":"Ignored","floor":4.0,"gold_loss":0.0,"damage_taken":0.0},{"damage_healed":0.0,"max_hp_gain":0.0,"max_hp_loss":0.0,"gold_gain":0.0,"event_name":"Dead Adventurer","player_choice":"Searched \u00272\u0027 times","floor":7.0,"gold_loss":0.0,"damage_taken":0.0,"relics_obtained":["Orichalcum"]},{"damage_healed":0.0,"max_hp_gain":0.0,"max_hp_loss":0.0,"gold_gain":75.0,"event_name":"FaceTrader","player_choice":"Touch","floor":19.0,"gold_loss":0.0,"damage_taken":7.0},{"damage_healed":0.0,"max_hp_gain":0.0,"max_hp_loss":0.0,"gold_gain":0.0,"event_name":"Back to Basics","player_choice":"Simplicity","floor":21.0,"gold_loss":0.0,"damage_taken":0.0,"cards_upgraded":["theMarked:Strike","theMarked:Strike","theMarked:Strike","theMarked:Strike","theMarked:Defend","theMarked:Defend","theMarked:Defend","theMarked:Defend"]},{"damage_healed":0.0,"max_hp_gain":0.0,"max_hp_loss":0.0,"gold_gain":0.0,"event_name":"Vampires","player_choice":"Ignored","floor":22.0,"gold_loss":0.0,"damage_taken":0.0},{"damage_healed":0.0,"max_hp_gain":0.0,"max_hp_loss":0.0,"gold_gain":0.0,"event_name":"Forgotten Altar","player_choice":"Smashed Altar","floor":28.0,"gold_loss":0.0,"damage_taken":0.0,"cards_obtained":["Decay"]},{"damage_healed":0.0,"max_hp_gain":0.0,"max_hp_loss":0.0,"gold_gain":0.0,"event_name":"Winding Halls","player_choice":"Embrace Madness","floor":36.0,"gold_loss":0.0,"damage_taken":9.0,"cards_obtained":["Madness","Madness"]},{"damage_healed":0.0,"max_hp_gain":0.0,"max_hp_loss":0.0,"gold_gain":0.0,"event_name":"Mysterious Sphere","player_choice":"Fight","floor":47.0,"gold_loss":0.0,"damage_taken":0.0}],"is_beta":false,"boss_relics":[{"not_picked":["Astrolabe","Empty Cage"],"picked":"Cursed Key"},{"not_picked":["Tiny House","Snecko Eye"],"picked":"Busted Crown"}],"items_purged_floors":[13,37,53],"is_endless":false,"potions_floor_spawned":[5,6,11,12,23,27,29,30,31,33,35,38,39,40,42,44,46,47,48,54],"killed_by":"The Heart","ascension_level":0}}