{"host":"ufl0k2so27eic2iy","time":1608935845,"event":{"mods":["BaseMod","Minty Spire (QoL Compilation)","StSLib","The Animator"],"gold_per_floor":[128,128,160,160,170,204,204,238,238,238,163,163,194,230,230,313,313,329,294,319,67,94,94,131,131,157,177,203,203,203,217,217,299,299,314,333,353,353,373,373,405,405,405,405,444,76,105,119,119,119,119,119,9,9,9],"floor_reached":54,"playtime":3538,"items_purged":["Pain","animator:Strike","animator:Strike"],"score":1635,"play_id":"7891ac30-d081-4615-a1f5-10f137cf4224","local_time":"20201225223725","is_ascension_mode":true,"campfire_choices":[{"data":"animator:Spearman","floor":7.0,"key":"SMITH"},{"data":"animator:Spearman","floor":10.0,"key":"SMITH"},{"data":"animator:Sonic","floor":12.0,"key":"SMITH"},{"data":"animator:ReineMurasame","floor":15.0,"key":"SMITH"},{"floor":23.0,"key":"REST"},{"floor":29.0,"key":"REST"},{"data":"animator:GoblinSlayer","floor":32.0,"key":"SMITH"},{"floor":40.0,"key":"REST"},{"floor":42.0,"key":"REST"},{"floor":49.0,"key":"RECALL"},{"floor":52.0,"key":"REST"}],"circlet_count":0,"master_deck":["AscendersBane","animator:Strike_GoblinSlayer","animator:Defend_GoblinSlayer","animator:Defend","animator:Defend","animator:Defend","animator:LizardPriest","animator:DwarfShaman","animator:Priestess","animator:Sonic+1","animator:Spearman+1","animator:Spearman+1","animator:GuildGirl","animator:ReineMurasame+1","animator:Witch","animator:SwordMaiden","CurseOfTheBell","animator:Mikaela","animator:Mitsuba","animator:Yuuichirou","animator:GoblinSlayer+1","animator:Shinoa","animator:Shinoa","animator:Priestess","animator:Yui","animator:Sonic","animator:MetalKnight","animator:HigakiRinne","animator:HiiragiShinya","animator:Chaa","animator:YuriNakamura"],"relics":["animator:LivingPicture","animator:TheMissingPiece","WarpedTongs","Thread and Needle","Bronze Scales","CloakClasp","Calling Bell","Lantern","InkBottle","Calipers","Bottled Lightning","Fusion Hammer","Smiling Mask","Shuriken","Ginger","Membership Card","Pantograph","Bag of Marbles","animator:WornHelmet"],"acts_visited":["TheCity","TheBeyond","TheEnding"],"potions_floor_usage":[54],"damage_taken":[{"damage":0.0,"enemies":"Jaw Worm","floor":1.0,"turns":5.0},{"damage":0.0,"enemies":"Cultist","floor":3.0,"turns":4.0},{"damage":2.0,"enemies":"2 Louse","floor":5.0,"turns":3.0},{"damage":12.0,"enemies":"3 Sentries","floor":6.0,"turns":8.0},{"damage":0.0,"enemies":"Lagavulin","floor":8.0,"turns":7.0},{"damage":0.0,"enemies":"Large Slime","floor":13.0,"turns":5.0},{"damage":2.0,"enemies":"2 Fungi Beasts","floor":14.0,"turns":3.0},{"damage":2.0,"enemies":"Hexaghost","floor":16.0,"turns":11.0},{"damage":1.0,"enemies":"Shell Parasite","floor":18.0,"turns":5.0},{"damage":20.0,"enemies":"2 Thieves","floor":19.0,"turns":5.0},{"damage":7.0,"enemies":"Cultist and Chosen","floor":20.0,"turns":6.0},{"damage":7.0,"enemies":"3 Cultists","floor":22.0,"turns":5.0},{"damage":16.0,"enemies":"Gremlin Leader","floor":24.0,"turns":12.0},{"damage":4.0,"enemies":"Shelled Parasite and Fungi","floor":27.0,"turns":5.0},{"damage":0.0,"enemies":"Centurion and Healer","floor":28.0,"turns":7.0},{"damage":0.0,"enemies":"Snake Plant","floor":31.0,"turns":4.0},{"damage":0.0,"enemies":"Automaton","floor":33.0,"turns":12.0},{"damage":0.0,"enemies":"Orb Walker","floor":35.0,"turns":5.0},{"damage":0.0,"enemies":"3 Shapes","floor":36.0,"turns":7.0},{"damage":0.0,"enemies":"Sphere and 2 Shapes","floor":37.0,"turns":6.0},{"damage":0.0,"enemies":"Spire Growth","floor":39.0,"turns":5.0},{"damage":32.0,"enemies":"Reptomancer","floor":41.0,"turns":10.0},{"damage":0.0,"enemies":"Giant Head","floor":45.0,"turns":11.0},{"damage":0.0,"enemies":"Reptomancer","floor":47.0,"turns":8.0},{"damage":1.0,"enemies":"Writhing Mass","floor":48.0,"turns":6.0},{"damage":0.0,"enemies":"Time Eater","floor":50.0,"turns":13.0},{"damage":64,"enemies":"Shield and Spear","floor":54,"turns":6}],"seed_played":"8541601070372580128","potions_obtained":[{"floor":1.0,"key":"LiquidMemories"},{"floor":5.0,"key":"ColorlessPotion"},{"floor":8.0,"key":"Weak Potion"},{"floor":16.0,"key":"Dexterity Potion"},{"floor":27.0,"key":"BlessingOfTheForge"},{"floor":31.0,"key":"ColorlessPotion"},{"floor":47.0,"key":"animator:FalseLifePotion"}],"is_trial":false,"path_per_floor":["M","?","M","?","M","E","R","E","T","R","$","R","M","M","R","B",null,"M","M","M","$","M","R","E","?","T","M","M","R","?","M","R","B",null,"M","M","M","?","M","R","E","R","T","?","E","$","E","M","R","B",null,"R","$","E"],"character_chosen":"THE_ANIMATOR","items_purchased":["animator:GoblinSlayer","Membership Card","Pantograph","animator:Chaa","animator:WornHelmet","animator:YuriNakamura"],"campfire_rested":5,"item_purchase_floors":[21,46,46,46,53,53],"current_hp_per_floor":[54,54,54,54,52,40,40,41,41,41,41,41,41,39,39,38,56,55,35,28,28,21,39,23,23,23,19,19,37,37,37,37,37,56,56,56,57,47,47,63,31,49,49,49,49,49,49,48,48,63,63,63,63,0,0],"gold":9,"neow_bonus":"TRANSFORM_CARD","is_daily":false,"chose_seed":true,"campfire_upgraded":5,"win_rate":0.0,"timestamp":1608935845,"path_taken":["M","?","M","?","M","E","R","E","T","R","$","R","M","M","R","BOSS","M","?","M","$","M","R","E","?","T","M","M","R","?","M","R","BOSS","M","M","M","?","M","R","E","R","T","?","E","$","E","M","R","BOSS","R","$","E"],"items_purchased_type":["Card","Relic","Relic","Card","Relic","Card"],"build_version":"2020-12-22","purchased_purges":3,"victory":false,"max_hp_per_floor":[60,60,60,60,60,60,60,61,61,61,61,61,61,61,61,62,62,62,62,62,62,62,62,62,62,62,62,62,62,62,62,62,62,62,62,62,63,63,63,63,63,63,63,63,63,63,63,63,63,63,63,63,63,63,63],"card_choices":[{"not_picked":["animator:LeleiLaLalena","animator:Shinoa"],"picked":"animator:Sonic","floor":1.0},{"not_picked":["animator:Tyuule","animator:YaoHaDucy"],"picked":"animator:Spearman","floor":3.0},{"not_picked":["animator:Natsumi","animator:CowGirl","animator:SakuraMatou"],"picked":"SKIP","floor":5.0},{"not_picked":["animator:Witch","animator:CowGirl"],"picked":"animator:Spearman","floor":6.0},{"not_picked":["animator:Natsumi","animator:YoshinoHimekawa"],"picked":"animator:GuildGirl","floor":8.0},{"not_picked":["animator:Natsumi","animator:CowGirl"],"picked":"animator:ReineMurasame","floor":13.0},{"not_picked":["animator:ReineMurasame","animator:Genos"],"picked":"animator:Witch","floor":14.0},{"not_picked":["animator:Saber","animator:Boros"],"picked":"animator:SwordMaiden","floor":16.0},{"not_picked":["animator:Yoichi","animator:HiiragiShinya"],"picked":"animator:Mikaela","floor":18.0},{"not_picked":["animator:ShinjiMatou","animator:MikuIzayoi"],"picked":"animator:Mitsuba","floor":19.0},{"not_picked":["animator:SilverFang","animator:MasamiIwasawa"],"picked":"animator:Yuuichirou","floor":20.0},{"not_picked":["animator:Yusa","animator:YaoHaDucy"],"picked":"animator:Shinoa","floor":22.0},{"not_picked":["animator:Mikaela","animator:Shigure"],"picked":"animator:Shinoa","floor":24.0},{"not_picked":["animator:HighElfArcher","animator:Illya"],"picked":"animator:Priestess","floor":27.0},{"not_picked":["animator:SilverFang","animator:Alexander","animator:Tyuule"],"picked":"SKIP","floor":28.0},{"not_picked":["animator:Genos","animator:Rider","animator:Tyuule"],"picked":"SKIP","floor":31.0},{"not_picked":["animator:YaoHaDucy","animator:Geryuganshoop"],"picked":"animator:Sonic","floor":36.0},{"not_picked":["animator:Arpeggio","animator:Melzalgald"],"picked":"animator:MetalKnight","floor":37.0},{"not_picked":["animator:Noda","animator:Assassin","animator:YaoHaDucy"],"picked":"SKIP","floor":39.0},{"not_picked":["animator:Yuuichirou","animator:Mitsuba"],"picked":"animator:HiiragiShinya","floor":41.0},{"not_picked":["animator:Illya","animator:MikuIzayoi","animator:Shigure+1"],"picked":"SKIP","floor":45.0},{"not_picked":["animator:ReineMurasame","animator:ShidoItsuka","animator:Genos+1"],"picked":"SKIP","floor":47.0},{"not_picked":["animator:RoryMercury","animator:Kuribayashi+1","animator:Berserker"],"picked":"SKIP","floor":48.0}],"player_experience":2374609,"relics_obtained":[{"floor":6.0,"key":"Thread and Needle"},{"floor":8.0,"key":"Bronze Scales"},{"floor":9.0,"key":"CloakClasp"},{"floor":17.0,"key":"Lantern"},{"floor":17.0,"key":"InkBottle"},{"floor":17.0,"key":"Calipers"},{"floor":24.0,"key":"Bottled Lightning"},{"floor":41.0,"key":"Smiling Mask"},{"floor":43.0,"key":"Shuriken"},{"floor":45.0,"key":"Ginger"},{"floor":47.0,"key":"Bag of Marbles"}],"event_choices":[{"damage_healed":0.0,"max_hp_gain":0.0,"max_hp_loss":0.0,"gold_gain":0.0,"event_name":"Liars Game","player_choice":"Ignored","floor":2.0,"gold_loss":0.0,"damage_taken":0.0},{"damage_healed":0.0,"max_hp_gain":0.0,"max_hp_loss":0.0,"gold_gain":0.0,"event_name":"Accursed Blacksmith","player_choice":"Rummage","floor":4.0,"gold_loss":0.0,"damage_taken":0.0,"relics_obtained":["WarpedTongs"],"cards_obtained":["Pain"]},{"damage_healed":0.0,"max_hp_gain":0.0,"max_hp_loss":0.0,"gold_gain":0.0,"event_name":"Vampires","player_choice":"Ignored","floor":25.0,"gold_loss":0.0,"damage_taken":0.0},{"damage_healed":0.0,"max_hp_gain":0.0,"max_hp_loss":0.0,"gold_gain":0.0,"event_name":"The Library","player_choice":"Read","floor":30.0,"gold_loss":0.0,"damage_taken":0.0,"cards_obtained":["animator:Yui"]},{"damage_healed":0.0,"max_hp_gain":0.0,"max_hp_loss":0.0,"gold_gain":0.0,"event_name":"Winding Halls","player_choice":"Embrace Madness","floor":38.0,"gold_loss":0.0,"damage_taken":10.0,"cards_obtained":["animator:HigakiRinne"]},{"damage_healed":0.0,"max_hp_gain":0.0,"max_hp_loss":0.0,"gold_gain":0.0,"event_name":"Mysterious Sphere","player_choice":"Ignored","floor":44.0,"gold_loss":0.0,"damage_taken":0.0}],"is_beta":false,"boss_relics":[{"not_picked":["Astrolabe","Pandora\u0027s Box"],"picked":"Calling Bell"},{"not_picked":["Velvet Choker","SlaversCollar"],"picked":"Fusion Hammer"}],"items_purged_floors":[11,21,46],"is_endless":false,"potions_floor_spawned":[1,5,8,16,18,27,31,33,39,45,47],"killed_by":"Shield and Spear","ascension_level":15}}