{"host":"agbyy69nq62afhwx","time":1608921481,"event":{"mods":["BaseMod","Colored Map","DeckTracker","Highlight Path","Keyboard Shortcuts","Minty Spire (QoL Compilation)","Quick Restart","StSLib","SuperFastMode","everything is the same but u backflip on backflip"],"gold_per_floor":[112,112,112,112,124,153,153,163,187,205,205,225,238,254,254,351,351,365,385,385,395,405,405,434,434,458,238,238,238,258,277,277,375,375,393,493,146,166,166,166,197,197,197,224,224,242,242,242,242,242,242],"floor_reached":50,"playtime":1483,"items_purged":["Strike_B","Strike_B"],"score":738,"play_id":"fd884d55-fc2f-4695-ac01-a347ea613213","local_time":"20201226033801","is_ascension_mode":true,"campfire_choices":[{"data":"Chaos","floor":7.0,"key":"SMITH"},{"data":"Aggregate","floor":11.0,"key":"SMITH"},{"floor":15.0,"key":"REST"},{"floor":23.0,"key":"REST"},{"floor":25.0,"key":"REST"},{"data":"Turbo","floor":28.0,"key":"SMITH"},{"data":"Hologram","floor":32.0,"key":"SMITH"},{"data":"Echo Form","floor":40.0,"key":"SMITH"},{"floor":42.0,"key":"REST"},{"floor":49.0,"key":"REST"}],"circlet_count":0,"master_deck":["Strike_B","Defend_B","Defend_B","Defend_B","Defend_B+1","Zap+1","Dualcast+1","Conserve Battery","Chaos+1","Compile Driver","Aggregate+1","Cold Snap","FTL","Meteor Strike","Turbo+1","Sunder+1","Redo+1","Fusion+1","Hologram+1","Echo Form+1","CurseOfTheBell","Double Energy+1"],"relics":["Cracked Core","NeowsBlessing","Bag of Preparation","Bottled Lightning","Bag of Marbles","Runic Pyramid","War Paint","Blue Candle","Blood Vial","Lee\u0027s Waffle","Calling Bell","PreservedInsect","Pear","Bird Faced Urn","Toxic Egg 2","Gremlin Horn","Meat on the Bone","Happy Flower","HornCleat"],"acts_visited":["Exordium","TheCity","TheBeyond"],"potions_floor_usage":[],"damage_taken":[{"damage":0.0,"enemies":"Small Slimes","floor":1.0,"turns":1.0},{"damage":0.0,"enemies":"Jaw Worm","floor":5.0,"turns":1.0},{"damage":0.0,"enemies":"Lagavulin","floor":6.0,"turns":1.0},{"damage":0.0,"enemies":"Cultist","floor":8.0,"turns":3.0},{"damage":6.0,"enemies":"Red Slaver","floor":10.0,"turns":5.0},{"damage":0.0,"enemies":"2 Fungi Beasts","floor":12.0,"turns":2.0},{"damage":22.0,"enemies":"Exordium Thugs","floor":13.0,"turns":4.0},{"damage":1.0,"enemies":"Gremlin Gang","floor":14.0,"turns":3.0},{"damage":30.0,"enemies":"Slime Boss","floor":16.0,"turns":11.0},{"damage":19.0,"enemies":"2 Thieves","floor":18.0,"turns":3.0},{"damage":0.0,"enemies":"Spheric Guardian","floor":19.0,"turns":3.0},{"damage":2.0,"enemies":"Snake Plant","floor":21.0,"turns":2.0},{"damage":10.0,"enemies":"Sentry and Sphere","floor":22.0,"turns":4.0},{"damage":25.0,"enemies":"Book of Stabbing","floor":24.0,"turns":4.0},{"damage":3.0,"enemies":"Snecko","floor":30.0,"turns":3.0},{"damage":11.0,"enemies":"Centurion and Healer","floor":31.0,"turns":4.0},{"damage":38.0,"enemies":"Champ","floor":33.0,"turns":11.0},{"damage":9.0,"enemies":"3 Shapes","floor":35.0,"turns":3.0},{"damage":6.0,"enemies":"Orb Walker","floor":38.0,"turns":3.0},{"damage":43.0,"enemies":"Giant Head","floor":41.0,"turns":7.0},{"damage":40.0,"enemies":"Reptomancer","floor":44.0,"turns":5.0},{"damage":8.0,"enemies":"3 Darklings","floor":46.0,"turns":6.0},{"damage":0,"enemies":"Time Eater","floor":50,"turns":1}],"seed_played":"2907083345801540811","potions_obtained":[{"floor":5.0,"key":"PotionOfCapacity"},{"floor":8.0,"key":"DuplicationPotion"},{"floor":12.0,"key":"Explosive Potion"},{"floor":14.0,"key":"Regen Potion"},{"floor":22.0,"key":"AttackPotion"},{"floor":24.0,"key":"PowerPotion"},{"floor":31.0,"key":"CultistPotion"},{"floor":44.0,"key":"LiquidMemories"}],"is_trial":false,"path_per_floor":["M","?","?","?","M","E","R","M","T","M","R","M","M","M","R","B",null,"M","M","?","M","M","R","E","R","T","$","R","?","M","M","R","B",null,"M","?","$","M","?","R","E","R","T","E","$","M","T","?","R","B"],"character_chosen":"DEFECT","items_purchased":["Lee\u0027s Waffle","Toxic Egg 2"],"campfire_rested":5,"item_purchase_floors":[27,37],"current_hp_per_floor":[68,43,43,43,43,43,43,43,43,37,37,37,15,14,36,6,58,39,39,39,37,27,49,24,46,46,82,82,82,79,70,70,34,80,73,73,73,71,71,71,32,59,59,51,51,47,47,47,73,75,75],"gold":242,"neow_bonus":"THREE_ENEMY_KILL","is_daily":false,"chose_seed":false,"campfire_upgraded":5,"win_rate":0.0,"timestamp":1608921481,"path_taken":["M","?","?","?","M","E","R","M","T","?","R","M","M","M","R","BOSS","M","M","?","M","M","R","E","R","T","$","R","?","M","M","R","BOSS","M","?","$","?","?","R","E","R","T","E","$","M","?","?","R","BOSS"],"items_purchased_type":["Relic","Relic"],"build_version":"2020-12-22","purchased_purges":2,"victory":false,"max_hp_per_floor":[75,75,75,75,75,75,75,75,75,75,75,75,75,75,75,75,75,75,75,75,75,75,75,75,75,75,82,82,82,82,82,82,82,92,92,92,92,92,92,92,92,92,92,92,92,92,92,87,87,87,87],"card_choices":[{"not_picked":["Coolheaded","Rip and Tear"],"picked":"Sweeping Beam","floor":1.0},{"not_picked":["Streamline","Beam Cell"],"picked":"Conserve Battery","floor":5.0},{"not_picked":["Redo","Self Repair"],"picked":"Chaos","floor":6.0},{"not_picked":["Capacitor","Stack"],"picked":"Compile Driver","floor":8.0},{"not_picked":["Buffer","Leap"],"picked":"Aggregate","floor":10.0},{"not_picked":["Steam","Conserve Battery","Leap"],"picked":"SKIP","floor":12.0},{"not_picked":["Scrape","Steam"],"picked":"Cold Snap","floor":13.0},{"not_picked":["Redo","Compile Driver"],"picked":"FTL","floor":14.0},{"not_picked":["Rainbow","Fission"],"picked":"Meteor Strike","floor":16.0},{"not_picked":["Melter","Streamline"],"picked":"Turbo","floor":18.0},{"not_picked":["Aggregate","Rebound"],"picked":"Sunder+1","floor":19.0},{"not_picked":["Rebound+1","Conserve Battery"],"picked":"Redo+1","floor":21.0},{"not_picked":["Static Discharge","Leap","Steam+1"],"picked":"SKIP","floor":22.0},{"not_picked":["Heatsinks","Aggregate","Compile Driver"],"picked":"SKIP","floor":24.0},{"not_picked":["Rip and Tear","Compile Driver"],"picked":"Fusion+1","floor":30.0},{"not_picked":["Darkness","Barrage"],"picked":"Hologram","floor":31.0},{"not_picked":["Rainbow","Core Surge"],"picked":"Echo Form","floor":33.0},{"not_picked":["Gash+1","Coolheaded","Stack"],"picked":"SKIP","floor":35.0},{"not_picked":["Go for the Eyes","Static Discharge","Chill+1"],"picked":"SKIP","floor":38.0},{"not_picked":["Redo+1","Sweeping Beam","Barrage"],"picked":"SKIP","floor":41.0},{"not_picked":["Machine Learning","FTL","Beam Cell"],"picked":"SKIP","floor":44.0},{"not_picked":["Redo+1","FTL+1"],"picked":"Double Energy+1","floor":46.0}],"player_experience":378402,"relics_obtained":[{"floor":6.0,"key":"Bottled Lightning"},{"floor":9.0,"key":"Bag of Marbles"},{"floor":24.0,"key":"Blue Candle"},{"floor":26.0,"key":"Blood Vial"},{"floor":34.0,"key":"PreservedInsect"},{"floor":34.0,"key":"Pear"},{"floor":34.0,"key":"Bird Faced Urn"},{"floor":41.0,"key":"Gremlin Horn"},{"floor":43.0,"key":"Meat on the Bone"},{"floor":44.0,"key":"Happy Flower"},{"floor":47.0,"key":"HornCleat"}],"event_choices":[{"damage_healed":0.0,"max_hp_gain":0.0,"max_hp_loss":0.0,"gold_gain":0.0,"event_name":"Scrap Ooze","player_choice":"Success","floor":2.0,"gold_loss":0.0,"damage_taken":25.0,"relics_obtained":["Bag of Preparation"]},{"damage_healed":0.0,"max_hp_gain":0.0,"max_hp_loss":0.0,"gold_gain":0.0,"event_name":"Liars Game","player_choice":"Ignored","floor":3.0,"gold_loss":0.0,"damage_taken":0.0},{"cards_removed":["Strike_B"],"damage_healed":0.0,"max_hp_gain":0.0,"max_hp_loss":0.0,"gold_gain":0.0,"event_name":"Purifier","player_choice":"Purged","floor":4.0,"gold_loss":0.0,"damage_taken":0.0},{"damage_healed":0.0,"max_hp_gain":0.0,"max_hp_loss":0.0,"gold_gain":0.0,"event_name":"The Mausoleum","player_choice":"Opened","floor":20.0,"gold_loss":0.0,"damage_taken":0.0,"relics_obtained":["War Paint"]},{"damage_healed":0.0,"max_hp_gain":0.0,"max_hp_loss":0.0,"gold_gain":0.0,"event_name":"Accursed Blacksmith","player_choice":"Forge","floor":29.0,"gold_loss":0.0,"damage_taken":0.0,"cards_upgraded":["Zap"]},{"damage_healed":0.0,"max_hp_gain":0.0,"max_hp_loss":0.0,"gold_gain":100.0,"event_name":"Golden Shrine","player_choice":"Pray","floor":36.0,"gold_loss":0.0,"damage_taken":0.0},{"cards_removed":["Sweeping Beam"],"damage_healed":0.0,"max_hp_gain":0.0,"max_hp_loss":0.0,"gold_gain":0.0,"event_name":"Falling","player_choice":"Removed Attack","floor":39.0,"gold_loss":0.0,"damage_taken":0.0},{"damage_healed":0.0,"max_hp_gain":0.0,"max_hp_loss":5.0,"gold_gain":0.0,"event_name":"Winding Halls","player_choice":"Max HP","floor":48.0,"gold_loss":0.0,"damage_taken":0.0}],"is_beta":false,"boss_relics":[{"not_picked":["SlaversCollar","FrozenCore"],"picked":"Runic Pyramid"},{"not_picked":["Fusion Hammer","Cursed Key"],"picked":"Calling Bell"}],"items_purged_floors":[27,37],"is_endless":false,"potions_floor_spawned":[5,8,12,14,22,24,31,35,44,46],"killed_by":"Time Eater","ascension_level":7}}