{"host":"2461dio7vetlq1z3","time":1608910624,"event":{"mods":["2.2 Compatiblity","AchievementEnabler","Aspiration","BaseMod","Better Third Choice","Hermit","Minty Spire (QoL Compilation)","Relic Stats","Spicy Shops","StSLib","The Runesmith","Waifu the Spire"],"gold_per_floor":[112,74,74,98,98,98,134,134,188,188,202,225,238,272,272,367,367,345,29,29,44,44,44],"floor_reached":22,"playtime":592,"items_purged":["Injury","Strike_R"],"score":438,"play_id":"9ceeb41b-5419-4255-9ddb-97c40887dec3","local_time":"20201225163704","is_ascension_mode":true,"campfire_choices":[{"data":"Armaments","floor":6,"key":"SMITH"},{"floor":10,"key":"REST"}],"circlet_count":0,"master_deck":["AscendersBane","Strike_R","Strike_R","Strike_R","Defend_R","Defend_R","Defend_R","Defend_R","Bash","Sever Soul","Armaments+1","Demon Form","Brutality","Uppercut+1","Iron Wave+1","Blood for Blood+1","Dropkick+1","Limit Break","Carnage+1","Armaments+1","Crescendo"],"relics":["Burning Blood","NeowsBlessing","betterThird:SlimedRelic","Golden Idol","Molten Egg 2","StoneCalendar","Art of War","Bottled Flame","Coffee Dripper","Membership Card","PrismaticShard"],"acts_visited":["Exordium","TheCity"],"potions_floor_usage":[14,18],"damage_taken":[{"damage":0,"enemies":"Jaw Worm","floor":1,"turns":1},{"damage":0,"enemies":"Small Slimes","floor":4,"turns":1},{"damage":0,"enemies":"Gremlin Nob","floor":7,"turns":1},{"damage":4,"enemies":"2 Louse","floor":11,"turns":3},{"damage":22,"enemies":"Exordium Thugs","floor":12,"turns":5},{"damage":12,"enemies":"2 Fungi Beasts","floor":13,"turns":5},{"damage":25,"enemies":"3 Sentries","floor":14,"turns":6},{"damage":26,"enemies":"Slime Boss","floor":16,"turns":7},{"damage":19,"enemies":"2 Thieves","floor":18,"turns":4},{"damage":23,"enemies":"Spheric Guardian","floor":21,"turns":4}],"seed_played":"6510347415116111345","potions_obtained":[{"floor":7,"key":"PowerPotion"},{"floor":11,"key":"Swift Potion"},{"floor":14,"key":"Swift Potion"},{"floor":21,"key":"GamblersBrew"}],"is_trial":false,"path_per_floor":["M","?","?","M","?","R","E","?","T","R","M","M","M","E","R","B",null,"M","$","?","M","?"],"character_chosen":"IRONCLAD","items_purchased":["Membership Card","Carnage+1"],"campfire_rested":1,"item_purchase_floors":[19,19],"current_hp_per_floor":[74,63,37,43,43,43,49,49,49,71,73,57,51,32,32,12,59,46,46,34,17,0,0],"gold":44,"neow_bonus":"THREE_ENEMY_KILL","is_daily":false,"chose_seed":false,"campfire_upgraded":1,"win_rate":0.0,"timestamp":1608910624,"path_taken":["M","?","?","M","?","R","E","?","T","R","M","M","M","E","R","BOSS","M","$","?","M","?"],"items_purchased_type":["Relic","Card"],"build_version":"2020-12-22","purchased_purges":2,"victory":false,"max_hp_per_floor":[75,75,75,75,75,75,75,75,75,75,75,75,75,75,75,75,75,75,75,75,75,75,75],"relic_stats":{"counters":[10,37],"Golden Idol":56,"StoneCalendar":[4],"Art of War":[8],"obtain_stats":[{"Bottled Flame":14,"NeowsBlessing":0,"Golden Idol":3,"betterThird:SlimedRelic":2,"Molten Egg 2":5,"StoneCalendar":7,"Art of War":9,"Coffee Dripper":17,"Membership Card":19,"PrismaticShard":20,"Burning Blood":0},{"Bottled Flame":7,"NeowsBlessing":0,"Golden Idol":1,"betterThird:SlimedRelic":1,"Molten Egg 2":2,"StoneCalendar":3,"Art of War":3,"Coffee Dripper":8,"Membership Card":9,"PrismaticShard":9,"Burning Blood":0},{"Bottled Flame":22,"NeowsBlessing":0,"Golden Idol":1,"betterThird:SlimedRelic":1,"Molten Egg 2":2,"StoneCalendar":3,"Art of War":3,"Coffee Dripper":29,"Membership Card":33,"PrismaticShard":33,"Burning Blood":0}],"Burning Blood":60},"card_choices":[{"not_picked":["Perfected Strike","Fire Breathing"],"picked":"Sever Soul","floor":1},{"not_picked":["Sword Boomerang","Perfected Strike"],"picked":"Armaments","floor":4},{"not_picked":["Headbutt+1","Body Slam+1"],"picked":"Demon Form","floor":7},{"not_picked":["Sever Soul+1","Wild Strike+1"],"picked":"Uppercut+1","floor":11},{"not_picked":["Entrench","Inflame"],"picked":"Iron Wave+1","floor":12},{"not_picked":["Perfected Strike+1","Headbutt+1"],"picked":"Blood for Blood+1","floor":13},{"not_picked":["True Grit","Ghostly Armor"],"picked":"Dropkick+1","floor":14},{"not_picked":["Demon Form","Double Tap"],"picked":"Limit Break","floor":16},{"not_picked":["Iron Wave+1","Havoc","Combust"],"picked":"SKIP","floor":18},{"not_picked":["Headbutt+1","Burning Pact"],"picked":"Armaments+1","floor":20},{"not_picked":["hermit:TrackingShot+1","Twin Strike+1"],"picked":"Crescendo","floor":21}],"player_experience":940280,"relics_obtained":[{"floor":7,"key":"StoneCalendar"},{"floor":9,"key":"Art of War"},{"floor":14,"key":"Bottled Flame"},{"floor":20,"key":"PrismaticShard"}],"event_choices":[{"damage_healed":0,"gold_gain":0,"player_choice":"Slimed","damage_taken":11,"max_hp_gain":0,"max_hp_loss":0,"event_name":"betterThird:BetterGoop","floor":2,"gold_loss":38},{"damage_healed":0,"gold_gain":0,"player_choice":"Take Damage","damage_taken":26,"relics_obtained":["Golden Idol"],"max_hp_gain":0,"max_hp_loss":0,"event_name":"Golden Idol","floor":3,"gold_loss":0},{"damage_healed":0,"gold_gain":0,"cards_transformed":["Strike_R"],"player_choice":"Transformed","damage_taken":0,"max_hp_gain":0,"max_hp_loss":0,"event_name":"Transmorgrifier","floor":8,"gold_loss":0,"cards_obtained":["Brutality"]}],"is_beta":false,"boss_relics":[{"not_picked":["Tiny House","Fusion Hammer"],"picked":"Coffee Dripper"}],"items_purged_floors":[19,19],"is_endless":false,"potions_floor_spawned":[7,11,14,21],"ascension_level":20}}