{"host":"mniz8q056kux99zk","time":1608907879,"event":{"mods":["BaseMod","CapriCore","Highlight Path","Infinite Spire","Minty Spire (QoL Compilation)","Replay The Spire","StSLib"],"gold_per_floor":[112,127,127,142,142,173,173,104,104,104,279,49,49,49,49,49,49],"floor_reached":16,"playtime":371,"items_purged":["Regret"],"score":101,"play_id":"d8dbdeb0-e13c-44e3-8310-2e6e2ed13910","local_time":"20201225095119","is_ascension_mode":true,"campfire_choices":[{"floor":10,"key":"REST"},{"floor":13,"key":"RECALL"},{"floor":15,"key":"REST"}],"circlet_count":0,"master_deck":["Strike_R","Strike_R","Strike_R","Strike_R+1","Strike_R","Defend_R","Defend_R","Defend_R","Defend_R","Bash","Heavy Blade","Flex","Sentinel","Injury","Replay:Many Hands","Doubt"],"relics":["infinitespire:DarkRift","NeowsBlessing","Mercury Hourglass","Bird Faced Urn","Golden Idol","Regal Pillow","infinitespire:Cubic Diamond"],"acts_visited":["Exordium"],"potions_floor_usage":[16],"damage_taken":[{"damage":0,"enemies":"Jaw Worm","floor":1,"turns":1},{"damage":0,"enemies":"Small Slimes","floor":2,"turns":1},{"damage":0,"enemies":"2 Louse","floor":4,"turns":1},{"damage":50,"enemies":"Lagavulin","floor":6,"turns":6},{"damage":82,"enemies":"Slime Boss","floor":16,"turns":9}],"seed_played":"-587988899253364175","potions_obtained":[{"floor":6,"key":"Swift Potion"}],"is_trial":false,"path_per_floor":["M","M","?","M","?","E","?","$","T","R","?","$","R","?","R","B"],"character_chosen":"IRONCLAD","items_purchased":["Replay:Many Hands","Regal Pillow"],"campfire_rested":2,"item_purchase_floors":[8,12],"current_hp_per_floor":[80,80,80,80,80,36,36,36,36,60,60,60,60,60,80,0,0],"gold":49,"neow_bonus":"THREE_ENEMY_KILL","is_daily":false,"chose_seed":false,"campfire_upgraded":0,"win_rate":0.0,"timestamp":1608907879,"path_taken":["M","M","?","M","?","E","?","$","T","R","?","?","R","?","R","BOSS"],"items_purchased_type":["Card","Relic"],"build_version":"2020-12-22","purchased_purges":1,"victory":false,"max_hp_per_floor":[80,80,80,80,80,80,80,80,80,80,80,80,80,80,80,80,80],"card_choices":[{"not_picked":["Pommel Strike","Run Through"],"picked":"Heavy Blade","floor":1},{"not_picked":["ReplayTheSpireMod:Limb From Limb","Evolve"],"picked":"Flex","floor":2},{"not_picked":["ReplayTheSpireMod:Corrosion Curse","Armaments","Second Wind"],"picked":"SKIP","floor":4},{"not_picked":["Armaments","True Grit"],"picked":"Sentinel","floor":6}],"player_experience":91668,"relics_obtained":[{"floor":6,"key":"Bird Faced Urn"}],"event_choices":[{"damage_healed":0,"gold_gain":0,"player_choice":"Box","damage_taken":0,"relics_obtained":["Mercury Hourglass"],"max_hp_gain":0,"max_hp_loss":0,"event_name":"Big Fish","floor":3,"gold_loss":0,"cards_obtained":["Regret"]},{"damage_healed":0,"gold_gain":0,"player_choice":"Take Wound","damage_taken":0,"relics_obtained":["Golden Idol"],"max_hp_gain":0,"max_hp_loss":0,"event_name":"Golden Idol","floor":7,"gold_loss":0,"cards_obtained":["Injury"]},{"damage_healed":0,"gold_gain":175,"player_choice":"AGREE","damage_taken":0,"max_hp_gain":0,"max_hp_loss":0,"event_name":"Liars Game","floor":11,"gold_loss":0,"cards_obtained":["Doubt"]}],"is_beta":false,"boss_relics":[],"items_purged_floors":[12],"is_endless":false,"potions_floor_spawned":[6],"killed_by":"Slime Boss","ascension_level":1}}