{"host":"uzj3qtz06dzkgpll","time":1608889413,"event":{"mods":["BaseMod","Better Altar","Better Match","Better Note","Better Sensory Stone","Better Skull","Better Third Choice","Colored Map","Custom Start","Minty Spire (QoL Compilation)","Permanent Neow","Shop Mod","Spicy Shops","StSLib"],"gold_per_floor":[109,120,120,14,34,34,65,65,65,84,84,9,9,27,27,151,151,169,169,189,11,23,23,34,69,69,6,17,35,35,35],"floor_reached":30,"playtime":2768,"items_purged":["Strike_G"],"score":393,"play_id":"3e245839-657a-472d-b42c-fd5200386c34","local_time":"20201225014333","is_ascension_mode":true,"campfire_choices":[{"data":"Caltrops","floor":6,"key":"SMITH"},{"floor":13,"key":"REST"},{"data":"Noxious Fumes","floor":15,"key":"SMITH"},{"data":"After Image","floor":23,"key":"SMITH"}],"circlet_count":0,"master_deck":["Strike_G","Strike_G","Strike_G","Defend_G","Defend_G","Defend_G","Defend_G","Defend_G","Survivor","Neutralize","Deflect","Escape Plan","Caltrops+1","Noxious Fumes+1","Cloak And Dagger","After Image+1","Blade Dance","Slice","Footwork","Accuracy"],"relics":["Turnip","Sozu","MerchantsRug","Calipers","Matryoshka"],"acts_visited":["Exordium","TheCity"],"potions_floor_usage":[7,14,16],"damage_taken":[{"damage":0,"enemies":"Small Slimes","floor":1,"turns":5},{"damage":3,"enemies":"Jaw Worm","floor":2,"turns":4},{"damage":0,"enemies":"Cultist","floor":5,"turns":4},{"damage":21,"enemies":"Lagavulin","floor":7,"turns":7},{"damage":31,"enemies":"Exordium Thugs","floor":10,"turns":7},{"damage":10,"enemies":"Large Slime","floor":14,"turns":7},{"damage":0,"enemies":"Hexaghost","floor":16,"turns":9},{"damage":0,"enemies":"Spheric Guardian","floor":18,"turns":7},{"damage":9,"enemies":"Chosen","floor":20,"turns":6},{"damage":5,"enemies":"Snake Plant","floor":22,"turns":5},{"damage":1,"enemies":"Centurion and Healer","floor":24,"turns":9},{"damage":14,"enemies":"Book of Stabbing","floor":25,"turns":6},{"damage":8,"enemies":"Cultist and Chosen","floor":28,"turns":7},{"damage":9,"enemies":"Chosen and Byrds","floor":29,"turns":6},{"damage":13,"enemies":"Snake Plant","floor":30,"turns":2}],"seed_played":"-2299685600569045303","potions_obtained":[{"floor":2,"key":"Explosive Potion"},{"floor":7,"key":"Fruit Juice"},{"floor":10,"key":"Explosive Potion"},{"floor":14,"key":"SkillPotion"}],"is_trial":false,"path_per_floor":["M","M","?","$","M","R","E","?","T","M","?","$","R","M","R","B",null,"M","?","M","$","M","R","M","E","T","$","M","M","M"],"character_chosen":"THE_SILENT","items_purchased":["Caltrops","MerchantsRug","Calipers","Footwork"],"campfire_rested":1,"item_purchase_floors":[4,21,21,27],"current_hp_per_floor":[63,60,58,58,58,58,42,47,47,16,9,9,29,19,19,19,56,56,56,47,47,42,42,41,27,27,27,19,10,0,0],"gold":35,"neow_bonus":"ONE_RARE_RELIC","is_daily":false,"chose_seed":false,"campfire_upgraded":3,"win_rate":0.0,"timestamp":1608889413,"path_taken":["M","M","?","$","M","R","E","?","T","M","?","?","R","M","R","BOSS","M","?","M","?","M","R","M","E","T","$","M","?","M"],"items_purchased_type":["Card","Relic","Relic","Card"],"build_version":"2020-12-22","purchased_purges":1,"victory":false,"max_hp_per_floor":[63,63,58,58,58,58,63,68,68,68,68,68,68,68,68,68,68,68,68,68,68,68,68,68,68,68,68,68,68,68,68],"card_choices":[{"not_picked":["PiercingWail","Bane"],"picked":"Deflect","floor":1},{"not_picked":["Prepared","Backflip"],"picked":"Escape Plan","floor":2},{"not_picked":["Setup","Dodge and Roll"],"picked":"Noxious Fumes","floor":5},{"not_picked":["Skewer","Eviscerate","Acrobatics"],"picked":"SKIP","floor":7},{"not_picked":["Sucker Punch","Heel Hook"],"picked":"Cloak And Dagger","floor":10},{"not_picked":["Dagger Spray","Poisoned Stab","Outmaneuver"],"picked":"SKIP","floor":14},{"not_picked":["Bullet Time","Glass Knife"],"picked":"After Image","floor":16},{"not_picked":["Setup","Dagger Spray","Eviscerate+1"],"picked":"SKIP","floor":18},{"not_picked":["Bouncing Flask","Bane+1"],"picked":"Blade Dance","floor":20},{"not_picked":["Prepared","Dagger Throw","Dash"],"picked":"SKIP","floor":22},{"not_picked":["Distraction","Predator","Prepared"],"picked":"SKIP","floor":24},{"not_picked":["Acrobatics","Dagger Throw+1"],"picked":"Slice","floor":25},{"not_picked":["Terror","Calculated Gamble","Bouncing Flask"],"picked":"SKIP","floor":28},{"not_picked":["Bane","Sucker Punch"],"picked":"Accuracy","floor":29}],"player_experience":312816,"relics_obtained":[{"floor":7,"key":"StoneCalendar"},{"floor":9,"key":"HornCleat"},{"floor":25,"key":"Juzu Bracelet"},{"floor":26,"key":"Matryoshka"}],"event_choices":[{"damage_healed":0,"gold_gain":0,"player_choice":"Lose Max HP","damage_taken":0,"relics_obtained":["Golden Idol"],"max_hp_gain":0,"max_hp_loss":5,"event_name":"Golden Idol","floor":3,"gold_loss":0},{"damage_healed":0,"gold_gain":0,"player_choice":"Donut","damage_taken":0,"max_hp_gain":5,"max_hp_loss":0,"event_name":"Big Fish","floor":8,"gold_loss":0},{"cards_removed":["Strike_G"],"damage_healed":0,"gold_gain":0,"player_choice":"Card Removal","damage_taken":7,"max_hp_gain":0,"max_hp_loss":0,"event_name":"Golden Wing","floor":11,"gold_loss":0},{"damage_healed":0,"gold_gain":0,"player_choice":"Traded Relic","damage_taken":0,"relics_obtained":["Nloth\u0027s Gift"],"max_hp_gain":0,"max_hp_loss":0,"event_name":"N\u0027loth","floor":19,"relics_lost":["Ring of the Snake"],"gold_loss":0}],"is_beta":false,"boss_relics":[{"not_picked":["Cursed Key","Philosopher\u0027s Stone"],"picked":"Sozu"}],"items_purged_floors":[12],"is_endless":false,"potions_floor_spawned":[2,7,10,14,20,22,28],"killed_by":"Snake Plant","ascension_level":6}}