{"host":"ywt8u9kq80n9hc8s","time":1608937925,"event":{"mods":["AchievementEnabler","Alarm Clock","BaseMod","Better Altar","Better Match","Better Note","Better Sensory Stone","Better Skull","Better Third Choice","BetterRewards","Filter the Spire","Minty Spire (QoL Compilation)","Permanent Neow","Rare Cards Sparkle","StSLib"],"gold_per_floor":[116,191,38,63,63,98,98,132,132,132,158,19,19,49,49,153,153,163,163,163,192,34,34,62,62,85,128,33,63,63,94,94,198,198,215,50,59,108,132,132,159,190,259,12,53,80,90,27,27,27],"floor_reached":51,"playtime":4079,"items_purged":["Infernal Blade","Warcry"],"score":1050,"play_id":"9b2ce024-1227-45f6-a20b-93e0713b8609","local_time":"20201226011205","daily_mods":["Draft","Heirloom","Time Dilation","Flight","DeadlyEvents","Elite Swarm"],"is_ascension_mode":false,"campfire_choices":[{"data":"1","floor":7,"key":"LIFT"},{"data":"2","floor":10,"key":"LIFT"},{"data":"3","floor":13,"key":"LIFT"},{"data":"Pommel Strike","floor":15,"key":"SMITH"},{"floor":23,"key":"REST"},{"data":"Demon Form","floor":25,"key":"SMITH"},{"floor":30,"key":"REST"},{"floor":32,"key":"REST"},{"data":"Berserk","floor":40,"key":"SMITH"},{"data":"Anger","floor":49,"key":"SMITH"}],"circlet_count":0,"master_deck":["Headbutt","Flex","Warcry","Pommel Strike+1","Whirlwind","Flex","Dual Wield","Armaments","Pommel Strike","Anger+1","Wild Strike","Anger","Infernal Blade","Headbutt","Corruption+1","All For One","Demon Form+1","Berserk+1","Demon Form+1","Anger","Dark Embrace+1","Barricade+1"],"relics":["Unceasing Top","Girya","Membership Card","Pen Nib","Turnip","The Courier","Meat on the Bone","Blue Candle","Ginger","Paper Frog","Lizard Tail","Black Star","Gambling Chip","Sundial","HornCleat","Tiny Chest","Blood Vial","Smiling Mask","CeramicFish","Potion Belt","Akabeko","Singing Bowl","Charon\u0027s Ashes","Torii","Dream Catcher","Frozen Egg 2","Coffee Dripper","Strange Spoon","Bottled Tornado","Champion Belt","Darkstone Periapt","Nunchaku","White Beast Statue","Prayer Wheel","Toxic Egg 2","Kunai","Lantern","Ornamental Fan","Red Skull","Pear","CaptainsWheel","Vajra"],"acts_visited":["Exordium","TheCity","TheBeyond"],"potions_floor_usage":[44],"damage_taken":[{"damage":0,"enemies":"Small Slimes","floor":1,"turns":2},{"damage":18,"enemies":"3 Sentries","floor":6,"turns":4},{"damage":0,"enemies":"Gremlin Nob","floor":8,"turns":2},{"damage":0,"enemies":"3 Sentries","floor":11,"turns":1},{"damage":0,"enemies":"Gremlin Nob","floor":14,"turns":1},{"damage":31,"enemies":"Hexaghost","floor":16,"turns":4},{"damage":0,"enemies":"Spheric Guardian","floor":18,"turns":2},{"damage":31,"enemies":"Gremlin Leader","floor":21,"turns":4},{"damage":16,"enemies":"Book of Stabbing","floor":24,"turns":3},{"damage":35,"enemies":"Gremlin Leader","floor":27,"turns":4},{"damage":7,"enemies":"Slavers","floor":29,"turns":3},{"damage":13,"enemies":"Book of Stabbing","floor":31,"turns":3},{"damage":13,"enemies":"Collector","floor":33,"turns":3},{"damage":15,"enemies":"Orb Walker","floor":35,"turns":2},{"damage":0,"enemies":"2 Orb Walkers","floor":38,"turns":1},{"damage":11,"enemies":"3 Darklings","floor":39,"turns":2},{"damage":0,"enemies":"Giant Head","floor":41,"turns":4},{"damage":16,"enemies":"Nemesis","floor":42,"turns":3},{"damage":31,"enemies":"Reptomancer","floor":45,"turns":3},{"damage":1,"enemies":"Nemesis","floor":46,"turns":3},{"damage":0,"enemies":"Jaw Worm Horde","floor":47,"turns":2},{"damage":72,"enemies":"Awakened One","floor":50,"turns":6}],"seed_played":"5137562380222683536","potions_obtained":[{"floor":1,"key":"AttackPotion"},{"floor":8,"key":"SkillPotion"},{"floor":16,"key":"DuplicationPotion"},{"floor":38,"key":"Dexterity Potion"},{"floor":41,"key":"Fire Potion"},{"floor":42,"key":"CultistPotion"},{"floor":45,"key":"LiquidMemories"}],"is_trial":true,"path_per_floor":["M","?","$","T","?","E","R","E","T","R","E","$","R","E","R","B",null,"M","?","?","E","$","R","E","R","T","E","$","E","R","E","R","B",null,"M","$","?","?","M","R","E","E","T","$","E","E","M","$","R","B",null],"character_chosen":"IRONCLAD","items_purchased":["Membership Card","Paper Frog","HornCleat","Tiny Chest","Singing Bowl","Strange Spoon","Bottled Tornado","BloodPotion","BlessingOfTheForge","Kunai","Lantern","Vajra"],"campfire_rested":3,"item_purchase_floors":[3,12,22,22,28,36,36,44,44,44,44,48],"current_hp_per_floor":[80,69,69,69,66,48,48,48,48,48,48,48,48,48,48,29,80,80,80,80,49,49,73,57,57,57,36,36,45,69,60,86,73,86,73,73,73,77,68,68,72,60,60,78,49,62,68,68,68,67],"gold":27,"neow_bonus":"","is_daily":false,"chose_seed":false,"campfire_upgraded":4,"win_rate":0.0,"timestamp":1608937925,"path_taken":["M","?","$","?","?","E","R","E","T","R","E","$","R","?","R","BOSS","M","?","?","?","$","R","E","R","T","E","$","E","R","E","R","BOSS","M","$","?","?","M","R","E","E","T","$","E","E","?","$","R","BOSS"],"items_purchased_type":["Relic","Relic","Relic","Relic","Relic","Relic","Relic","Potion","Potion","Relic","Relic","Relic"],"build_version":"2020-12-22","purchased_purges":2,"victory":true,"max_hp_per_floor":[80,80,80,80,80,80,80,80,80,80,80,80,80,80,80,80,80,80,80,80,80,80,80,80,80,80,80,80,82,82,84,86,86,86,88,88,88,90,90,90,92,94,94,94,94,106,110,110,110,110],"card_choices":[{"not_picked":["Dark Embrace","Dropkick"],"picked":"Headbutt","floor":0},{"not_picked":["Perfected Strike","Thunderclap"],"picked":"Flex","floor":0},{"not_picked":["Thunderclap","Pommel Strike"],"picked":"Warcry","floor":0},{"not_picked":["True Grit","Iron Wave"],"picked":"Pommel Strike","floor":0},{"not_picked":["Combust","Dark Embrace"],"picked":"Whirlwind","floor":0},{"not_picked":["Reckless Charge","Shrug It Off"],"picked":"Warcry","floor":0},{"not_picked":["Uppercut","Clash"],"picked":"Flex","floor":0},{"not_picked":["Body Slam","Iron Wave"],"picked":"Dual Wield","floor":0},{"not_picked":["Hemokinesis","Pommel Strike"],"picked":"Armaments","floor":0},{"not_picked":["Iron Wave","Flex"],"picked":"Infernal Blade","floor":0},{"not_picked":["Havoc","Ghostly Armor"],"picked":"Pommel Strike","floor":0},{"not_picked":["Inflame","Sentinel"],"picked":"Anger","floor":0},{"not_picked":["Shockwave","Searing Blow"],"picked":"Wild Strike","floor":0},{"not_picked":["Shrug It Off","Perfected Strike"],"picked":"Anger","floor":0},{"not_picked":["Body Slam","Wild Strike"],"picked":"Infernal Blade","floor":0},{"not_picked":["Power Through","Evolve"],"picked":"Headbutt","floor":1},{"not_picked":["Impervious","Brutality","Limit Break"],"picked":"SKIP","floor":6},{"not_picked":["Barricade","Exhume"],"picked":"Corruption","floor":8},{"not_picked":["Exhume","Immolate","Bludgeon"],"picked":"SKIP","floor":11},{"not_picked":["Immolate","Exhume","Feed"],"picked":"SKIP","floor":14},{"not_picked":["Rage","Pummel","Combust"],"picked":"SKIP","floor":18},{"not_picked":["Double Tap","Berserk","Juggernaut"],"picked":"SKIP","floor":21},{"not_picked":["Offering","Bludgeon"],"picked":"Demon Form","floor":24},{"not_picked":["Brutality","Demon Form"],"picked":"Berserk","floor":27},{"not_picked":["Fiend Fire","Impervious","Immolate"],"picked":"Singing Bowl","floor":29},{"not_picked":["Corruption+1","Exhume","Brutality+1"],"picked":"Singing Bowl","floor":31},{"not_picked":["Havoc","Anger","Combust+1"],"picked":"Singing Bowl","floor":32},{"not_picked":["Exhume","Offering"],"picked":"Demon Form+1","floor":33},{"not_picked":["Clothesline","Spot Weakness+1","Seeing Red+1"],"picked":"Singing Bowl","floor":35},{"not_picked":["Fire Breathing+1","Havoc+1","Combust+1"],"picked":"Singing Bowl","floor":38},{"not_picked":["Pommel Strike+1","Flex"],"picked":"Dark Embrace+1","floor":39},{"not_picked":["Exhume","Limit Break","Offering"],"picked":"Singing Bowl","floor":41},{"not_picked":["Reaper","Fiend Fire","Demon Form+1"],"picked":"Singing Bowl","floor":42},{"not_picked":["Corruption+1","Reaper"],"picked":"Barricade+1","floor":45},{"not_picked":["Bludgeon","Feed","Barricade+1"],"picked":"Singing Bowl","floor":46},{"not_picked":["Power Through+1","Iron Wave","Flex+1"],"picked":"Singing Bowl","floor":47},{"not_picked":["Iron Wave","Cleave+1","Body Slam"],"picked":"Singing Bowl","floor":47}],"player_experience":43770,"relics_obtained":[{"floor":4,"key":"Pen Nib"},{"floor":6,"key":"The Courier"},{"floor":8,"key":"Meat on the Bone"},{"floor":9,"key":"Blue Candle"},{"floor":11,"key":"Ginger"},{"floor":14,"key":"Lizard Tail"},{"floor":21,"key":"Gambling Chip"},{"floor":21,"key":"Sundial"},{"floor":24,"key":"Blood Vial"},{"floor":24,"key":"Smiling Mask"},{"floor":26,"key":"CeramicFish"},{"floor":27,"key":"Potion Belt"},{"floor":27,"key":"Akabeko"},{"floor":29,"key":"Charon\u0027s Ashes"},{"floor":29,"key":"Torii"},{"floor":31,"key":"Dream Catcher"},{"floor":31,"key":"Frozen Egg 2"},{"floor":38,"key":"Champion Belt"},{"floor":41,"key":"Darkstone Periapt"},{"floor":41,"key":"Nunchaku"},{"floor":42,"key":"White Beast Statue"},{"floor":42,"key":"Prayer Wheel"},{"floor":43,"key":"Toxic Egg 2"},{"floor":45,"key":"Ornamental Fan"},{"floor":45,"key":"Red Skull"},{"floor":46,"key":"Pear"},{"floor":46,"key":"CaptainsWheel"}],"event_choices":[{"damage_healed":0,"gold_gain":75,"player_choice":"Gold","damage_taken":11,"max_hp_gain":0,"max_hp_loss":0,"event_name":"betterThird:BetterGoop","floor":2,"gold_loss":0},{"damage_healed":0,"gold_gain":0,"player_choice":"Relic ","damage_taken":3,"max_hp_gain":0,"max_hp_loss":0,"event_name":"betterThird:BetterScrap","floor":5,"gold_loss":0,"cards_obtained":["Eviscerate"]},{"damage_healed":0,"gold_gain":0,"player_choice":"Upgraded","damage_taken":0,"max_hp_gain":0,"max_hp_loss":0,"event_name":"Upgrade Shrine","floor":19,"gold_loss":0,"cards_upgraded":["Corruption"]},{"cards_removed":["Anger"],"damage_healed":0,"gold_gain":0,"player_choice":"Take \u0026 Give","damage_taken":0,"max_hp_gain":0,"max_hp_loss":0,"event_name":"betterNote:BetterNote","floor":20,"gold_loss":0,"cards_obtained":["All For One"]},{"damage_healed":0,"gold_gain":3,"player_choice":"4","damage_taken":0,"max_hp_gain":0,"max_hp_loss":0,"event_name":"betterStone:BetterStone","floor":37,"gold_loss":0,"cards_obtained":["Anger"]},{"damage_healed":0,"gold_gain":0,"player_choice":"Fight","damage_taken":0,"max_hp_gain":0,"max_hp_loss":0,"event_name":"Mysterious Sphere","floor":38,"gold_loss":0}],"is_beta":false,"boss_relics":[{"not_picked":["Calling Bell","Busted Crown"],"picked":"Black Star"},{"not_picked":["Tiny House","Mark of Pain"],"picked":"Coffee Dripper"}],"items_purged_floors":[12,44],"is_endless":false,"potions_floor_spawned":[1,8,16,18,21,38,41,42,45,46,47],"ascension_level":0}}