{"host":"h8l1uc7c2i19r904","time":1608856527,"event":{"mods":["AchievementEnabler","BaseMod","Colored Map","Colored Powertips","Downfall","Minty Spire (QoL Compilation)","Quick Restart","Replay The Spire","StSLib","SuperFastMode"],"gold_per_floor":[99,62,62,62,24,24,99,24,35,63,63,63,21,50,67,170,170,20,36,56,70,85,85,133,133,145,145,162,174,199,199,199,199],"floor_reached":32,"playtime":1737,"items_purged":[],"score":293,"play_id":"2fc6fc69-046e-42fc-bab2-6ce26ba886a9","local_time":"20201224163527","is_ascension_mode":false,"campfire_choices":[{"floor":1,"key":"RECALL"},{"data":"Slimebound:MegaLick","floor":6,"key":"SMITH"},{"data":"Slimebound:CorrosiveSpit","floor":8,"key":"SMITH"},{"data":"Slimebound:SplitMire","floor":11,"key":"SMITH"},{"data":"Slimebound:DouseInSlime","floor":18,"key":"SMITH"},{"data":"Slimebound:ComboTackle","floor":23,"key":"SMITH"},{"data":"Slimebound:HauntingLick","floor":25,"key":"SMITH"},{"data":"Slimebound:RollThrough","floor":27,"key":"SMITH"}],"circlet_count":0,"master_deck":["Slimebound:Strike_Slimebound","Slimebound:Strike_Slimebound","Slimebound:Strike_Slimebound","Slimebound:Tackle","Slimebound:Defend_Slimebound","Slimebound:Defend_Slimebound","Slimebound:Defend_Slimebound","Slimebound:Defend_Slimebound","Slimebound:Split","Slimebound:CorrosiveSpit+1","Slimebound:ProtectTheBoss","Pain","Slimebound:SplitMire+1","Slimebound:MegaLick+1","Slimebound:Schlurp+1","Slimebound:LevelUp","Slimebound:AcidTongue","Slimebound:ComboTackle+1","Slimebound:HauntingLick+1","Slimebound:RollThrough+1","Slimebound:DouseInSlime+1","Slimebound:SlimeSpikes","Necronomicurse"],"relics":["Slimebound:AbsorbEndCombat","downfall:HeartsMalice","WarpedTongs","downfall:HeartBlessingRed","Strawberry","Iron Hammer","Busted Crown","downfall:HeartBlessingBlue","downfall:HeartBlessingGreen","Boot","Juzu Bracelet","Necronomicon"],"acts_visited":["TheCity"],"potions_floor_usage":[10,16],"damage_taken":[{"damage":0,"enemies":"downfall:FleeingMerchant","floor":2,"turns":1},{"damage":0,"enemies":"2 Louse","floor":3,"turns":1},{"damage":0,"enemies":"downfall:FleeingMerchant","floor":5,"turns":1},{"damage":11,"enemies":"Cultist","floor":9,"turns":3},{"damage":16,"enemies":"Lagavulin","floor":10,"turns":7},{"damage":19,"enemies":"downfall:FleeingMerchant","floor":13,"turns":4},{"damage":61,"enemies":"3 Sentries","floor":14,"turns":5},{"damage":10,"enemies":"Jaw Worm","floor":15,"turns":3},{"damage":51,"enemies":"downfall:Watcher","floor":16,"turns":6},{"damage":21,"enemies":"Shell Parasite","floor":19,"turns":4},{"damage":20,"enemies":"Snake Plant","floor":20,"turns":3},{"damage":50,"enemies":"Cultist and Chosen","floor":21,"turns":6},{"damage":32,"enemies":"Sentry and Sphere","floor":22,"turns":4},{"damage":37,"enemies":"Snake Plant","floor":26,"turns":2},{"damage":31,"enemies":"Chosen and Byrds","floor":28,"turns":5},{"damage":47,"enemies":"Shelled Parasite and Fungi","floor":29,"turns":4},{"damage":35,"enemies":"Slavers","floor":30,"turns":4},{"damage":7,"enemies":"Snake Plant","floor":32,"turns":1}],"seed_played":"-5994484210972964103","potions_obtained":[{"floor":9,"key":"Dexterity Potion"},{"floor":14,"key":"BlessingOfTheForge"},{"floor":15,"key":"FearPotion"},{"floor":22,"key":"sneckomod:MuddlingPotion"},{"floor":26,"key":"Doom Potion"},{"floor":28,"key":"FairyPotion"},{"floor":30,"key":"Languid Potion"}],"is_trial":false,"path_per_floor":["R","$","M","?","$","R","T","R","M","E","R","?","$","E","M","B",null,"R","M","M","M","M","R","T","R","M","R","M","M","E","?","M"],"character_chosen":"SLIMEBOUND","items_purchased":["Slimebound:ProtectTheBoss","Slimebound:MegaLick","Slimebound:ComboTackle"],"campfire_rested":0,"item_purchase_floors":[2,5,13],"current_hp_per_floor":[60,60,60,60,60,60,60,60,60,67,67,67,66,29,31,12,67,77,77,73,51,43,43,43,43,26,26,15,18,19,3,0,0],"gold":199,"neow_bonus":"THREE_ENEMY_KILL","is_daily":false,"chose_seed":false,"campfire_upgraded":7,"win_rate":0.0,"timestamp":1608856527,"path_taken":["R","$","M","?","?","R","T","R","M","E","R","?","?","E","M","BOSS","R","M","M","M","?","R","T","R","M","R","M","M","E","?","M"],"items_purchased_type":["Card","Card","Card"],"build_version":"2020-12-22","purchased_purges":0,"victory":false,"max_hp_per_floor":[60,60,60,60,60,60,60,60,60,67,67,67,67,67,67,67,67,77,77,77,77,77,77,77,77,77,77,77,77,77,77,77,77],"card_choices":[{"not_picked":["Slimebound:SpikyOuterGoop","Slimebound:SplitLeeching","Slimebound:RollThrough"],"picked":"SKIP","floor":2},{"not_picked":["Slimebound:FirmFortitude","Slimebound:GoopSpray","Slimebound:RollThrough"],"picked":"SKIP","floor":3},{"not_picked":["Slimebound:RollThrough","Slimebound:LeechingTouch"],"picked":"Slimebound:SplitMire","floor":5},{"not_picked":["Slimebound:GoopTackle","Slimebound:GoopSpray"],"picked":"Slimebound:Schlurp","floor":9},{"not_picked":["Slimebound:Nibble","Slimebound:Teamwork"],"picked":"Slimebound:LevelUp","floor":10},{"not_picked":["Slimebound:Schlurp","Slimebound:SplitAcid"],"picked":"Slimebound:AcidTongue","floor":13},{"not_picked":["Slimebound:ComboTackle","Slimebound:FinishingTackle"],"picked":"Slimebound:HauntingLick","floor":14},{"not_picked":["Slimebound:LeechingTouch","Slimebound:Equalize"],"picked":"Slimebound:RollThrough","floor":15},{"not_picked":["Slimebound:SelfFormingGoo","Slimebound:PrepareCrush"],"picked":"Slimebound:DouseInSlime","floor":16},{"not_picked":["Slimebound:ItLooksTasty+1"],"picked":"SKIP","floor":19},{"not_picked":["Slimebound:PressTheAttack"],"picked":"SKIP","floor":20},{"not_picked":["Slimebound:RollThrough"],"picked":"SKIP","floor":21},{"not_picked":["Slimebound:Schlurp"],"picked":"SKIP","floor":22},{"not_picked":[],"picked":"Slimebound:SlimeSpikes","floor":26},{"not_picked":["Slimebound:ProtectTheBoss"],"picked":"SKIP","floor":28},{"not_picked":["Slimebound:PressTheAttack"],"picked":"SKIP","floor":29},{"not_picked":["Slimebound:SlimeBarrage"],"picked":"SKIP","floor":30}],"player_experience":145099,"relics_obtained":[{"floor":10,"key":"Strawberry"},{"floor":14,"key":"Iron Hammer"},{"floor":24,"key":"Boot"},{"floor":30,"key":"Juzu Bracelet"},{"floor":31,"key":"Necronomicon"}],"event_choices":[{"damage_healed":0,"gold_gain":0,"player_choice":"Rummage","damage_taken":0,"relics_obtained":["WarpedTongs"],"max_hp_gain":0,"max_hp_loss":0,"event_name":"Accursed Blacksmith","floor":4,"gold_loss":0,"cards_obtained":["Pain"]}],"is_beta":false,"boss_relics":[{"not_picked":["Slimebound:TarBlob","ReplayTheSpireMod:DimensionalGlitch"],"picked":"Busted Crown"}],"items_purged_floors":[],"is_endless":false,"potions_floor_spawned":[9,14,15,22,26,28,30],"killed_by":"Snake Plant","ascension_level":0}}