{"host":"qjr2x8lg4bxz99yh","time":1608925123,"event":{"mods":["Act Like it!","BaseMod","Colored Powertips","Downfall","Friendly Minions","Hallownest","Hermit","Minty Spire (QoL Compilation)","Replay The Spire","StSLib","The Bug Knight","The Cursed","The Disciple","The Hierophant","The Jungle","The Necromancer","The Runesmith","everything is the same but u backflip on backflip"],"gold_per_floor":[116,129,142,142,152,152,181,181,227,227,157,157,175,193,193,193,193],"floor_reached":16,"playtime":2175,"items_purged":[],"score":102,"play_id":"440920c4-91b0-4f97-ae44-4e898baba3ac","local_time":"20201225133843","is_ascension_mode":false,"campfire_choices":[{"floor":6,"key":"REST"},{"floor":15,"key":"REST"}],"circlet_count":1,"master_deck":["hermit:Strike_Hermit","hermit:Strike_Hermit","hermit:Strike_Hermit","hermit:Strike_Hermit","hermit:Defend_Hermit","hermit:Defend_Hermit","hermit:Defend_Hermit","hermit:Defend_Hermit","hermit:Snapshot","hermit:Covet","Pain","hermit:Reprieve","hermit:Midnight","hermit:LuckOfTheDraw","hermit:Shortfuse","Hallownest:curseDreamersLament","hermit:BigShot","hermit:LowProfile","Doubt","hermit:Dive","hermit:WideOpen"],"relics":["hermit:Momento","Hallownest:TeacherSealRelic","Eternal Feather","Hallownest:DreamNailRelic","MealTicket","Hallownest:StagBellRelic1","Circlet"],"acts_visited":["Hallownest:Greenpath"],"potions_floor_usage":[7,13,14,14,16],"damage_taken":[{"damage":6,"enemies":"Hallownest:2_Baldur","floor":1,"turns":4},{"damage":6,"enemies":"2_ Uuma","floor":2,"turns":7},{"damage":25,"enemies":"Hallownest:2_MossCreeps","floor":3,"turns":8},{"damage":11,"enemies":"Hallownest:monsterMossCharger","floor":5,"turns":8},{"damage":54,"enemies":"Hallownest:eliteMossKnight","floor":7,"turns":17},{"damage":15,"enemies":"Hallownest:2_Tiktiks_1_Baldur_1_Crawlid","floor":13,"turns":5},{"damage":11,"enemies":"Hallownest:1_Ooma_and_2_Uuma","floor":14,"turns":6},{"damage":83,"enemies":"Hallownest:BossHornet","floor":16,"turns":13}],"seed_played":"-7936051931650396674","potions_obtained":[{"floor":2,"key":"SkillPotion"},{"floor":7,"key":"EntropicBrew"}],"is_trial":false,"path_per_floor":["M","M","M","?","M","R","E","?","T","?","?","?","M","M","R","B"],"character_chosen":"HERMIT","items_purchased":[],"campfire_rested":2,"item_purchase_floors":[],"current_hp_per_floor":[75,69,48,48,45,67,25,25,25,25,25,25,26,27,61,0,0],"gold":193,"neow_bonus":"THREE_RARE_CARDS","is_daily":false,"chose_seed":false,"campfire_upgraded":0,"win_rate":0.0,"timestamp":1608925123,"path_taken":["M","?","M","?","M","R","E","?","T","?","?","?","?","M","R","BOSS"],"items_purchased_type":[],"build_version":"2020-12-22","purchased_purges":0,"victory":false,"max_hp_per_floor":[75,75,75,75,75,75,75,75,75,75,75,75,75,75,75,75,75],"card_choices":[{"not_picked":["hermit:BlackWind","hermit:HeroicBravado"],"picked":"hermit:Reprieve","floor":0},{"not_picked":["hermit:ItchyTrigger","hermit:BodyArmor"],"picked":"hermit:Midnight","floor":1},{"not_picked":["hermit:HoleUp","hermit:HighCaliber"],"picked":"hermit:LuckOfTheDraw","floor":2},{"not_picked":["hermit:HoleUp","hermit:Quickdraw"],"picked":"hermit:Shortfuse","floor":3},{"not_picked":["hermit:Gestalt","hermit:NoHoldsBarred"],"picked":"hermit:BigShot","floor":5},{"not_picked":["hermit:Cheat","hermit:CalledShot"],"picked":"hermit:LowProfile","floor":7},{"not_picked":["hermit:Midnight","hermit:Purgatory"],"picked":"hermit:Dive","floor":13},{"not_picked":["hermit:BigShot","hermit:Desperado"],"picked":"hermit:WideOpen","floor":14}],"player_experience":46106,"relics_obtained":[{"floor":7,"key":"Eternal Feather"},{"floor":9,"key":"MealTicket"}],"event_choices":[],"is_beta":false,"boss_relics":[],"items_purged_floors":[],"is_endless":false,"potions_floor_spawned":[2,7],"killed_by":"Hallownest:BossHornet","ascension_level":0}}