{"host":"4w8ocelhatf0iefc","time":1608912069,"event":{"mods":["AchievementEnabler","Act Like it!","Aspiration","BaseMod","Colored Map","Colored Powertips","Hubris","Minty Spire (QoL Compilation)","Replay The Spire","StSLib"],"gold_per_floor":[119,131,406,425,436,469,644,669,695,71,71,81,47,47,47,47,47],"floor_reached":16,"playtime":382,"items_purged":["Doubt"],"score":127,"play_id":"05d32576-3b4d-4879-81c0-b7bd5ca12d13","local_time":"20201226000109","is_ascension_mode":true,"campfire_choices":[{"floor":15.0,"key":"REST"}],"circlet_count":0,"master_deck":["Strike_B","Strike_B","Strike_B","Strike_B","Defend_B","Defend_B","Defend_B","Defend_B","Zap","Dualcast","Sunder","Doom and Gloom","Regret","Turbo","Sweeping Beam","Buffer","Storm+1","BootSequence","Ball Lightning+1"],"relics":["Cracked Core","Nunchaku","aspiration:EnhancedActuators","Regal Pillow","Carrot","Ginger","hubris:Towel"],"acts_visited":["Exordium"],"potions_floor_usage":[],"damage_taken":[{"damage":8.0,"enemies":"2 Louse","floor":1.0,"turns":2.0},{"damage":6.0,"enemies":"Cultist","floor":2.0,"turns":3.0},{"damage":5.0,"enemies":"Jaw Worm","floor":4.0,"turns":3.0},{"damage":10.0,"enemies":"2 Fungi Beasts","floor":5.0,"turns":3.0},{"damage":7.0,"enemies":"Lagavulin","floor":6.0,"turns":4.0},{"damage":34.0,"enemies":"Gremlin Nob","floor":8.0,"turns":5.0},{"damage":22.0,"enemies":"Lots of Slimes","floor":12.0,"turns":3.0},{"damage":42,"enemies":"Slime Boss","floor":16,"turns":6}],"seed_played":"6545538370588667835","potions_obtained":[{"floor":2.0,"key":"Strength Potion"},{"floor":4.0,"key":"Regen Potion"},{"floor":5.0,"key":"Flashbang"}],"is_trial":false,"path_per_floor":["M","M","?","M","M","E","?","E","T","$","?","M","$","?","R","B"],"character_chosen":"DEFECT","items_purchased":["Carrot","Ginger","Ball Lightning+1"],"campfire_rested":1,"item_purchase_floors":[10,10,13],"current_hp_per_floor":[74,68,68,63,53,58,58,24,24,24,24,2,2,2,41,0,0],"gold":47,"neow_bonus":"TEN_PERCENT_HP_BONUS","is_daily":false,"chose_seed":false,"campfire_upgraded":0,"win_rate":0.0,"timestamp":1608912069,"path_taken":["M","M","?","?","?","E","?","E","T","$","?","M","$","?","R","BOSS"],"items_purchased_type":["Relic","Relic","Card"],"build_version":"2020-12-22","purchased_purges":1,"victory":false,"max_hp_per_floor":[82,82,82,82,82,82,82,82,82,82,82,82,82,82,82,82,82],"card_choices":[{"not_picked":["Turbo","BasicCrystalCard"],"picked":"Sunder","floor":1.0},{"not_picked":["Rip and Tear","Steam"],"picked":"Doom and Gloom","floor":2.0},{"not_picked":["Chill","Stack"],"picked":"Turbo","floor":4.0},{"not_picked":["Chaos","Compile Driver"],"picked":"Sweeping Beam","floor":5.0},{"not_picked":["Turbo","Conserve Battery"],"picked":"Buffer","floor":6.0},{"not_picked":["Coolheaded","Cold Snap"],"picked":"Storm","floor":8.0},{"not_picked":["Barrage","Hologram"],"picked":"BootSequence","floor":12.0}],"player_experience":289988,"relics_obtained":[{"floor":6.0,"key":"Nunchaku"},{"floor":8.0,"key":"aspiration:EnhancedActuators"},{"floor":9.0,"key":"Regal Pillow"}],"event_choices":[{"damage_healed":0.0,"max_hp_gain":0.0,"max_hp_loss":0.0,"gold_gain":275.0,"event_name":"Golden Shrine","player_choice":"Desecrate","floor":3.0,"gold_loss":0.0,"damage_taken":0.0,"cards_obtained":["Regret"]},{"damage_healed":0.0,"max_hp_gain":0.0,"max_hp_loss":0.0,"gold_gain":175.0,"event_name":"Liars Game","player_choice":"AGREE","floor":7.0,"gold_loss":0.0,"damage_taken":0.0,"cards_obtained":["Doubt"]},{"damage_healed":0.0,"max_hp_gain":0.0,"max_hp_loss":0.0,"gold_gain":0.0,"event_name":"Accursed Blacksmith","player_choice":"Forge","floor":14.0,"gold_loss":0.0,"damage_taken":0.0,"cards_upgraded":["Storm"]}],"is_beta":false,"boss_relics":[],"items_purged_floors":[10],"is_endless":false,"potions_floor_spawned":[2,4,5],"killed_by":"Slime Boss","ascension_level":3}}