{"host":"fjaupvxe7fzqrf4j","time":1608904827,"event":{"mods":["ATMod(°¢èªMod)","BaseMod","Minty Spire (QoL Compilation)","StSLib"],"gold_per_floor":[20,20,20,20,34,34,44,69,69,69,124,124,142,176,176,250,250,267,287,44,62,79,111,111,144,214,114,132,132,148,180,180,251,251,268,268,60,110,160,192,220,250,297,325,342,342,50,61,61,61,61,61,61,89,89],"floor_reached":56,"playtime":1127,"items_purged":["Strike_P","Strike_P","Defend_P"],"score":3066,"play_id":"c69c9d5e-6a5d-4d71-a56f-56d8685ec86d","local_time":"20201225220027","is_ascension_mode":true,"campfire_choices":[{"data":"Conclude","floor":6.0,"key":"SMITH"},{"data":"Adaptation","floor":10.0,"key":"SMITH"},{"data":"BowlingBash","floor":15.0,"key":"SMITH"},{"floor":24.0,"key":"REST"},{"floor":29.0,"key":"REST"},{"floor":32.0,"key":"RECALL"},{"data":"Strike_P","floor":46.0,"key":"PURGE"},{"data":"Strike_P+1","floor":49.0,"key":"PURGE"},{"data":"Defend_P","floor":52.0,"key":"PURGE"}],"circlet_count":0,"master_deck":["AscendersBane","Eruption+1","Vigilance","AT_KingSlayer+1","Weave","Conclude+1","BowlingBash+1","Crescendo","Adaptation+1","FollowUp","LessonLearned","TalkToTheHand","Indignation","WheelKick+1","Adaptation","Scrawl","Omniscience","AT_EmpoweredMortalDraw","AT_ChampionStep+1","Wallop+1","DevaForm+1"],"relics":["PureWater","AT_ATBox","Question Card","Mercury Hourglass","Potion Belt","PreservedInsect","Fusion Hammer","Medical Kit","AT_GuinsooRageblade","InkBottle","AT_TimeSand","Frozen Egg 2","AT_MortalBlade","FossilizedHelix","WingedGreaves","Peace Pipe","Blood Vial","TungstenRod","Membership Card","Lantern","AT_SunfireAegis"],"acts_visited":["Exordium","TheCity","TheBeyond","TheEnding"],"potions_floor_usage":[55,55,55,55],"damage_taken":[{"damage":0.0,"enemies":"2 Louse","floor":1.0,"turns":2.0},{"damage":0.0,"enemies":"Small Slimes","floor":5.0,"turns":2.0},{"damage":12.0,"enemies":"Cultist","floor":7.0,"turns":3.0},{"damage":0.0,"enemies":"Gremlin Nob","floor":8.0,"turns":2.0},{"damage":14.0,"enemies":"Lagavulin Event","floor":11.0,"turns":3.0},{"damage":12.0,"enemies":"Looter","floor":13.0,"turns":3.0},{"damage":0.0,"enemies":"Lagavulin","floor":14.0,"turns":1.0},{"damage":0.0,"enemies":"Slime Boss","floor":16.0,"turns":3.0},{"damage":0.0,"enemies":"Shell Parasite","floor":18.0,"turns":1.0},{"damage":0.0,"enemies":"Spheric Guardian","floor":19.0,"turns":3.0},{"damage":15.0,"enemies":"Centurion and Healer","floor":21.0,"turns":3.0},{"damage":14.0,"enemies":"Snake Plant","floor":22.0,"turns":2.0},{"damage":0.0,"enemies":"Gremlin Leader","floor":23.0,"turns":2.0},{"damage":10.0,"enemies":"Slavers","floor":25.0,"turns":2.0},{"damage":0.0,"enemies":"Cultist and Chosen","floor":28.0,"turns":2.0},{"damage":0.0,"enemies":"Snecko","floor":30.0,"turns":2.0},{"damage":0.0,"enemies":"Gremlin Leader","floor":31.0,"turns":1.0},{"damage":0.0,"enemies":"Collector","floor":33.0,"turns":2.0},{"damage":0.0,"enemies":"3 Darklings","floor":35.0,"turns":2.0},{"damage":0.0,"enemies":"2 Orb Walkers","floor":38.0,"turns":1.0},{"damage":0.0,"enemies":"Giant Head","floor":40.0,"turns":1.0},{"damage":0.0,"enemies":"Nemesis","floor":41.0,"turns":1.0},{"damage":0.0,"enemies":"Giant Head","floor":42.0,"turns":2.0},{"damage":0.0,"enemies":"Nemesis","floor":44.0,"turns":1.0},{"damage":15.0,"enemies":"3 Shapes","floor":45.0,"turns":2.0},{"damage":0.0,"enemies":"Maw","floor":48.0,"turns":1.0},{"damage":0.0,"enemies":"Time Eater","floor":50.0,"turns":1.0},{"damage":0.0,"enemies":"Shield and Spear","floor":54.0,"turns":2.0},{"damage":25,"enemies":"The Heart","floor":55,"turns":5}],"seed_played":"-8771343274231021258","potions_obtained":[{"floor":1.0,"key":"GamblersBrew"},{"floor":14.0,"key":"BlessingOfTheForge"},{"floor":16.0,"key":"BottledMiracle"},{"floor":18.0,"key":"DuplicationPotion"},{"floor":22.0,"key":"EssenceOfSteel"},{"floor":23.0,"key":"BottledMiracle"},{"floor":25.0,"key":"Block Potion"}],"is_trial":false,"path_per_floor":["M","?","?","$","M","R","M","E","T","R","?","?","M","E","R","B",null,"M","M","$","M","M","E","R","E","T","$","M","R","M","E","R","B",null,"M","?","$","?","?","E","E","E","T","E","M","R","$","M","R","B",null,"R","$","E","B",null],"character_chosen":"WATCHER","items_purchased":["Medical Kit","AT_ChampionStep+1","Membership Card","Lantern","Wallop"],"campfire_rested":2,"item_purchase_floors":[20,37,47,47,47],"current_hp_per_floor":[61,61,61,61,61,61,49,49,49,49,35,40,28,28,28,28,62,62,62,62,47,33,33,54,44,44,44,44,65,65,65,65,65,71,71,69,69,69,69,69,69,69,69,69,54,54,54,56,56,58,66,66,66,68,44],"gold":89,"neow_bonus":"TRANSFORM_TWO_CARDS","is_daily":false,"chose_seed":false,"campfire_upgraded":3,"win_rate":0.0,"timestamp":1608904827,"path_taken":["M","?","?","$","?","R","M","E","T","R","?","?","M","E","R","BOSS","M","M","$","M","M","E","R","E","T","$","M","R","M","E","R","BOSS","M","?","$","?","?","E","E","E","T","E","M","R","$","M","R","BOSS","R","$","E","BOSS"],"items_purchased_type":["Relic","Card","Relic","Relic","Card"],"build_version":"2020-12-22","purchased_purges":3,"victory":true,"max_hp_per_floor":[68,68,68,68,68,68,68,68,68,68,68,73,73,73,73,73,73,73,73,73,73,73,73,73,73,73,73,73,73,73,73,73,73,73,73,69,69,69,69,69,69,69,69,69,69,69,69,69,69,69,69,69,69,69,69],"card_choices":[{"not_picked":["Meditate","SashWhip"],"picked":"BowlingBash","floor":1.0},{"not_picked":["Fasting2","Conclude","Sanctity"],"picked":"SKIP","floor":5.0},{"not_picked":["ClearTheMind","EmptyBody"],"picked":"Crescendo","floor":7.0},{"not_picked":["CutThroughFate","Nirvana"],"picked":"Adaptation","floor":8.0},{"not_picked":["EmptyMind","PathToVictory","Consecrate"],"picked":"FollowUp","floor":13.0},{"not_picked":["Crescendo","AT_MachinaRedman","CrushJoints","Alpha"],"picked":"SKIP","floor":14.0},{"not_picked":["Vault","Judgement","Scrawl"],"picked":"LessonLearned","floor":16.0},{"not_picked":["Crescendo","AT_OneInchPunch","AT_RealFormLess","AT_DivineConfetti"],"picked":"SKIP","floor":18.0},{"not_picked":["FollowUp","SashWhip","AT_RealFormLess","Nirvana"],"picked":"SKIP","floor":19.0},{"not_picked":["EmptyBody","Crescendo","Evaluate+1"],"picked":"TalkToTheHand","floor":21.0},{"not_picked":["Pray","Halt","FlurryOfBlows","JustLucky"],"picked":"SKIP","floor":22.0},{"not_picked":["CutThroughFate","Conclude+1","FlurryOfBlows"],"picked":"Indignation","floor":23.0},{"not_picked":["SignatureMove","Meditate","WindmillStrike","Evaluate"],"picked":"SKIP","floor":25.0},{"not_picked":["ForeignInfluence","Prostrate","SashWhip"],"picked":"WheelKick","floor":28.0},{"not_picked":["AT_OneInchPunch","EmptyFist","Evaluate"],"picked":"Adaptation","floor":30.0},{"not_picked":["AT_DivineConfetti","AT_RealFormLess","Consecrate"],"picked":"Scrawl","floor":31.0},{"not_picked":["Devotion+1","Establishment+1","AT_ChampionKick"],"picked":"Omniscience","floor":33.0},{"not_picked":["ReachHeaven","FollowUp","AT_DivineConfetti+1","FlurryOfBlows+1"],"picked":"SKIP","floor":35.0},{"not_picked":["FlyingSleeves","CarveReality","AT_OneInchPunch","Pray"],"picked":"SKIP","floor":40.0},{"not_picked":["Prostrate","Weave","DeceiveReality","AT_SoftenMuscles+1"],"picked":"SKIP","floor":41.0},{"not_picked":["FearNoEvil","AT_RealColorLess+1","BowlingBash+1","Prostrate+1"],"picked":"SKIP","floor":42.0},{"not_picked":["Pray+1","SandsOfTime","CarveReality","JustLucky"],"picked":"SKIP","floor":44.0},{"not_picked":["ClearTheMind+1","PathToVictory","SashWhip","Indignation"],"picked":"SKIP","floor":45.0},{"not_picked":["Evaluate+1","Prostrate","ClearTheMind","JustLucky"],"picked":"SKIP","floor":48.0},{"not_picked":["Consecrate+1","MasterReality+1","ThirdEye"],"picked":"DevaForm+1","floor":54.0}],"player_experience":287521,"relics_obtained":[{"floor":8.0,"key":"Question Card"},{"floor":9.0,"key":"Mercury Hourglass"},{"floor":14.0,"key":"PreservedInsect"},{"floor":23.0,"key":"AT_GuinsooRageblade"},{"floor":25.0,"key":"InkBottle"},{"floor":26.0,"key":"AT_TimeSand"},{"floor":31.0,"key":"Frozen Egg 2"},{"floor":38.0,"key":"FossilizedHelix"},{"floor":40.0,"key":"WingedGreaves"},{"floor":41.0,"key":"Peace Pipe"},{"floor":42.0,"key":"Blood Vial"},{"floor":44.0,"key":"TungstenRod"},{"floor":54.0,"key":"AT_SunfireAegis"}],"event_choices":[{"damage_healed":0.0,"max_hp_gain":0.0,"max_hp_loss":0.0,"gold_gain":0.0,"event_name":"Living Wall","player_choice":"Grow","floor":2.0,"gold_loss":0.0,"damage_taken":0.0,"cards_upgraded":["Eruption"]},{"damage_healed":0.0,"max_hp_gain":0.0,"max_hp_loss":0.0,"gold_gain":0.0,"event_name":"Match and Keep!","player_choice":"0 cards matched","floor":3.0,"gold_loss":0.0,"damage_taken":0.0,"cards_obtained":[]},{"damage_healed":0.0,"max_hp_gain":0.0,"max_hp_loss":0.0,"gold_gain":0.0,"event_name":"Dead Adventurer","player_choice":"Searched \u00273\u0027 times","floor":11.0,"gold_loss":0.0,"damage_taken":0.0,"relics_obtained":["Potion Belt"]},{"damage_healed":0.0,"max_hp_gain":5.0,"max_hp_loss":0.0,"gold_gain":0.0,"event_name":"Big Fish","player_choice":"Donut","floor":12.0,"gold_loss":0.0,"damage_taken":0.0},{"damage_healed":0.0,"max_hp_gain":0.0,"max_hp_loss":4.0,"gold_gain":0.0,"event_name":"Winding Halls","player_choice":"Max HP","floor":36.0,"gold_loss":0.0,"damage_taken":0.0},{"damage_healed":0.0,"max_hp_gain":0.0,"max_hp_loss":0.0,"gold_gain":0.0,"event_name":"Mysterious Sphere","player_choice":"Fight","floor":38.0,"gold_loss":0.0,"damage_taken":0.0},{"damage_healed":0.0,"max_hp_gain":0.0,"max_hp_loss":0.0,"gold_gain":50.0,"event_name":"Golden Shrine","player_choice":"Pray","floor":39.0,"gold_loss":0.0,"damage_taken":0.0}],"is_beta":false,"boss_relics":[{"not_picked":["HolyWater","SlaversCollar"],"picked":"Fusion Hammer"},{"not_picked":["SacredBark","Cursed Key"],"picked":"AT_MortalBlade"}],"items_purged_floors":[20,27,37],"is_endless":false,"potions_floor_spawned":[1,14,16,18,22,23,25,31,35,42,45],"ascension_level":18}}