{"host":"ywbsnexmk111etbw","time":1608864064,"event":{"mods":["Act Like it!","BaseMod","Beaked The Cultist","Colored Powertips","Curses Come First","Downfall","Hubris","Infinite Spire","Marisa????????","Minty Spire (QoL Compilation)","Pale of the Ancients","Permanent Neow","Replay The Spire","StSLib","The Cursed","The Dragon Tamer","The Mystic","The Necromancer","Wandering Minibosses"],"gold_per_floor":[12,22,22,22,22,22,49,49,99,130,157,157,157,181,181,276,276,291,291,309,399,428,179,203,237,283,283,283,283,283,321,321,426,426,447,466,197,199,199],"floor_reached":38,"playtime":1815,"items_purged":[],"score":420,"play_id":"eb505409-b86a-44d5-b75d-91187d4681a3","local_time":"20201224214104","is_ascension_mode":false,"campfire_choices":[{"data":"beaked:MaddeningMurmurs","floor":6,"key":"SMITH"},{"floor":15,"key":"REST"},{"data":"beaked:BloodRitual","floor":30,"key":"SMITH"},{"data":"beaked:MachineEssence","floor":32,"key":"SMITH"}],"circlet_count":0,"master_deck":["beaked:Strike_Y","beaked:Strike_Y","beaked:Strike_Y","beaked:Strike_Y","beaked:Strike_Y","beaked:Strike_Y","beaked:Defend_Y","beaked:Defend_Y","beaked:Defend_Y","beaked:Defend_Y","beaked:Ceremony","beaked:Ceremony","beaked:Ceremony","beaked:MaddeningMurmurs+1","Scorching Beam","Self Repair","beaked:Tweet","beaked:DigDeep","beaked:BloodForTheGods","ReplayTheSpireMod:Owlgaze+1","beaked:Flinch","beaked:BraceForImpact","beaked:MachineEssence+1","beaked:CrazyRituals","beaked:CrazyRituals","beaked:MimicHuntress","beaked:BloodRitual+1","beaked:Caw","beaked:BraceForImpact","beaked:FeelMyPain","beaked:Molting+1","beaked:Insight"],"relics":["beaked:MendingPlumage","infinitespire:Joker Card","Replay:Bandana","infinitespire:Beetle Shell","Dream Catcher","Bag of Marbles","hubris:ToyBattleship","beaked:SacrificeDoll","Membership Card","Oddly Smooth Stone","War Paint","hubris:SlimyHat","Busted Crown","Simple Rune","hubris:HollowSoul","beaked:ThroatLozenge","Lee\u0027s Waffle","ReplayTheSpireMod:Lightbulb"],"acts_visited":["Exordium","TheCity","TheBeyond"],"potions_floor_usage":[16,20,25,33,38,38],"damage_taken":[{"damage":16,"enemies":"Jaw Worm","floor":1,"turns":5},{"damage":5,"enemies":"Cultist","floor":2,"turns":4},{"damage":43,"enemies":"3 Sentries","floor":7,"turns":8},{"damage":31,"enemies":"Gremlin Nob","floor":10,"turns":5},{"damage":7,"enemies":"2 Louse","floor":11,"turns":3},{"damage":27,"enemies":"Exordium Wildlife","floor":14,"turns":6},{"damage":126,"enemies":"The Guardian","floor":16,"turns":13},{"damage":79,"enemies":"3 Byrds","floor":18,"turns":9},{"damage":17,"enemies":"Chosen","floor":20,"turns":7},{"damage":63,"enemies":"Shelled Parasite and Fungi","floor":22,"turns":9},{"damage":85,"enemies":"Snake Plant","floor":24,"turns":9},{"damage":87,"enemies":"Gremlin Leader","floor":25,"turns":8},{"damage":23,"enemies":"Book of Stabbing","floor":31,"turns":4},{"damage":119,"enemies":"Champ","floor":33,"turns":8},{"damage":49,"enemies":"3 Darklings","floor":35,"turns":5},{"damage":32,"enemies":"Orb Walker","floor":36,"turns":4},{"damage":19,"enemies":"2 Orb Walkers","floor":38,"turns":1}],"seed_played":"4711203601276530909","potions_obtained":[{"floor":7,"key":"Flashbang"},{"floor":10,"key":"Reflective Coating"},{"floor":16,"key":"Swift Potion"},{"floor":18,"key":"CultistPotion"},{"floor":35,"key":"SpeedPotion"},{"floor":36,"key":"Slimebound:ThreeZeroPotion"}],"is_trial":false,"path_per_floor":["M","M","?","$","T","R","E","?","T","E","M","?","?","M","R","B",null,"M","?","M","?","M","$","M","E","T","AVR","R","?","R","E","R","B",null,"M","M","$","?"],"character_chosen":"BEAKED_THE_CULTIST","items_purchased":["Membership Card","Oddly Smooth Stone","beaked:CrazyRituals","beaked:ThroatLozenge","Lee\u0027s Waffle","ReplayTheSpireMod:Lightbulb","beaked:Insight"],"campfire_rested":1,"item_purchase_floors":[23,23,23,37,37,37,37],"current_hp_per_floor":[44,48,50,50,50,50,26,26,26,14,22,22,22,19,34,44,50,17,17,50,32,33,33,50,50,50,50,50,50,50,39,39,42,50,30,27,57,0,0],"gold":199,"neow_bonus":"ONE_RARE_RELIC","is_daily":false,"chose_seed":false,"campfire_upgraded":3,"win_rate":0.0,"timestamp":1608864064,"path_taken":["M","M","?","?","?","R","E","?","T","E","M","?","?","M","R","BOSS","M","?","M","?","M","$","?","E","T","AVR","R","?","R","E","R","BOSS","M","M","$","?"],"items_purchased_type":["Relic","Relic","Card","Relic","Relic","Relic","Card"],"build_version":"2020-12-22","purchased_purges":0,"victory":false,"max_hp_per_floor":[50,50,50,50,50,50,50,50,50,50,50,50,50,50,50,50,50,50,50,50,50,50,50,50,50,50,50,50,50,50,50,50,50,50,50,50,57,57,57],"card_choices":[{"not_picked":["ReplayTheSpireMod:Prepare the Ceremony","beaked:Pecker"],"picked":"beaked:Windmill","floor":1},{"not_picked":["beaked:SurvivalInstinct","beaked:WarriorSpirit"],"picked":"beaked:MaddeningMurmurs","floor":2},{"not_picked":["beaked:Insight","beaked:Molting"],"picked":"beaked:CrazyRituals","floor":7},{"not_picked":["beaked:SurvivalInstinct","beaked:FeelMyPain","beaked:WarriorEssence"],"picked":"SKIP","floor":10},{"not_picked":["beaked:Insight","beaked:WarriorEssence"],"picked":"beaked:Tweet","floor":11},{"not_picked":["beaked:Resilience","beaked:Poke"],"picked":"beaked:DigDeep","floor":14},{"not_picked":["beaked:MimicWarrior","beaked:CursingBlood"],"picked":"beaked:BloodForTheGods","floor":15},{"not_picked":["beaked:WildInstinct","beaked:SacrificialScars"],"picked":"ReplayTheSpireMod:Owlgaze","floor":16},{"not_picked":["beaked:Foresight","beaked:Tweet"],"picked":"beaked:Flinch","floor":18},{"not_picked":["beaked:Hexing","beaked:SacrificialDive+1"],"picked":"beaked:BraceForImpact","floor":20},{"not_picked":["beaked:SurvivalInstinct","beaked:CursingBlood"],"picked":"beaked:MachineEssence","floor":22},{"not_picked":["beaked:Tradeoff","beaked:Replenish+1"],"picked":"beaked:MimicHuntress","floor":24},{"not_picked":["beaked:Negation","beaked:BraceForImpact+1"],"picked":"beaked:BloodRitual","floor":25},{"not_picked":[],"picked":"beaked:BraceForImpact","floor":31},{"not_picked":[],"picked":"beaked:FeelMyPain","floor":35},{"not_picked":[],"picked":"beaked:Molting+1","floor":36}],"player_experience":137964,"relics_obtained":[{"floor":5,"key":"Replay:Bandana"},{"floor":7,"key":"infinitespire:Beetle Shell"},{"floor":9,"key":"Dream Catcher"},{"floor":10,"key":"Bag of Marbles"},{"floor":25,"key":"War Paint"},{"floor":26,"key":"hubris:SlimyHat"},{"floor":31,"key":"Simple Rune"}],"event_choices":[{"cards_removed":["beaked:Windmill"],"damage_healed":5,"gold_gain":0,"player_choice":"Offered Common","damage_taken":0,"max_hp_gain":0,"max_hp_loss":0,"event_name":"Bonfire Elementals","floor":3,"gold_loss":0},{"cards_removed":["beaked:Windmill"],"damage_healed":5,"gold_gain":0,"player_choice":"Offered Special","damage_taken":0,"max_hp_gain":0,"max_hp_loss":0,"event_name":"Bonfire Elementals","floor":3,"gold_loss":0},{"damage_healed":0,"gold_gain":0,"player_choice":"Searched \u00272\u0027 times","damage_taken":0,"relics_obtained":["hubris:ToyBattleship"],"max_hp_gain":0,"max_hp_loss":0,"event_name":"Dead Adventurer","floor":13,"gold_loss":0},{"damage_healed":0,"gold_gain":0,"player_choice":"Ignored","damage_taken":0,"max_hp_gain":0,"max_hp_loss":0,"event_name":"Beggar","floor":19,"gold_loss":0},{"damage_healed":0,"gold_gain":90,"player_choice":"POTION GOLD ","damage_taken":18,"max_hp_gain":0,"max_hp_loss":0,"event_name":"Knowing Skull","floor":21,"potions_obtained":["Fire Potion"],"gold_loss":0,"cards_obtained":[]},{"damage_healed":0,"gold_gain":0,"player_choice":"Fight","damage_taken":0,"max_hp_gain":0,"max_hp_loss":0,"event_name":"Mysterious Sphere","floor":38,"gold_loss":0}],"is_beta":false,"boss_relics":[{"not_picked":["Painkiller Herb","Ectoplasm"],"picked":"beaked:SacrificeDoll"},{"not_picked":["beaked:MawFillet","hubris:CrackedHourglass"],"picked":"hubris:HollowSoul"}],"items_purged_floors":[],"is_endless":false,"potions_floor_spawned":[7,10,16,18,24,35,36],"killed_by":"2 Orb Walkers","ascension_level":0}}