{"host":"ba8fi0vd2808q8ml","time":1608923938,"event":{"mods":["2.2 Compatiblity","AchievementEnabler","BaseMod","Hermit","Lobotomy","LobotomyExtend","Marisa£¨Ùöéë¡¡Øª×âÞÞ£©","Minty Spire (QoL Compilation)","StSLib","SuperFastMode","Td1madao Mod","The Bug Knight","The Cursed","The Servant 0.9.4"],"gold_per_floor":[119,137,137,137,155,155,188,199,223,250,260,260,275,350,350,448,448,466,486,30,30,53,78,89,89,139,151,163,192,58,58,58,153,153,168,187,237,237,87,113,141,169,249,280,294,99,99,119,119,119,119],"floor_reached":50,"playtime":1479,"items_purged":[],"score":771,"play_id":"90a013db-6fb4-406e-b93a-83c26cd70931","local_time":"20201226041858","is_ascension_mode":true,"campfire_choices":[{"floor":6,"key":"REST"},{"floor":25,"key":"REST"},{"floor":27,"key":"REST"},{"floor":32,"key":"REST"}],"circlet_count":0,"master_deck":["SpecialBullet","SpecialBullet","SpecialBullet","SpecialBullet","SpecialBullet","SpecialBullet","SpecialBullet","ExtractionCode","DisciplinaryCode","TrainingCode","MeatLantern","TheSmile+1","LifeForTheDareDevil","ParadiseLost","Logging+1","Mimicry+1","WristCuter+1","Justitia+1","GoldRush+1","BloodyDesire+1","ParadiseLost+1","CENSORED","GoldRush+1","NothingThere","GrinderMk4+1","GoldRush+1","InformationCode","WristCuter+1","Hornet+1"],"relics":["CogitoBucket","Blood Vial","Juzu Bracelet","Dream Catcher","HellTrain","SacredBark","Ancient Tea Set","Pen Nib","Nunchaku","MawBank","Kunai","MealTicket","MutagenicStrength","Sozu","WingedGreaves","Lee\u0027s Waffle","HollowMod:PaleOreRelic","War Paint","White Beast Statue","Eternal Feather","Sundial","AtMidnight","BackwardClock","Orichalcum","Spirit Poop"],"acts_visited":["Exordium","TheCity","TheBeyond"],"potions_floor_usage":[7,24,33],"damage_taken":[{"damage":11,"enemies":"Jaw Worm","floor":1,"turns":2},{"damage":2,"enemies":"2 Louse","floor":2,"turns":2},{"damage":6,"enemies":"Small Slimes","floor":5,"turns":3},{"damage":0,"enemies":"Gremlin Nob","floor":7,"turns":2},{"damage":1,"enemies":"Blue Slaver","floor":8,"turns":2},{"damage":0,"enemies":"3 Sentries","floor":10,"turns":4},{"damage":4,"enemies":"Exordium Wildlife","floor":11,"turns":4},{"damage":6,"enemies":"2 Fungi Beasts","floor":13,"turns":3},{"damage":39,"enemies":"Slime Boss","floor":16,"turns":5},{"damage":4,"enemies":"Chosen","floor":18,"turns":3},{"damage":50,"enemies":"Spheric Guardian","floor":19,"turns":2},{"damage":25,"enemies":"Slavers","floor":23,"turns":5},{"damage":26,"enemies":"Snake Plant","floor":24,"turns":4},{"damage":12,"enemies":"Centurion and Healer","floor":29,"turns":3},{"damage":40,"enemies":"Automaton","floor":33,"turns":5},{"damage":9,"enemies":"3 Darklings","floor":35,"turns":2},{"damage":0,"enemies":"Orb Walker","floor":36,"turns":1},{"damage":31,"enemies":"Mind Bloom Boss Battle","floor":37,"turns":3},{"damage":21,"enemies":"Giant Head","floor":40,"turns":5},{"damage":19,"enemies":"Reptomancer","floor":41,"turns":4},{"damage":24,"enemies":"Nemesis","floor":42,"turns":3},{"damage":114,"enemies":"Reptomancer","floor":44,"turns":3},{"damage":37,"enemies":"Writhing Mass","floor":45,"turns":7},{"damage":0,"enemies":"Sphere and 2 Shapes","floor":48,"turns":3},{"damage":156,"enemies":"Time Eater","floor":50,"turns":3}],"seed_played":"-1636928440707713411","potions_obtained":[{"floor":1,"key":"FearPotion"},{"floor":5,"key":"Fire Potion"},{"floor":16,"key":"Weak Potion"},{"floor":29,"key":"LiquidBronze"}],"is_trial":false,"path_per_floor":["M","M","?","?","M","R","E","M","T","E","M","?","M","?","R","B",null,"M","M","$","?","T","E","M","R","T","R","?","M","$","?","R","B",null,"M","M","?","?","$","E","E","E","T","E","M","$","?","M","R","B"],"character_chosen":"Angela","items_purchased":["Justitia+1","GoldRush+1","Ancient Tea Set","MealTicket","Lee\u0027s Waffle","WristCuter+1","Orichalcum"],"campfire_rested":4,"item_purchase_floors":[20,20,20,30,39,46,46],"current_hp_per_floor":[66,64,64,64,58,77,77,76,76,77,73,73,69,69,69,32,77,73,25,25,50,50,27,5,28,28,51,51,41,41,41,64,30,77,77,77,61,61,84,83,84,84,84,56,81,84,84,84,84,0,0],"gold":119,"neow_bonus":"TEN_PERCENT_HP_BONUS","is_daily":false,"chose_seed":false,"campfire_upgraded":0,"win_rate":0.0,"timestamp":1608923938,"path_taken":["M","M","?","?","M","R","E","M","T","E","M","?","M","?","R","BOSS","M","M","$","?","?","E","M","R","T","R","?","M","$","?","R","BOSS","M","M","?","?","?","E","E","E","T","E","M","$","?","M","R","BOSS"],"items_purchased_type":["Card","Card","Relic","Relic","Relic","Card","Relic"],"build_version":"2020-12-22","purchased_purges":0,"victory":false,"max_hp_per_floor":[77,77,77,77,77,77,77,77,77,77,77,77,77,77,77,77,77,77,77,77,77,77,77,77,77,77,77,77,77,77,77,77,77,77,77,77,77,77,84,84,84,84,84,84,84,84,84,84,84,84,84],"card_choices":[{"not_picked":["PunishingBird","Freischutz"],"picked":"MeatLantern","floor":1},{"not_picked":["Noise","Christmas"],"picked":"SKIP","floor":1},{"not_picked":["Spore","Amita"],"picked":"SKIP","floor":2},{"not_picked":["Loneliness"],"picked":"LifeForTheDareDevil","floor":5},{"not_picked":["Loneliness","CrimsonScar","Pleasure"],"picked":"SKIP","floor":7},{"not_picked":["Soda","Christmas","Regret_ego"],"picked":"SKIP","floor":8},{"not_picked":["FeatherOfHonor","RedEyes"],"picked":"ParadiseLost","floor":10},{"not_picked":["SwordSharpenedByTears","TodaysExpression","FourthMatchFlame"],"picked":"SKIP","floor":11},{"not_picked":["InTheNameOfLoveAndHate","CUTE"],"picked":"Logging","floor":13},{"not_picked":["CENSORED_ego+1","ParadiseLost+1"],"picked":"Mimicry+1","floor":16},{"not_picked":["Loneliness+1","Christmas+1"],"picked":"WristCuter+1","floor":18},{"not_picked":["Wingbeat+1","Soda+1","FourthMatchFlame+1"],"picked":"SKIP","floor":19},{"not_picked":["Wingbeat+1","Soda+1","FourthMatchFlame+1"],"picked":"SKIP","floor":19},{"not_picked":["FourthMatchFlame+1","Laetitia_ego+1"],"picked":"BloodyDesire+1","floor":23},{"not_picked":["Reverberation+1","RapturousDream+1","MagicBullet+1"],"picked":"SKIP","floor":24},{"not_picked":["FourthMatchFlame+1","Beak+1"],"picked":"ParadiseLost+1","floor":29},{"not_picked":["HappyTeddy","Alriune"],"picked":"CENSORED","floor":29},{"not_picked":["CENSORED_ego+1","Adoration+1"],"picked":"GoldRush+1","floor":33},{"not_picked":["Rudolta","SingingMachine"],"picked":"NothingThere","floor":33},{"not_picked":["TodaysExpression+1","CherryBlossom+1","Lantern+1"],"picked":"SKIP","floor":35},{"not_picked":["Harvest+1","FeatherOfHonor+1"],"picked":"GrinderMk4+1","floor":36},{"not_picked":["Penitence+1","Wingbeat+1"],"picked":"GoldRush+1","floor":40},{"not_picked":["CENSORED_ego+1","Heaven+1","Regret_ego+1"],"picked":"SKIP","floor":41},{"not_picked":["Harmony+1","Regret_ego+1","TodaysExpression+1"],"picked":"SKIP","floor":42},{"not_picked":["Tough+1","Diffraction+1","Wingbeat+1"],"picked":"SKIP","floor":44},{"not_picked":["SomewhereSpear+1","Wingbeat+1","Beak+1"],"picked":"SKIP","floor":45},{"not_picked":["CUTE+1","FourthMatchFlame+1"],"picked":"Hornet+1","floor":48}],"player_experience":49765,"relics_obtained":[{"floor":7,"key":"Blood Vial"},{"floor":9,"key":"Juzu Bracelet"},{"floor":10,"key":"Dream Catcher"},{"floor":22,"key":"Pen Nib"},{"floor":23,"key":"Nunchaku"},{"floor":26,"key":"MawBank"},{"floor":37,"key":"WingedGreaves"},{"floor":40,"key":"HollowMod:PaleOreRelic"},{"floor":41,"key":"War Paint"},{"floor":42,"key":"White Beast Statue"},{"floor":43,"key":"Eternal Feather"},{"floor":44,"key":"Sundial"},{"floor":45,"key":"AtMidnight"}],"event_choices":[{"damage_healed":0,"gold_gain":0,"player_choice":"Ignored","damage_taken":0,"max_hp_gain":0,"max_hp_loss":0,"event_name":"Shining Light","floor":3,"gold_loss":0},{"damage_healed":0,"gold_gain":0,"cards_transformed":["SpecialBullet"],"player_choice":"Change","damage_taken":0,"max_hp_gain":0,"max_hp_loss":0,"event_name":"Living Wall","floor":4,"gold_loss":0,"cards_obtained":["TheSmile"]},{"damage_healed":0,"gold_gain":0,"player_choice":"Ignored","damage_taken":0,"max_hp_gain":0,"max_hp_loss":0,"event_name":"Liars Game","floor":12,"gold_loss":0},{"damage_healed":0,"gold_gain":75,"player_choice":"Gained Gold","damage_taken":0,"max_hp_gain":0,"max_hp_loss":0,"event_name":"Golden Wing","floor":14,"gold_loss":0},{"damage_healed":25,"gold_gain":0,"player_choice":"Heal","damage_taken":0,"max_hp_gain":0,"max_hp_loss":0,"event_name":"The Library","floor":21,"gold_loss":0},{"damage_healed":0,"gold_gain":0,"player_choice":"Opened","damage_taken":0,"relics_obtained":["Kunai"],"max_hp_gain":0,"max_hp_loss":0,"event_name":"The Mausoleum","floor":28,"gold_loss":0,"cards_obtained":["Writhe"]},{"damage_healed":0,"gold_gain":0,"player_choice":"Inject Mutagens","damage_taken":0,"relics_obtained":["MutagenicStrength"],"max_hp_gain":0,"max_hp_loss":0,"event_name":"Drug Dealer","floor":31,"gold_loss":0},{"damage_healed":0,"gold_gain":0,"player_choice":"Fight","damage_taken":0,"max_hp_gain":0,"max_hp_loss":0,"event_name":"MindBloom","floor":37,"gold_loss":0},{"cards_removed":["Writhe"],"damage_healed":0,"gold_gain":0,"player_choice":"Offered Curse","damage_taken":0,"relics_obtained":["Spirit Poop"],"max_hp_gain":0,"max_hp_loss":0,"event_name":"Bonfire Elementals","floor":47,"gold_loss":0}],"is_beta":false,"boss_relics":[{"not_picked":["Runic Dome","Cursed Key"],"picked":"SacredBark"},{"not_picked":["Velvet Choker","Snecko Eye"],"picked":"Sozu"}],"items_purged_floors":[],"is_endless":false,"potions_floor_spawned":[1,5,16,29,48],"killed_by":"Time Eater","ascension_level":1}}