{"host":"wna8kqr6yweggo4i","time":1608935296,"event":{"mods":["BaseMod","Colored Powertips","Hubris","Marisa????????","Minty Spire (QoL Compilation)","StSLib"],"gold_per_floor":[109,121,121,139,139,174,174,207,207,225,190,190,223,237,237,360,360,379,121,101,126,202,243,243,266,266,290,314,337,337,142,142,142,142],"floor_reached":33,"playtime":1548,"items_purged":[],"score":287,"play_id":"73c59580-87f7-4267-ac23-ea10bc4f8694","local_time":"20201225162816","is_ascension_mode":false,"campfire_choices":[{"floor":7,"key":"REST"},{"floor":15,"key":"REST"},{"floor":24,"key":"REST"},{"floor":30,"key":"REST"},{"floor":32,"key":"RECALL"}],"circlet_count":0,"master_deck":["Strike_MRS","Strike_MRS","Strike_MRS","Strike_MRS","Defend_MRS","Defend_MRS+1","Defend_MRS","Defend_MRS+1","MasterSpark","UpSweep","OortCloud","MysteriousBeam","MysteriousBeam","MilkyWay+1","Dark Shackles+1","EnergyFlow","MilkyWay+1","JA","AsteroidBelt+1","BlazeAway+1","SporeBomb+1","PowerUp+1","GalacticHalo+1"],"relics":["MiniHakkero","Centennial Puzzle","Golden Idol","Question Card","Toxic Egg 2","War Paint","MealTicket","hubris:HollowSoul","Mummified Hand","PreservedInsect","MagicBroom","Blood Vial"],"acts_visited":["Exordium","TheCity"],"potions_floor_usage":[6,16,33],"damage_taken":[{"damage":1,"enemies":"Jaw Worm","floor":1,"turns":3},{"damage":0,"enemies":"Cultist","floor":2,"turns":4},{"damage":0,"enemies":"Small Slimes","floor":4,"turns":3},{"damage":16,"enemies":"3 Sentries","floor":6,"turns":6},{"damage":15,"enemies":"Lagavulin","floor":8,"turns":5},{"damage":1,"enemies":"Blue Slaver","floor":10,"turns":3},{"damage":21,"enemies":"Gremlin Nob","floor":13,"turns":5},{"damage":0,"enemies":"2 Fungi Beasts","floor":14,"turns":3},{"damage":29,"enemies":"Slime Boss","floor":16,"turns":6},{"damage":17,"enemies":"Shell Parasite","floor":18,"turns":5},{"damage":10,"enemies":"2 Thieves","floor":21,"turns":5},{"damage":44,"enemies":"Gremlin Leader","floor":23,"turns":6},{"damage":11,"enemies":"Snecko","floor":25,"turns":6},{"damage":18,"enemies":"Centurion and Healer","floor":27,"turns":4},{"damage":25,"enemies":"3 Cultists","floor":28,"turns":4},{"damage":1,"enemies":"Shelled Parasite and Fungi","floor":29,"turns":4},{"damage":15,"enemies":"hubris:MusketHawk","floor":33,"turns":2}],"seed_played":"8164834650211033950","potions_obtained":[{"floor":4,"key":"ColorlessPotion"},{"floor":6,"key":"DistilledChaos"},{"floor":10,"key":"EssenceOfSteel"},{"floor":13,"key":"Strength Potion"},{"floor":16,"key":"LiquidMemories"},{"floor":18,"key":"StarNLove"},{"floor":23,"key":"FairyPotion"},{"floor":27,"key":"FairyPotion"}],"is_trial":false,"path_per_floor":["M","M","?","M","?","E","R","E","T","M","?","?","E","M","R","B",null,"M","$","?","M","T","E","R","M","T","M","M","M","R","$","R","B"],"character_chosen":"MARISA","items_purchased":["Mummified Hand","Blood Vial","GalacticHalo+1"],"campfire_rested":4,"item_purchase_floors":[19,31,31],"current_hp_per_floor":[74,74,74,74,56,40,62,47,47,46,64,64,43,43,65,36,75,58,73,73,63,63,19,41,30,30,12,9,37,59,74,74,0,0],"gold":142,"neow_bonus":"RANDOM_COMMON_RELIC","is_daily":false,"chose_seed":false,"campfire_upgraded":0,"win_rate":0.0,"timestamp":1608935296,"path_taken":["M","M","?","?","?","E","R","E","T","M","?","?","E","M","R","BOSS","M","$","?","?","?","E","R","M","T","M","M","?","R","$","R","BOSS"],"items_purchased_type":["Relic","Relic","Card"],"build_version":"2020-12-22","purchased_purges":0,"victory":false,"max_hp_per_floor":[75,75,75,75,75,75,75,75,75,75,75,75,75,75,75,75,75,75,75,75,75,75,75,75,75,75,75,75,75,75,75,75,75,75],"card_choices":[{"not_picked":["AsteroidBelt","GravityBeat"],"picked":"OortCloud","floor":1},{"not_picked":["OneTimeOff","ManaConvection","OpenUniverse"],"picked":"SKIP","floor":2},{"not_picked":["AsteroidBelt","OpenUniverse"],"picked":"MysteriousBeam","floor":4},{"not_picked":["CollectingQuirk","EarthLightRay"],"picked":"MysteriousBeam","floor":6},{"not_picked":["Robbery","WitchOfGreed","LuminesStrike","Acceleration+1"],"picked":"SKIP","floor":8},{"not_picked":["OneTimeOff+1","LuminesStrike","Acceleration+1"],"picked":"MilkyWay+1","floor":10},{"not_picked":["DeepEcoloBomb","AlicesGift","OneTimeOff+1"],"picked":"EnergyFlow","floor":13},{"not_picked":["UnstableBomb","AsteroidBelt+1","NonDirectionalLaser"],"picked":"MilkyWay+1","floor":14},{"not_picked":["MillisecondPulsars","BlazingStar","BigCrunch+1"],"picked":"JA","floor":16},{"not_picked":["DarkMatter+1","MilkyWay+1","DoubleSpark"],"picked":"AsteroidBelt+1","floor":18},{"not_picked":["GasGiant+1","EventHorizon","Robbery+1","AsteroidBelt+1"],"picked":"SKIP","floor":21},{"not_picked":["UnstableBomb","Robbery","StarlightTyphoon+1","BlazingStar"],"picked":"SKIP","floor":23},{"not_picked":["DoubleSpark","MysteriousBeam","FairyDestructionRay"],"picked":"BlazeAway+1","floor":25},{"not_picked":["6A","IllusionStar+1","EventHorizon"],"picked":"SporeBomb+1","floor":27},{"not_picked":["ChargeUpSpray","PropBag+1","StarlightTyphoon+1"],"picked":"PowerUp+1","floor":28},{"not_picked":["DC","IllusionStar+1","DarkSpark","WitchLeyline"],"picked":"SKIP","floor":29}],"player_experience":381962,"relics_obtained":[{"floor":6,"key":"Question Card"},{"floor":8,"key":"Toxic Egg 2"},{"floor":9,"key":"War Paint"},{"floor":13,"key":"MealTicket"},{"floor":23,"key":"PreservedInsect"},{"floor":26,"key":"MagicBroom"}],"event_choices":[{"damage_healed":0,"gold_gain":0,"player_choice":"Ignored","damage_taken":0,"max_hp_gain":0,"max_hp_loss":0,"event_name":"Purifier","floor":3,"gold_loss":0},{"damage_healed":0,"gold_gain":0,"player_choice":"Take Damage","damage_taken":18,"relics_obtained":["Golden Idol"],"max_hp_gain":0,"max_hp_loss":0,"event_name":"Golden Idol","floor":5,"gold_loss":0},{"damage_healed":18,"gold_gain":0,"player_choice":"Healed","damage_taken":0,"max_hp_gain":0,"max_hp_loss":0,"event_name":"The Cleric","floor":11,"gold_loss":35},{"damage_healed":0,"gold_gain":0,"player_choice":"1 cards matched","damage_taken":0,"max_hp_gain":0,"max_hp_loss":0,"event_name":"Match and Keep!","floor":12,"gold_loss":0,"cards_obtained":["Dark Shackles"]},{"damage_healed":0,"gold_gain":0,"player_choice":"Bought 1 Potion","damage_taken":0,"max_hp_gain":0,"max_hp_loss":0,"event_name":"The Woman in Blue","floor":20,"gold_loss":0}],"is_beta":false,"boss_relics":[{"not_picked":["Ectoplasm","hubris:Stopwatch"],"picked":"hubris:HollowSoul"}],"items_purged_floors":[],"is_endless":false,"potions_floor_spawned":[4,6,10,13,16,18,23,25,27],"killed_by":"hubris:MusketHawk","ascension_level":0}}