{"host":"1tmagqyeywr2w44t","time":1608860299,"event":{"mods":["2.2 Compatiblity","BaseMod","Colored Powertips","Downfall","Minty Spire (QoL Compilation)","Rare Cards Sparkle","Replay The Spire","StSLib","SuperFastMode","The Marked"],"gold_per_floor":[99,112,128,44,56,82,133,58,58,158,83,153,153,168,184,284,284,284,303,1,1,51,113,188,188,206,206,236,286,286,300,313,313,313,313],"floor_reached":33,"playtime":1588,"items_purged":[],"score":305,"play_id":"ba3f06de-974c-4141-9646-ccb7688b97f8","local_time":"20201225103819","is_ascension_mode":true,"campfire_choices":[{"floor":1,"key":"RECALL"},{"data":"hexamod:NecessarySacrifice","floor":8,"key":"SMITH"},{"data":"hexamod:Again","floor":11,"key":"SMITH"},{"data":"hexamod:Float","floor":13,"key":"SMITH"},{"data":"hexamod:GhostOfSpirePresent","floor":18,"key":"SMITH"},{"floor":25,"key":"REST"},{"floor":27,"key":"REST"},{"data":"hexamod:ThermalTransfer","floor":30,"key":"SMITH"}],"circlet_count":0,"master_deck":["hexamod:Strike+1","hexamod:Strike+1","hexamod:Strike+1","hexamod:Strike+1","hexamod:Defend+1","hexamod:Defend+1","hexamod:Defend+1","hexamod:Defend+1","hexamod:Sear","hexamod:Float+1","hexamod:SpectralSpark","hexamod:NecessarySacrifice+1","hexamod:Firestarter","hexamod:GhostOfSpirePast","hexamod:EmpoweredFlame","hexamod:SuperheatedStrike+1","hexamod:Again+1","hexamod:GhostOfSpirePresent+1","hexamod:ThirdSeal","hexamod:VolcanoVisage","hexamod:FifthSeal","hexamod:SixthSeal","hexamod:GhostOfSpirePast+1","hexamod:FirstSeal","hexamod:EtherealExpedition+1","hexamod:TimeOfNeed","hexamod:TimeOfNeed","hexamod:Rewind+1","Good Instincts","hexamod:Float+1","hexamod:ThermalTransfer+1","hexamod:StepThrough","hexamod:FourthSeal","hexamod:UnleashSpirits","hexamod:CatchUp+1","hexamod:Haunt"],"relics":["hexamod:SpiritBrand","hexamod:SoulConsumer","Happy Flower","Nunchaku","downfall:HeartBlessingGreen","downfall:CloakOfManyFaces","CultistMask","FaceOfCleric","NlothsMask","GremlinMask","SsserpentHead","downfall:HeartBlessingRed","Busted Crown","Sundial"],"acts_visited":["Exordium","TheCity"],"potions_floor_usage":[10,16,16,19,26],"damage_taken":[{"damage":1,"enemies":"Small Slimes","floor":2,"turns":4},{"damage":1,"enemies":"Jaw Worm","floor":3,"turns":3},{"damage":0,"enemies":"downfall:FleeingMerchant","floor":4,"turns":4},{"damage":0,"enemies":"Cultist","floor":5,"turns":3},{"damage":7,"enemies":"Gremlin Nob","floor":6,"turns":3},{"damage":9,"enemies":"downfall:FaceTrader","floor":10,"turns":5},{"damage":4,"enemies":"Lots of Slimes","floor":12,"turns":3},{"damage":6,"enemies":"3 Louse","floor":14,"turns":4},{"damage":2,"enemies":"Blue Slaver","floor":15,"turns":3},{"damage":29,"enemies":"downfall:Ironclad","floor":16,"turns":7},{"damage":13,"enemies":"3 Byrds","floor":19,"turns":4},{"damage":15,"enemies":"downfall:FleeingMerchant","floor":20,"turns":4},{"damage":0,"enemies":"Chosen","floor":21,"turns":1},{"damage":23,"enemies":"Snake Plant","floor":23,"turns":4},{"damage":13,"enemies":"3 Cultists","floor":26,"turns":6},{"damage":22,"enemies":"Book of Stabbing","floor":28,"turns":7},{"damage":30,"enemies":"Centurion and Healer","floor":31,"turns":7},{"damage":0,"enemies":"Snake Plant","floor":32,"turns":4},{"damage":24,"enemies":"downfall:Watcher","floor":33,"turns":4}],"seed_played":"-8771171541606460273","potions_obtained":[{"floor":2,"key":"PowerPotion"},{"floor":3,"key":"LiquidBronze"},{"floor":6,"key":"PowerPotion"},{"floor":12,"key":"sneckomod:MuddlingPotion"},{"floor":14,"key":"LiquidBronze"},{"floor":23,"key":"Swift Potion"},{"floor":31,"key":"AttackPotion"},{"floor":32,"key":"Adrenaline Potion"}],"is_trial":false,"path_per_floor":["R","M","M","$","M","E","T","R","?","?","R","M","R","M","M","B",null,"R","M","$","M","?","M","T","R","M","R","E","?","R","M","M","B"],"character_chosen":"THE_SPIRIT","items_purchased":["hexamod:GhostOfSpirePast","hexamod:TimeOfNeed","hexamod:Rewind","Good Instincts"],"campfire_rested":2,"item_purchase_floors":[4,20,20,20],"current_hp_per_floor":[63,62,61,61,61,54,54,54,54,45,45,42,42,37,36,8,67,67,55,41,42,42,27,27,48,43,64,50,50,50,21,22,0,0,0],"gold":313,"neow_bonus":"ONE_RARE_RELIC","is_daily":false,"chose_seed":false,"campfire_upgraded":5,"win_rate":0.0,"timestamp":1608860299,"path_taken":["R","M","M","$","M","E","T","R","?","?","R","?","R","M","M","BOSS","R","M","$","M","?","?","T","R","M","R","E","?","R","M","M","BOSS"],"items_purchased_type":["Card","Card","Card","Card"],"build_version":"2020-12-22","purchased_purges":0,"victory":false,"max_hp_per_floor":[63,63,63,63,63,63,63,63,63,63,63,64,64,65,66,67,67,67,68,69,70,70,71,71,71,72,72,73,73,73,74,75,75,75,75],"card_choices":[{"not_picked":["hexamod:ShieldOfDarkness","hexamod:GhostShield"],"picked":"hexamod:SpectralSpark","floor":2},{"not_picked":["hexamod:ShieldOfDarkness","hexamod:GhostShield"],"picked":"hexamod:NecessarySacrifice","floor":3},{"not_picked":["hexamod:Toasty","hexamod:BurningTouch"],"picked":"hexamod:Firestarter","floor":4},{"not_picked":["hexamod:Incineration","hexamod:ShieldOfDarkness"],"picked":"hexamod:EmpoweredFlame","floor":5},{"not_picked":["hexamod:SwordOfDarkness","hexamod:SpectralSpark"],"picked":"hexamod:SuperheatedStrike","floor":6},{"not_picked":["hexamod:NightmareStrike","hexamod:GhostLash"],"picked":"hexamod:Again","floor":10},{"not_picked":["hexamod:GhostLash","hexamod:Firestarter","hexamod:Again"],"picked":"SKIP","floor":12},{"not_picked":["hexamod:SwordOfDarkness","hexamod:NightmareGuise"],"picked":"hexamod:GhostOfSpirePresent","floor":14},{"not_picked":["hexamod:NightmareStrike","hexamod:SwordOfDarkness"],"picked":"hexamod:ThirdSeal","floor":15},{"not_picked":["hexamod:EmpoweringStance","hexamod:TurnItUp"],"picked":"hexamod:VolcanoVisage","floor":16},{"not_picked":["hexamod:VolcanoVisage","hexamod:HexaLevel"],"picked":"hexamod:FifthSeal","floor":16},{"not_picked":[],"picked":"hexamod:SixthSeal","floor":19},{"not_picked":["hexamod:InspiringFlames"],"picked":"SKIP","floor":19},{"not_picked":["hexamod:GhostOfSpirePast"],"picked":"SKIP","floor":19},{"not_picked":[],"picked":"hexamod:GhostOfSpirePast","floor":19},{"not_picked":["hexamod:InspiringFlames"],"picked":"SKIP","floor":19},{"not_picked":[],"picked":"hexamod:FirstSeal","floor":20},{"not_picked":[],"picked":"hexamod:EtherealExpedition+1","floor":20},{"not_picked":["hexamod:SpectersWail"],"picked":"SKIP","floor":21},{"not_picked":[],"picked":"hexamod:ThermalTransfer","floor":23},{"not_picked":["hexamod:GhostLash+1"],"picked":"SKIP","floor":23},{"not_picked":[],"picked":"hexamod:StepThrough","floor":26},{"not_picked":["hexamod:ThirdSeal"],"picked":"SKIP","floor":26},{"not_picked":["hexamod:Firestarter"],"picked":"SKIP","floor":26},{"not_picked":[],"picked":"hexamod:FourthSeal","floor":28},{"not_picked":[],"picked":"hexamod:UnleashSpirits","floor":28},{"not_picked":["hexamod:NightmareStrike"],"picked":"SKIP","floor":28},{"not_picked":[],"picked":"hexamod:CatchUp","floor":31},{"not_picked":["hexamod:ThirdSeal"],"picked":"SKIP","floor":31},{"not_picked":["hexamod:GhostOfSpireFuture"],"picked":"SKIP","floor":31},{"not_picked":[],"picked":"hexamod:Haunt","floor":32},{"not_picked":["hexamod:FirstSeal"],"picked":"SKIP","floor":32},{"not_picked":["hexamod:EmpoweredFlame"],"picked":"SKIP","floor":32}],"player_experience":169282,"relics_obtained":[{"floor":6,"key":"Happy Flower"},{"floor":7,"key":"Nunchaku"},{"floor":10,"key":"downfall:CloakOfManyFaces"},{"floor":28,"key":"Sundial"}],"event_choices":[{"damage_healed":0,"gold_gain":0,"player_choice":"Copied","damage_taken":0,"max_hp_gain":0,"max_hp_loss":0,"event_name":"Duplicator","floor":22,"gold_loss":0,"cards_obtained":["hexamod:Float"]},{"damage_healed":0,"gold_gain":0,"player_choice":"Simplicity","damage_taken":0,"max_hp_gain":0,"max_hp_loss":0,"event_name":"Back to Basics","floor":29,"gold_loss":0,"cards_upgraded":["hexamod:Strike","hexamod:Strike","hexamod:Strike","hexamod:Strike","hexamod:Defend","hexamod:Defend","hexamod:Defend","hexamod:Defend"]}],"is_beta":false,"boss_relics":[{"not_picked":["Abe\u0027s Treasure","Cursed Key"],"picked":"Busted Crown"}],"items_purged_floors":[],"is_endless":false,"potions_floor_spawned":[2,3,6,12,14,23],"killed_by":"downfall:Watcher","ascension_level":1}}