{"host":"ji1fk25fd1ga4ji1","time":1608889536,"event":{"mods":["2.2 Compatiblity","BaseMod","Colored Map","DeckTracker","Minty Spire (QoL Compilation)","Permanent Neow","Quick Restart","StSLib","SuperFastMode"],"gold_per_floor":[12,28,48,60,60,60,76,102,154,154,172,172,172,186,186,186,186],"floor_reached":16,"playtime":455,"items_purged":[],"score":99,"play_id":"563135df-3a90-430c-8d4d-b256ca80748e","local_time":"20201225184536","is_ascension_mode":true,"campfire_choices":[{"data":"Expertise","floor":6.0,"key":"SMITH"},{"data":"Acrobatics","floor":10.0,"key":"SMITH"},{"data":"Footwork","floor":13.0,"key":"SMITH"},{"data":"Grand Finale","floor":15.0,"key":"SMITH"}],"circlet_count":0,"master_deck":["Strike_G","Strike_G","Strike_G","Strike_G+1","Defend_G","Defend_G","Defend_G","Defend_G","Defend_G","Survivor+1","Neutralize","Grand Finale+1","Deflect","Expertise+1","Flying Knee","Acrobatics+1","Footwork+1"],"relics":["Ring of the Snake","Orichalcum","Tiny Chest"],"acts_visited":["Exordium"],"potions_floor_usage":[16,16,16,16,16],"damage_taken":[{"damage":1.0,"enemies":"2 Louse","floor":1.0,"turns":3.0},{"damage":4.0,"enemies":"Jaw Worm","floor":2.0,"turns":7.0},{"damage":3.0,"enemies":"Small Slimes","floor":3.0,"turns":5.0},{"damage":0.0,"enemies":"Exordium Wildlife","floor":4.0,"turns":2.0},{"damage":18.0,"enemies":"Large Slime","floor":7.0,"turns":13.0},{"damage":0.0,"enemies":"Red Slaver","floor":11.0,"turns":2.0},{"damage":11.0,"enemies":"Gremlin Gang","floor":14.0,"turns":4.0},{"damage":8,"enemies":"Slime Boss","floor":16,"turns":10}],"seed_played":"-5714510369210331324","potions_obtained":[{"floor":1.0,"key":"EntropicBrew"},{"floor":4.0,"key":"Energy Potion"},{"floor":11.0,"key":"Dexterity Potion"}],"is_trial":false,"path_per_floor":["M","M","M","M","?","R","M","T","T","R","M","?","R","M","R","B"],"character_chosen":"THE_SILENT","items_purchased":[],"campfire_rested":0,"item_purchase_floors":[],"current_hp_per_floor":[69,65,62,62,48,48,30,30,30,30,30,30,30,19,19,11,11],"gold":186,"neow_bonus":"THREE_RARE_CARDS","is_daily":false,"chose_seed":false,"campfire_upgraded":4,"win_rate":0.0,"timestamp":1608889536,"path_taken":["M","M","M","M","?","R","M","?","T","R","M","?","R","M","R","BOSS"],"items_purchased_type":[],"build_version":"2020-12-22","purchased_purges":0,"victory":false,"max_hp_per_floor":[70,70,70,70,70,70,70,70,70,70,70,70,70,70,70,70,70],"card_choices":[{"not_picked":["Malaise","Adrenaline"],"picked":"Grand Finale","floor":0.0},{"not_picked":["Caltrops","Deflect","Cloak And Dagger"],"picked":"SKIP","floor":1.0},{"not_picked":["Caltrops","Cloak And Dagger"],"picked":"Deflect","floor":1.0},{"not_picked":["Concentrate","Dodge and Roll"],"picked":"Expertise","floor":2.0},{"not_picked":["Deadly Poison","Dodge and Roll","Riddle With Holes"],"picked":"SKIP","floor":3.0},{"not_picked":["A Thousand Cuts","Riddle With Holes"],"picked":"Flying Knee","floor":4.0},{"not_picked":["Deflect","Prepared"],"picked":"Acrobatics","floor":7.0},{"not_picked":["Skewer","Deadly Poison"],"picked":"Footwork","floor":11.0},{"not_picked":["Choke","Slice","Blade Dance"],"picked":"SKIP","floor":14.0}],"player_experience":1222033,"relics_obtained":[{"floor":8.0,"key":"Orichalcum"},{"floor":9.0,"key":"Tiny Chest"}],"event_choices":[{"damage_healed":0.0,"max_hp_gain":0.0,"max_hp_loss":0.0,"gold_gain":0.0,"event_name":"Shining Light","player_choice":"Entered Light","floor":5.0,"gold_loss":0.0,"damage_taken":14.0,"cards_upgraded":["Strike_G","Survivor"]},{"cards_removed":["Strike_G"],"damage_healed":0.0,"max_hp_gain":0.0,"max_hp_loss":0.0,"gold_gain":0.0,"event_name":"Living Wall","player_choice":"Forget","floor":12.0,"gold_loss":0.0,"damage_taken":0.0}],"is_beta":false,"boss_relics":[],"items_purged_floors":[],"is_endless":false,"potions_floor_spawned":[1,4,11],"killed_by":"Slime Boss","ascension_level":1}}