{"host":"j204k34h42bd6fas","time":1608871754,"event":{"mods":["Aspiration","BaseMod","Colored Map","Colored Powertips","Conspire","Energized Spire","Hubris","Infinite Spire","JesterMod","Mimic Mod","Minty Spire (QoL Compilation)","Rare Cards Sparkle","Relic Stats","Replay The Spire","Say the Spire","StSLib","The Cursed","The Marked"],"gold_per_floor":[117,117,117,133,144,144,144],"floor_reached":6,"playtime":144,"items_purged":[],"score":45,"play_id":"310fa1d0-8baa-4e9f-b602-8c2d293e9bff","local_time":"20201224234914","is_ascension_mode":true,"campfire_choices":[],"circlet_count":0,"master_deck":["Strike_B","Strike_B","Strike_B","Strike_B","Defend_B","Defend_B","Defend_B","Defend_B","Zap","Dualcast","Hologram","Steam","ReplayTheSpireMod:Dual Polarity"],"relics":["Cracked Core","NeowsBlessing","Smiling Mask"],"acts_visited":["Exordium"],"potions_floor_usage":[],"damage_taken":[{"damage":0,"enemies":"Small Slimes","floor":1,"turns":1},{"damage":0,"enemies":"Jaw Worm","floor":4,"turns":1},{"damage":0,"enemies":"Cultist","floor":5,"turns":1},{"damage":47,"enemies":"Lagavulin","floor":6,"turns":8}],"seed_played":"288924326672906249","potions_obtained":[{"floor":4,"key":"Block Potion"}],"is_trial":false,"path_per_floor":["M","?","?","M","M","E"],"character_chosen":"DEFECT","items_purchased":[],"campfire_rested":0,"item_purchase_floors":[],"current_hp_per_floor":[75,75,75,75,75,28,28],"gold":144,"neow_bonus":"THREE_ENEMY_KILL","is_daily":false,"chose_seed":false,"campfire_upgraded":0,"win_rate":0.0,"timestamp":1608871754,"path_taken":["M","?","?","?","M","E"],"items_purchased_type":[],"build_version":"2020-12-22","purchased_purges":0,"victory":false,"max_hp_per_floor":[75,75,75,75,75,75,75],"relic_stats":{"counters":[4,11],"Smiling Mask":0,"obtain_stats":[{"NeowsBlessing":0,"Cracked Core":0,"Smiling Mask":3},{"NeowsBlessing":0,"Cracked Core":0,"Smiling Mask":1},{"NeowsBlessing":0,"Cracked Core":0,"Smiling Mask":1}]},"card_choices":[{"not_picked":["Beam Cell","Force Field"],"picked":"Hologram","floor":1},{"not_picked":["Glacier","ReplayTheSpireMod:Repulse"],"picked":"Steam","floor":4},{"not_picked":["Compile Driver","Force Field"],"picked":"ReplayTheSpireMod:Dual Polarity","floor":5}],"player_experience":306837,"relics_obtained":[],"event_choices":[{"cards_removed":["FTL"],"damage_healed":0,"gold_gain":0,"player_choice":"Gave Card","damage_taken":0,"relics_obtained":["Smiling Mask"],"max_hp_gain":0,"max_hp_loss":0,"event_name":"WeMeetAgain","floor":3,"gold_loss":0}],"is_beta":false,"boss_relics":[],"items_purged_floors":[],"is_endless":false,"potions_floor_spawned":[4],"killed_by":"Lagavulin","ascension_level":5}}