{"host":"30jsp143e4v19aze","time":1608910846,"event":{"mods":["BaseMod","Colored Map","Colored Powertips","Curses Come First","DeckTracker","Highlight Path","Minty Spire (QoL Compilation)","Quick Restart","Relic Stats","StSLib","everything is the same but u backflip on backflip","slay the spire mod where everything is the same but ironclad has a cowboy hat"],"gold_per_floor":[115,133,6,81,41,41,41,69,69,69,94,94,112,140,140,212,212,228,228,248,7,7,7,38,54,54,54,74,107,107,120,120,120,120],"floor_reached":33,"playtime":2495,"items_purged":["Strike_G"],"score":602,"play_id":"dde68f2d-4fdf-4546-82bd-e8b9d9a05cad","local_time":"20201225164046","is_ascension_mode":true,"campfire_choices":[{"data":"Poisoned Stab","floor":6,"key":"SMITH"},{"floor":10,"key":"REST"},{"floor":12,"key":"REST"},{"data":"Caltrops","floor":15,"key":"SMITH"},{"data":"Footwork","floor":23,"key":"SMITH"},{"data":"Malaise","floor":27,"key":"SMITH"},{"data":"Wraith Form v2","floor":32,"key":"SMITH"}],"circlet_count":0,"master_deck":["AscendersBane","Strike_G+1","Strike_G+1","Strike_G+1","Defend_G+1","Defend_G+1","Defend_G+1","Defend_G+1","Survivor+1","Neutralize","Backflip","Poisoned Stab+1","Dagger Throw","Caltrops+1","Pain","Blur","Glass Knife","Malaise+1","All Out Attack","Wraith Form v2+1","Dodge and Roll","Footwork+1","RitualDagger","PiercingWail","Calculated Gamble","Necronomicurse","Underhanded Strike+1"],"relics":["Empty Cage","WarpedTongs","TungstenRod","InkBottle","StoneCalendar","War Paint","Coffee Dripper","Lee\u0027s Waffle","Frozen Egg 2","Bottled Lightning","Meat on the Bone","Necronomicon"],"acts_visited":["Exordium","TheCity"],"potions_floor_usage":[8,11,24,28,33],"damage_taken":[{"damage":11,"enemies":"Jaw Worm","floor":1,"turns":6},{"damage":3,"enemies":"2 Louse","floor":2,"turns":4},{"damage":29,"enemies":"3 Sentries","floor":8,"turns":9},{"damage":11,"enemies":"Lagavulin","floor":11,"turns":7},{"damage":0,"enemies":"Cultist","floor":13,"turns":3},{"damage":19,"enemies":"3 Sentries","floor":14,"turns":7},{"damage":4,"enemies":"Hexaghost","floor":16,"turns":9},{"damage":11,"enemies":"Shell Parasite","floor":18,"turns":6},{"damage":8,"enemies":"2 Thieves","floor":20,"turns":5},{"damage":13,"enemies":"Gremlin Leader","floor":24,"turns":8},{"damage":13,"enemies":"Snake Plant","floor":25,"turns":5},{"damage":2,"enemies":"Centurion and Healer","floor":28,"turns":6},{"damage":3,"enemies":"Book of Stabbing","floor":29,"turns":6},{"damage":2,"enemies":"Snecko","floor":31,"turns":9},{"damage":45,"enemies":"Automaton","floor":33,"turns":10}],"seed_played":"-1065191110128290791","potions_obtained":[{"floor":1,"key":"Explosive Potion"},{"floor":8,"key":"Explosive Potion"},{"floor":14,"key":"Fire Potion"},{"floor":24,"key":"BlessingOfTheForge"},{"floor":25,"key":"GamblersBrew"},{"floor":28,"key":"Regen Potion"}],"is_trial":false,"path_per_floor":["M","M","$","?","$","R","?","E","T","R","E","R","M","E","R","B",null,"M","?","M","$","?","R","E","M","T","R","M","E","?","M","R","B"],"character_chosen":"THE_SILENT","items_purchased":["Dagger Throw","Caltrops","Lee\u0027s Waffle","Footwork"],"campfire_rested":2,"item_purchase_floors":[3,5,21,21],"current_hp_per_floor":[48,45,45,34,34,34,34,5,5,24,13,32,32,13,13,9,52,41,41,33,73,68,68,55,42,42,42,40,37,20,30,30,0,0],"gold":120,"neow_bonus":"BOSS_RELIC","is_daily":false,"chose_seed":false,"campfire_upgraded":5,"win_rate":0.0,"timestamp":1608910846,"path_taken":["M","M","$","?","$","R","?","E","T","R","E","R","?","E","R","BOSS","M","?","M","$","?","R","E","M","T","R","M","E","?","M","R","BOSS"],"items_purchased_type":["Card","Card","Relic","Card"],"build_version":"2020-12-22","purchased_purges":1,"victory":false,"max_hp_per_floor":[66,66,66,66,66,66,66,66,66,66,66,66,66,66,66,66,66,66,66,66,73,73,73,73,73,73,73,73,73,73,73,73,73,73],"relic_stats":{"Lee\u0027s Waffle":40,"counters":[15,100],"StoneCalendar":[259],"Necronomicon":[3],"War Paint":["Survivor","Defend_G"],"obtain_stats":[{"Lee\u0027s Waffle":21,"StoneCalendar":11,"War Paint":14,"Frozen Egg 2":24,"Empty Cage":0,"WarpedTongs":7,"Coffee Dripper":17,"Necronomicon":30,"Bottled Lightning":26,"TungstenRod":8,"InkBottle":9,"Ring of the Snake":0,"Meat on the Bone":29},{"Lee\u0027s Waffle":9,"StoneCalendar":4,"War Paint":6,"Frozen Egg 2":10,"Empty Cage":0,"WarpedTongs":2,"Coffee Dripper":7,"Necronomicon":13,"Bottled Lightning":11,"TungstenRod":3,"InkBottle":3,"Ring of the Snake":0,"Meat on the Bone":13},{"Lee\u0027s Waffle":56,"StoneCalendar":26,"War Paint":36,"Frozen Egg 2":64,"Empty Cage":0,"WarpedTongs":10,"Coffee Dripper":45,"Necronomicon":81,"Bottled Lightning":69,"TungstenRod":19,"InkBottle":19,"Ring of the Snake":0,"Meat on the Bone":81}],"TungstenRod":87,"InkBottle":[26],"WarpedTongs":[79],"Meat on the Bone":12},"card_choices":[{"not_picked":["Bane","Sucker Punch"],"picked":"Backflip","floor":1},{"not_picked":["Blade Dance","Choke"],"picked":"Poisoned Stab","floor":2},{"not_picked":["Backstab","Dagger Throw"],"picked":"Blur","floor":8},{"not_picked":["Leg Sweep","Quick Slash"],"picked":"Glass Knife","floor":11},{"not_picked":["Sucker Punch","Slice"],"picked":"Malaise","floor":13},{"not_picked":["Deflect","Dagger Throw"],"picked":"All Out Attack","floor":14},{"not_picked":["After Image","Burst"],"picked":"Wraith Form v2","floor":16},{"not_picked":["Outmaneuver","Slice"],"picked":"Dodge and Roll","floor":18},{"not_picked":["Dodge and Roll","Catalyst","Blade Dance"],"picked":"SKIP","floor":20},{"not_picked":["Predator","Deadly Poison"],"picked":"PiercingWail","floor":24},{"not_picked":["Tactician","Distraction","Deflect"],"picked":"SKIP","floor":25},{"not_picked":["Heel Hook","Riddle With Holes"],"picked":"Calculated Gamble","floor":28},{"not_picked":["Catalyst","Malaise","Dagger Throw"],"picked":"SKIP","floor":29},{"not_picked":["Catalyst","Malaise","Dagger Throw"],"picked":"SKIP","floor":29},{"not_picked":["Flying Knee","Bane"],"picked":"Underhanded Strike+1","floor":31}],"player_experience":3185299,"relics_obtained":[{"floor":8,"key":"TungstenRod"},{"floor":9,"key":"InkBottle"},{"floor":11,"key":"StoneCalendar"},{"floor":14,"key":"War Paint"},{"floor":24,"key":"Frozen Egg 2"},{"floor":26,"key":"Bottled Lightning"},{"floor":29,"key":"Meat on the Bone"},{"floor":30,"key":"Necronomicon"}],"event_choices":[{"damage_healed":0,"gold_gain":75,"player_choice":"Gather Gold","damage_taken":11,"max_hp_gain":0,"max_hp_loss":0,"event_name":"World of Goop","floor":4,"gold_loss":0},{"damage_healed":0,"gold_gain":0,"player_choice":"Rummage","damage_taken":0,"relics_obtained":["WarpedTongs"],"max_hp_gain":0,"max_hp_loss":0,"event_name":"Accursed Blacksmith","floor":7,"gold_loss":0,"cards_obtained":["Pain"]},{"damage_healed":0,"gold_gain":0,"player_choice":"Simplicity","damage_taken":0,"max_hp_gain":0,"max_hp_loss":0,"event_name":"Back to Basics","floor":19,"gold_loss":0,"cards_upgraded":["Strike_G","Strike_G","Strike_G","Defend_G","Defend_G","Defend_G"]},{"damage_healed":0,"gold_gain":0,"player_choice":"Joined the Cult","damage_taken":6,"max_hp_gain":0,"max_hp_loss":0,"event_name":"Nest","floor":22,"gold_loss":0,"cards_obtained":["RitualDagger"]},{"damage_healed":0,"gold_gain":0,"player_choice":"Obtained Book","damage_taken":21,"max_hp_gain":0,"max_hp_loss":0,"event_name":"Cursed Tome","floor":30,"gold_loss":0}],"is_beta":false,"boss_relics":[{"not_picked":["SacredBark","Busted Crown"],"picked":"Coffee Dripper"}],"items_purged_floors":[3],"is_endless":false,"potions_floor_spawned":[1,8,14,24,25,28],"killed_by":"Automaton","ascension_level":20}}