{"host":"5bdt6s51dmpd4l3v","time":1608893932,"event":{"mods":["AchievementEnabler","BaseMod","Colored Map","Colored Powertips","Highlight Path","Minty Spire (QoL Compilation)","Quick Restart","Rare Cards Sparkle","StSLib"],"gold_per_floor":[110,110,122,137,187,187,220,220,247,247,18,51,61,6,6,6,6],"floor_reached":16,"playtime":316,"items_purged":[],"score":194,"play_id":"77421883-61f3-48f6-b7a6-cbf6cb7ceb68","local_time":"20201225185852","is_ascension_mode":true,"campfire_choices":[{"data":"Twin Strike","floor":6,"key":"SMITH"},{"data":"Iron Wave","floor":8,"key":"SMITH"},{"data":"Bash","floor":10,"key":"SMITH"},{"data":"Flex","floor":15,"key":"SMITH"}],"circlet_count":0,"master_deck":["AscendersBane","Strike_R","Strike_R","Strike_R","Strike_R","Strike_R","Defend_R","Defend_R","Defend_R+1","Defend_R+1","Bash+1","Pommel Strike+1","Twin Strike+1","Iron Wave+1","Cleave","Seeing Red","Flex+1"],"relics":["Burning Blood","NeowsBlessing","Bronze Scales","Bag of Preparation","War Paint","Vajra","Dream Catcher"],"acts_visited":["Exordium"],"potions_floor_usage":[7,7],"damage_taken":[{"damage":0,"enemies":"2 Louse","floor":1,"turns":1},{"damage":0,"enemies":"Jaw Worm","floor":3,"turns":1},{"damage":0,"enemies":"Cultist","floor":4,"turns":1},{"damage":9,"enemies":"Gremlin Nob","floor":7,"turns":4},{"damage":25,"enemies":"Lagavulin","floor":12,"turns":5},{"damage":6,"enemies":"Exordium Thugs","floor":13,"turns":3},{"damage":53,"enemies":"The Guardian","floor":16,"turns":7}],"seed_played":"-8441054466243974557","potions_obtained":[{"floor":1,"key":"PowerPotion"},{"floor":3,"key":"Weak Potion"}],"is_trial":false,"path_per_floor":["M","?","M","M","T","R","E","R","T","R","$","E","M","$","R","B"],"character_chosen":"IRONCLAD","items_purchased":["Vajra","Cleave","Flex"],"campfire_rested":0,"item_purchase_floors":[11,11,14],"current_hp_per_floor":[74,74,75,75,75,75,72,72,72,72,72,53,53,53,53,0,0],"gold":6,"neow_bonus":"THREE_ENEMY_KILL","is_daily":false,"chose_seed":false,"campfire_upgraded":4,"win_rate":0.0,"timestamp":1608893932,"path_taken":["M","?","M","M","?","R","E","R","T","R","$","E","?","$","R","BOSS"],"items_purchased_type":["Relic","Card","Card"],"build_version":"2020-12-22","purchased_purges":0,"victory":false,"max_hp_per_floor":[75,75,75,75,75,75,75,75,75,75,75,75,75,75,75,75,75],"card_choices":[{"not_picked":["Cleave","Dual Wield"],"picked":"Pommel Strike","floor":1},{"not_picked":["Havoc","Sever Soul"],"picked":"Twin Strike","floor":3},{"not_picked":["Carnage","Body Slam"],"picked":"Iron Wave","floor":4},{"not_picked":["True Grit","Havoc","Demon Form"],"picked":"SKIP","floor":7},{"not_picked":["Bloodletting","Brutality"],"picked":"Seeing Red","floor":12},{"not_picked":["Flame Barrier","Disarm","Blood for Blood"],"picked":"SKIP","floor":13}],"player_experience":233841,"relics_obtained":[{"floor":5,"key":"Bronze Scales"},{"floor":7,"key":"Bag of Preparation"},{"floor":9,"key":"War Paint"},{"floor":12,"key":"Dream Catcher"}],"event_choices":[{"damage_healed":0,"gold_gain":0,"player_choice":"Grow","damage_taken":0,"max_hp_gain":0,"max_hp_loss":0,"event_name":"Living Wall","floor":2,"gold_loss":0,"cards_upgraded":["Pommel Strike"]}],"is_beta":false,"boss_relics":[],"items_purged_floors":[],"is_endless":false,"potions_floor_spawned":[1,3],"killed_by":"The Guardian","ascension_level":16}}