{"host":"12piqfhmdln9x2la","time":1608909803,"event":{"mods":["2.2 Compatiblity","AchievementEnabler","BaseMod","BetterRewards","Colored Powertips","Minty Spire (QoL Compilation)","Quick Restart","SuperFastMode"],"gold_per_floor":[119,119,119,119,119,152,168,11,36,36,55,55,90,104,104,228,228,242,267,267,64,84,115,129,160,160,199,199,199,199,199],"floor_reached":30,"playtime":462,"items_purged":["Strike_R"],"score":353,"play_id":"0a98c0a5-034f-4c7f-80e8-40af613bdb04","local_time":"20201226002323","is_ascension_mode":true,"campfire_choices":[{"floor":10,"key":"RECALL"},{"data":"Flex","floor":15,"key":"SMITH"}],"circlet_count":0,"master_deck":["Strike_R+1","Strike_R+1","Strike_R+1","Defend_R","Defend_R","Defend_R","Twin Strike","Perfected Strike","Flex+1","Thunderclap","Cleave","Seeing Red","Demon Form","Inflame","Carnage+1","Infernal Blade+1","Burning Pact","Armaments","Pommel Strike","Heavy Blade"],"relics":["Black Blood","NeowsBlessing","Dead Branch","Golden Idol","Smiling Mask","Brimstone","Red Skull","Orichalcum","Bag of Marbles","Whetstone","White Beast Statue","StoneCalendar","Matryoshka","MealTicket"],"acts_visited":["Exordium","TheCity"],"potions_floor_usage":[14,23,25,25,25],"damage_taken":[{"damage":0,"enemies":"2 Louse","floor":1,"turns":1},{"damage":0,"enemies":"Lagavulin","floor":6,"turns":1},{"damage":0,"enemies":"Small Slimes","floor":7,"turns":1},{"damage":13,"enemies":"Jaw Worm","floor":11,"turns":2},{"damage":15,"enemies":"3 Sentries","floor":13,"turns":5},{"damage":0,"enemies":"Exordium Thugs","floor":14,"turns":3},{"damage":35,"enemies":"The Guardian","floor":16,"turns":5},{"damage":29,"enemies":"Spheric Guardian","floor":18,"turns":4},{"damage":13,"enemies":"Shell Parasite","floor":19,"turns":3},{"damage":8,"enemies":"Chosen and Byrds","floor":22,"turns":3},{"damage":49,"enemies":"Slavers","floor":23,"turns":5},{"damage":19,"enemies":"Centurion and Healer","floor":24,"turns":3},{"damage":8,"enemies":"Book of Stabbing","floor":25,"turns":2},{"damage":19,"enemies":"Slavers","floor":27,"turns":4},{"damage":11,"enemies":"Shelled Parasite and Fungi","floor":30,"turns":2}],"seed_played":"3818601140212183949","potions_obtained":[{"floor":7,"key":"SteroidPotion"},{"floor":11,"key":"BloodPotion"},{"floor":13,"key":"FearPotion"},{"floor":14,"key":"Block Potion"},{"floor":24,"key":"DuplicationPotion"},{"floor":25,"key":"Weak Potion"},{"floor":27,"key":"ElixirPotion"}],"is_trial":false,"path_per_floor":["M","?","?","?","?","E","M","$","T","R","M","T","E","M","R","B",null,"M","M","?","$","M","E","M","E","T","E","?","?","M"],"character_chosen":"IRONCLAD","items_purchased":["Brimstone","Whetstone"],"campfire_rested":0,"item_purchase_floors":[8,21],"current_hp_per_floor":[80,64,61,41,41,47,53,53,53,53,46,46,37,59,59,30,80,63,62,62,62,66,29,22,26,26,19,10,10,0,0],"gold":199,"neow_bonus":"THREE_ENEMY_KILL","is_daily":false,"chose_seed":false,"campfire_upgraded":1,"win_rate":0.0,"timestamp":1608909803,"path_taken":["M","?","?","?","?","E","M","$","T","R","M","?","E","M","R","BOSS","M","M","?","?","?","E","M","E","T","E","?","?","?"],"items_purchased_type":["Relic","Relic"],"build_version":"2020-12-22","purchased_purges":1,"victory":false,"max_hp_per_floor":[80,80,80,80,80,80,80,80,80,80,80,80,80,80,80,80,80,80,80,80,80,80,80,80,80,80,80,80,80,80,80],"card_choices":[{"not_picked":["Perfected Strike","Sword Boomerang"],"picked":"Twin Strike","floor":1},{"not_picked":["True Grit","Clothesline"],"picked":"Perfected Strike","floor":6},{"not_picked":["Carnage","Havoc"],"picked":"Flex","floor":7},{"not_picked":["Rage","Brutality"],"picked":"Thunderclap","floor":11},{"not_picked":["Battle Trance","Body Slam"],"picked":"Cleave","floor":13},{"not_picked":["Iron Wave","Disarm"],"picked":"Seeing Red","floor":14},{"not_picked":["Impervious","Fiend Fire"],"picked":"Demon Form","floor":16},{"not_picked":["Heavy Blade","Sword Boomerang"],"picked":"Inflame","floor":18},{"not_picked":["True Grit","Wild Strike"],"picked":"Carnage","floor":19},{"not_picked":["Headbutt","Clash"],"picked":"Infernal Blade+1","floor":22},{"not_picked":["Infernal Blade","Reckless Charge"],"picked":"Burning Pact","floor":23},{"not_picked":["Battle Trance+1","Body Slam"],"picked":"Armaments","floor":24},{"not_picked":["Power Through","Headbutt+1"],"picked":"Pommel Strike","floor":25},{"not_picked":["Anger","Corruption"],"picked":"Heavy Blade","floor":27}],"player_experience":120942,"relics_obtained":[{"floor":6,"key":"Smiling Mask"},{"floor":9,"key":"Red Skull"},{"floor":12,"key":"Orichalcum"},{"floor":13,"key":"Bag of Marbles"},{"floor":23,"key":"White Beast Statue"},{"floor":25,"key":"StoneCalendar"},{"floor":26,"key":"Matryoshka"},{"floor":27,"key":"MealTicket"}],"event_choices":[{"damage_healed":0,"gold_gain":0,"player_choice":"Entered Light","damage_taken":16,"max_hp_gain":0,"max_hp_loss":0,"event_name":"Shining Light","floor":2,"gold_loss":0,"cards_upgraded":["Strike_R","Strike_R"]},{"damage_healed":0,"gold_gain":0,"player_choice":"Success","damage_taken":3,"relics_obtained":["Dead Branch"],"max_hp_gain":0,"max_hp_loss":0,"event_name":"Scrap Ooze","floor":3,"gold_loss":0},{"damage_healed":0,"gold_gain":0,"player_choice":"Take Damage","damage_taken":20,"relics_obtained":["Golden Idol"],"max_hp_gain":0,"max_hp_loss":0,"event_name":"Golden Idol","floor":4,"gold_loss":0},{"cards_removed":["Strike_R"],"damage_healed":0,"gold_gain":0,"player_choice":"Forget","damage_taken":0,"max_hp_gain":0,"max_hp_loss":0,"event_name":"Living Wall","floor":5,"gold_loss":0},{"cards_removed":["Defend_R"],"damage_healed":0,"gold_gain":0,"player_choice":"Purged","damage_taken":0,"max_hp_gain":0,"max_hp_loss":0,"event_name":"Purifier","floor":20,"gold_loss":0},{"damage_healed":0,"gold_gain":0,"player_choice":"Stopped","damage_taken":9,"max_hp_gain":0,"max_hp_loss":0,"event_name":"Cursed Tome","floor":28,"gold_loss":0},{"cards_removed":["Bash"],"damage_healed":0,"gold_gain":0,"player_choice":"Offered Basic","damage_taken":0,"max_hp_gain":0,"max_hp_loss":0,"event_name":"Bonfire Elementals","floor":29,"gold_loss":0}],"is_beta":false,"boss_relics":[{"not_picked":["Empty Cage","Fusion Hammer"],"picked":"Black Blood"}],"items_purged_floors":[21],"is_endless":false,"potions_floor_spawned":[7,11,13,14,22,24,25,27],"killed_by":"Shelled Parasite and Fungi","ascension_level":2}}