{"host":"jm9833yuloeli2yd","time":1608870970,"event":{"mods":["AchievementEnabler","BaseMod","Better Altar","Better Match","Better Note","Better Sensory Stone","Better Skull","Better Third Choice","Better Vampires","BetterRewards","Colored Map","Colored Powertips","DeckTracker","Hubris","Marked Mod","Minty Spire (QoL Compilation)","Permanent Neow","Quick Restart","StSLib","SuperFastMode"],"gold_per_floor":[117,117,131,144,158,158,184,184,184,184,201,201,236,246,246,318,318,329,329,329,125,141,161,161,189,215,245,245,274,274,274,274,348,348,362,381,281,298,314,314,345,345,368,400,400,400,427,427,427,427,427,427],"floor_reached":51,"playtime":2089,"items_purged":["Strike_G","Sucker Punch"],"score":2027,"play_id":"54c0501b-ef05-4490-94d9-54a9bc2d3498","local_time":"20201224233610","is_ascension_mode":true,"campfire_choices":[{"data":"Dash","floor":6.0,"key":"SMITH"},{"data":"Footwork","floor":8.0,"key":"SMITH"},{"data":"Bouncing Flask","floor":15.0,"key":"SMITH"},{"floor":24.0,"key":"REST"},{"data":"Noxious Fumes","floor":28.0,"key":"SMITH"},{"data":"Caltrops","floor":30.0,"key":"SMITH"},{"data":"Neutralize","floor":32.0,"key":"SMITH"},{"data":"Slice","floor":40.0,"key":"SMITH"},{"floor":42.0,"key":"RECALL"},{"data":"Calculated Gamble","floor":45.0,"key":"SMITH"},{"data":"Madness","floor":49.0,"key":"SMITH"}],"circlet_count":0,"master_deck":["AscendersBane","Strike_G+1","Strike_G+1","Strike_G+1","Defend_G+1","Defend_G+1","Defend_G+1","Defend_G+1","Defend_G+1","Survivor","Neutralize+1","Poisoned Stab","PiercingWail","Blur","Footwork+1","Caltrops+1","Dash+1","Calculated Gamble+1","After Image","Bouncing Flask+1","Corpse Explosion","Distraction+1","Noxious Fumes+1","Backflip","Backflip+1","PiercingWail+1","Deflect+1","Venomology","CurseOfTheBell","Calculated Gamble+1","PiercingWail","Slice+1","Dodge and Roll+1","Madness+1","Madness","Distraction+1"],"relics":["Ring of the Snake","Letter Opener","hubris:Reverence","Potion Belt","hubris:RunicObelisk","Bloody Idol","ClockworkSouvenir","hubris:Metronome","Bronze Scales","Shuriken","Anchor","hubris:Towel","Calling Bell","Boot","Eternal Feather","Tough Bandages","Pen Nib","Vajra","Lizard Tail","hubris:Icosahedron"],"acts_visited":["Exordium","TheCity","TheBeyond"],"potions_floor_usage":[51,51],"damage_taken":[{"damage":0.0,"enemies":"2 Louse","floor":1.0,"turns":4.0},{"damage":0.0,"enemies":"Jaw Worm","floor":3.0,"turns":6.0},{"damage":0.0,"enemies":"Cultist","floor":4.0,"turns":5.0},{"damage":4.0,"enemies":"Looter","floor":5.0,"turns":4.0},{"damage":39.0,"enemies":"Gremlin Nob","floor":7.0,"turns":6.0},{"damage":1.0,"enemies":"Blue Slaver","floor":11.0,"turns":4.0},{"damage":5.0,"enemies":"Lagavulin","floor":13.0,"turns":10.0},{"damage":0.0,"enemies":"3 Louse","floor":14.0,"turns":3.0},{"damage":3.0,"enemies":"The Guardian","floor":16.0,"turns":8.0},{"damage":12.0,"enemies":"Shell Parasite","floor":18.0,"turns":7.0},{"damage":0.0,"enemies":"Spheric Guardian","floor":22.0,"turns":3.0},{"damage":2.0,"enemies":"Snake Plant","floor":23.0,"turns":5.0},{"damage":8.0,"enemies":"Gremlin Leader","floor":25.0,"turns":7.0},{"damage":3.0,"enemies":"Book of Stabbing","floor":27.0,"turns":6.0},{"damage":0.0,"enemies":"Slavers","floor":29.0,"turns":3.0},{"damage":10.0,"enemies":"Champ","floor":33.0,"turns":13.0},{"damage":0.0,"enemies":"3 Shapes","floor":35.0,"turns":4.0},{"damage":1.0,"enemies":"Orb Walker","floor":36.0,"turns":4.0},{"damage":0.0,"enemies":"3 Darklings","floor":38.0,"turns":4.0},{"damage":10.0,"enemies":"Spire Growth","floor":39.0,"turns":8.0},{"damage":0.0,"enemies":"Nemesis","floor":41.0,"turns":7.0},{"damage":34.0,"enemies":"Reptomancer","floor":44.0,"turns":7.0},{"damage":78.0,"enemies":"Giant Head","floor":47.0,"turns":11.0},{"damage":65.0,"enemies":"Time Eater","floor":50.0,"turns":14.0},{"damage":31,"enemies":"hubris:GrandSnecko","floor":51,"turns":10}],"seed_played":"1395493266432715993","potions_obtained":[{"floor":4.0,"key":"LiquidMemories"},{"floor":7.0,"key":"Fire Potion"},{"floor":13.0,"key":"Explosive Potion"},{"floor":14.0,"key":"BlessingOfTheForge"},{"floor":16.0,"key":"Regen Potion"},{"floor":25.0,"key":"FearPotion"},{"floor":27.0,"key":"Weak Potion"},{"floor":29.0,"key":"Energy Potion"},{"floor":33.0,"key":"FairyPotion"},{"floor":35.0,"key":"AttackPotion"},{"floor":44.0,"key":"LiquidMemories"}],"is_trial":false,"path_per_floor":["M","?","M","M","M","R","E","R","T","?","M","?","E","M","R","B",null,"M","?","?","$","M","M","R","E","T","E","R","E","R","?","R","B",null,"M","M","$","M","M","R","E","R","T","E","R","?","E","?","R","B","B"],"character_chosen":"THE_SILENT","items_purchased":["Poisoned Stab","Sucker Punch","Regen Potion","Noxious Fumes","ClockworkSouvenir"],"campfire_rested":1,"item_purchase_floors":[0,0,0,21,21],"current_hp_per_floor":[59,59,59,59,55,55,31,31,31,31,30,35,30,30,30,27,60,48,48,9,9,26,29,50,47,52,54,54,59,59,59,59,54,67,71,71,71,71,66,71,71,71,71,42,60,47,13,13,34,5,0,0],"gold":427,"neow_bonus":"","is_daily":false,"chose_seed":false,"campfire_upgraded":9,"win_rate":0.0,"timestamp":1608870970,"path_taken":["M","?","M","M","M","R","E","R","T","?","?","?","E","M","R","BOSS","M","?","?","$","M","M","R","E","T","E","R","E","R","?","R","BOSS","M","M","$","M","M","R","E","R","T","E","R","?","E","?","R","BOSS","BOSS"],"items_purchased_type":["Card","Card","Potion","Card","Relic"],"build_version":"2020-12-22","purchased_purges":2,"victory":false,"max_hp_per_floor":[66,66,66,66,66,66,66,66,66,66,66,71,71,71,71,71,71,71,71,71,71,71,71,71,71,71,71,71,71,71,71,71,71,71,71,71,71,71,71,71,71,71,71,71,71,71,71,71,71,71,71,71],"card_choices":[{"not_picked":["Blade Dance","Deadly Poison"],"picked":"Blur","floor":1.0},{"not_picked":["hubris:Sniper","Deflect"],"picked":"Caltrops","floor":3.0},{"not_picked":["Deadly Poison","PiercingWail","Cloak And Dagger"],"picked":"SKIP","floor":4.0},{"not_picked":["PiercingWail","Cloak And Dagger"],"picked":"Dash","floor":5.0},{"not_picked":["Riddle With Holes","hubris:TrickCloak"],"picked":"Calculated Gamble","floor":7.0},{"not_picked":["Dagger Spray","Sucker Punch","Poisoned Stab"],"picked":"SKIP","floor":11.0},{"not_picked":["Acrobatics","Deadly Poison"],"picked":"After Image","floor":13.0},{"not_picked":["Skewer","Dagger Spray"],"picked":"Bouncing Flask","floor":14.0},{"not_picked":["Glass Knife","Envenom"],"picked":"Corpse Explosion","floor":16.0},{"not_picked":["Poisoned Stab+1","Finisher"],"picked":"Distraction+1","floor":18.0},{"not_picked":["Skewer","Slice"],"picked":"Backflip","floor":22.0},{"not_picked":["Bouncing Flask","Accuracy"],"picked":"Backflip+1","floor":23.0},{"not_picked":["Underhanded Strike","Slice"],"picked":"PiercingWail+1","floor":25.0},{"not_picked":["Dagger Throw+1","Flying Knee"],"picked":"Deflect+1","floor":27.0},{"not_picked":["All Out Attack","Dagger Spray","Underhanded Strike+1"],"picked":"SKIP","floor":29.0},{"not_picked":["Envenom","Unload"],"picked":"Venomology","floor":33.0},{"not_picked":["All Out Attack","Outmaneuver"],"picked":"Calculated Gamble+1","floor":35.0},{"not_picked":["Dagger Throw","Predator"],"picked":"PiercingWail","floor":36.0},{"not_picked":["PiercingWail","Dodge and Roll+1","Eviscerate"],"picked":"SKIP","floor":38.0},{"not_picked":["Terror+1","Dagger Throw"],"picked":"Slice","floor":39.0},{"not_picked":["Predator","Venomology","Tactician"],"picked":"SKIP","floor":41.0},{"not_picked":["Underhanded Strike","Venomology"],"picked":"Dodge and Roll+1","floor":44.0},{"not_picked":["Dagger Spray","hubris:Counter"],"picked":"Distraction+1","floor":47.0}],"player_experience":1158494,"relics_obtained":[{"floor":7.0,"key":"Letter Opener"},{"floor":9.0,"key":"hubris:Reverence"},{"floor":13.0,"key":"Potion Belt"},{"floor":25.0,"key":"hubris:Metronome"},{"floor":26.0,"key":"Bronze Scales"},{"floor":27.0,"key":"Shuriken"},{"floor":29.0,"key":"Anchor"},{"floor":34.0,"key":"Boot"},{"floor":34.0,"key":"Eternal Feather"},{"floor":34.0,"key":"Tough Bandages"},{"floor":41.0,"key":"Pen Nib"},{"floor":44.0,"key":"Vajra"},{"floor":47.0,"key":"Lizard Tail"}],"event_choices":[{"cards_removed":["Strike_G"],"damage_healed":0.0,"max_hp_gain":0.0,"max_hp_loss":0.0,"gold_gain":0.0,"event_name":"Bonfire Elementals","player_choice":"Offered Basic","floor":10.0,"gold_loss":0.0,"damage_taken":0.0},{"damage_healed":0.0,"max_hp_gain":5.0,"max_hp_loss":0.0,"gold_gain":0.0,"event_name":"Big Fish","player_choice":"Donut","floor":12.0,"gold_loss":0.0,"damage_taken":0.0},{"damage_healed":0.0,"max_hp_gain":0.0,"max_hp_loss":8.0,"gold_gain":0.0,"event_name":"betterThird:BetterWriting","player_choice":"Simplicity","floor":19.0,"gold_loss":0.0,"damage_taken":0.0},{"damage_healed":0.0,"max_hp_gain":48.0,"max_hp_loss":9.0,"gold_gain":0.0,"event_name":"betterAltar:BetterAltar","player_choice":" Idol ","floor":20.0,"potions_obtained":[],"relics_lost":[],"gold_loss":0.0,"damage_taken":39.0,"relics_obtained":["Bloody Idol"]},{"damage_healed":0.0,"max_hp_gain":0.0,"max_hp_loss":0.0,"gold_gain":0.0,"event_name":"Winding Halls","player_choice":"Embrace Madness","floor":46.0,"gold_loss":0.0,"damage_taken":13.0,"cards_obtained":["Madness","Madness"]}],"is_beta":false,"boss_relics":[{"not_picked":["SlaversCollar","Runic Pyramid"],"picked":"hubris:RunicObelisk"},{"not_picked":["hubris:CrackedHourglass","WristBlade"],"picked":"Calling Bell"}],"items_purged_floors":[0,37],"is_endless":false,"potions_floor_spawned":[4,7,13,14,16,25,27,29,33,35,39,44],"killed_by":"hubris:GrandSnecko","ascension_level":20}}