{"host":"6to0pdz5g3mubtyg","time":1608867469,"event":{"mods":["Act Like it!","Aspiration","BaseMod","BetterRewards","Colored Map","Energized Spire","Hallownest","Highlight Path","Infinite Spire","Jorbs\u0027s Wanderer Trilogy","Minty Spire (QoL Compilation)","Shade Mod","StSLib","The Animator","The Blue Laboratory","The Bug Knight"],"gold_per_floor":[111,127,127,127,137,166,176,176,176,176,190,200,43,70,70,166,166,183,98,108,120,120,150,14,14,94,111,36,36,54,70,70,166,216,232,232,252,268,268,268,295,295,295,295,314,314,332,366,366,366],"floor_reached":51,"playtime":2724,"items_purged":["Defend_G","Defend_G","Strike_G","Strike_G"],"score":865,"play_id":"0ebff3c6-764d-4831-b3f6-c1c590be9ab3","local_time":"20201224203749","is_ascension_mode":true,"campfire_choices":[{"floor":8,"key":"REST"},{"floor":10,"key":"REST"},{"floor":15,"key":"REST"},{"floor":25,"key":"REST"},{"floor":32,"key":"REST"},{"floor":40,"key":"REST"},{"floor":42,"key":"REST"},{"floor":46,"key":"REST"},{"data":"After Image","floor":49,"key":"SMITH"}],"circlet_count":0,"master_deck":["Strike_G+1","Defend_G","Defend_G+1","Survivor","Neutralize+1","Flying Knee","Bouncing Flask","Noxious Fumes","Backstab","Bane","Adrenaline","Noxious Fumes","Corpse Explosion","Glass Knife","Flechettes","Deflect+1","Corpse Explosion","Footwork","Dodge and Roll","Deflect","Poisoned Stab+1","After Image+1","Prepared","Infinite Blades+1","infinitespire:Fortify","Poisoned Stab","Deflect+1","Endless Agony+1","Pummel+1","Envenom"],"relics":["Ring of the Snake","NeowsBlessing","Bottled Flame","HornCleat","Strawberry","infinitespire:Bottled Soul","Empty Cage","Blood Vial","aspiration:Headhunter","aspiration:Lifesprig","Ornamental Fan","Enchiridion","Tiny House","aspiration:IroncladSkillbook","Dream Catcher","Molten Egg 2","Juzu Bracelet","Snake Skull"],"acts_visited":["Exordium","TheCity","TheBeyond"],"potions_floor_usage":[16,23,33,33],"damage_taken":[{"damage":0,"enemies":"Cultist","floor":1,"turns":1},{"damage":0,"enemies":"Small Slimes","floor":2,"turns":1},{"damage":0,"enemies":"Jaw Worm","floor":5,"turns":1},{"damage":24,"enemies":"HollowMod:MossKnight","floor":6,"turns":6},{"damage":18,"enemies":"Lots of Slimes","floor":7,"turns":4},{"damage":7,"enemies":"Exordium Thugs","floor":11,"turns":4},{"damage":9,"enemies":"3 Louse","floor":12,"turns":3},{"damage":0,"enemies":"Gremlin Nob","floor":14,"turns":3},{"damage":17,"enemies":"Hexaghost","floor":16,"turns":7},{"damage":12,"enemies":"Chosen","floor":18,"turns":3},{"damage":5,"enemies":"Snecko","floor":20,"turns":4},{"damage":20,"enemies":"3 Cultists","floor":21,"turns":4},{"damage":36,"enemies":"Book of Stabbing","floor":23,"turns":5},{"damage":23,"enemies":"Centurion and Healer","floor":27,"turns":4},{"damage":12,"enemies":"Cultist and Chosen","floor":30,"turns":5},{"damage":3,"enemies":"Snecko","floor":31,"turns":5},{"damage":31,"enemies":"Automaton","floor":33,"turns":8},{"damage":0,"enemies":"3 Darklings","floor":35,"turns":1},{"damage":0,"enemies":"Orb Walker","floor":37,"turns":2},{"damage":16,"enemies":"4 Shapes","floor":38,"turns":4},{"damage":6,"enemies":"HollowMod:StalkingDevout","floor":41,"turns":5},{"damage":31,"enemies":"Jaw Worm Horde","floor":45,"turns":2},{"damage":0,"enemies":"Transient","floor":47,"turns":5},{"damage":0,"enemies":"Reptomancer","floor":48,"turns":5},{"damage":4,"enemies":"Donu and Deca","floor":50,"turns":5}],"seed_played":"-5032357458849773906","potions_obtained":[{"floor":1,"key":"SteroidPotion"},{"floor":7,"key":"blueLaboratory:BottleOfRum"},{"floor":11,"key":"blueLaboratory:FrostheartPotion"},{"floor":16,"key":"blueLaboratory:FruitPreserves"},{"floor":27,"key":"blueLaboratory:HorrorPotion"},{"floor":33,"key":"Fruit Juice"},{"floor":34,"key":"blueLaboratory:FruitPunch"}],"is_trial":false,"path_per_floor":["M","M","?","T","M","E","M","R","T","R","M","M","$","E","R","B",null,"M","?","M","M","AVR","E","$","R","T","M","?","?","M","M","R","B",null,"M","?","M","M","AVR","R","E","R","T","T","M","R","M","E","R","B",null],"character_chosen":"THE_SILENT","items_purchased":["Noxious Fumes","Footwork"],"campfire_rested":8,"item_purchase_floors":[13,24],"current_hp_per_floor":[70,70,56,56,56,32,14,35,42,65,58,49,49,49,72,55,77,65,65,62,44,44,38,38,61,61,40,40,24,14,13,36,7,82,82,61,63,49,49,73,73,82,82,82,55,79,82,82,82,82],"gold":366,"neow_bonus":"THREE_ENEMY_KILL","is_daily":false,"chose_seed":false,"campfire_upgraded":1,"win_rate":0.0,"timestamp":1608867469,"path_taken":["M","?","?","?","?","E","M","R","T","R","M","M","$","E","R","BOSS","M","?","M","M","AVR","E","$","R","T","M","?","?","M","M","R","BOSS","M","?","M","M","AVR","R","E","R","T","?","M","R","M","E","R","BOSS"],"items_purchased_type":["Card","Card"],"build_version":"2020-12-22","purchased_purges":4,"victory":true,"max_hp_per_floor":[70,70,70,70,70,70,70,70,77,77,77,77,77,77,77,77,77,77,77,77,77,77,77,77,77,77,77,77,77,77,77,77,77,82,82,82,82,82,82,82,82,82,82,82,82,82,82,82,82,82],"card_choices":[{"not_picked":["Dodge and Roll","Caltrops"],"picked":"Flying Knee","floor":1},{"not_picked":["Choke","Dash"],"picked":"Bouncing Flask","floor":2},{"not_picked":["Blade Dance","PiercingWail"],"picked":"Noxious Fumes","floor":5},{"not_picked":["Quick Slash","Eviscerate"],"picked":"Backstab","floor":6},{"not_picked":["Backflip","Flying Knee"],"picked":"Bane","floor":7},{"not_picked":["Dagger Spray","PiercingWail"],"picked":"Adrenaline","floor":11},{"not_picked":["Blade Dance","Dodge and Roll","Underhanded Strike"],"picked":"SKIP","floor":12},{"not_picked":["Blade Dance","Dodge and Roll","Underhanded Strike"],"picked":"SKIP","floor":12},{"not_picked":["Prepared","Expertise"],"picked":"Corpse Explosion","floor":14},{"not_picked":["Doppelganger","Phantasmal Killer"],"picked":"Glass Knife","floor":16},{"not_picked":["Outmaneuver","Reflex"],"picked":"Flechettes","floor":18},{"not_picked":["PiercingWail","Heel Hook"],"picked":"Deflect+1","floor":20},{"not_picked":["Dodge and Roll","Wraith Form v2","Dagger Spray"],"picked":"SKIP","floor":21},{"not_picked":["Flying Knee+1","Expertise"],"picked":"Corpse Explosion","floor":23},{"not_picked":["PiercingWail","Dagger Spray"],"picked":"Dodge and Roll","floor":27},{"not_picked":["Slice","Heel Hook"],"picked":"Deflect","floor":30},{"not_picked":["Tactician","PiercingWail"],"picked":"Poisoned Stab+1","floor":31},{"not_picked":["Tools of the Trade","Night Terror"],"picked":"After Image","floor":33},{"not_picked":["Reflex","Dash"],"picked":"Prepared","floor":34},{"not_picked":["Underhanded Strike","Heel Hook+1"],"picked":"Infinite Blades+1","floor":35},{"not_picked":["infinitespire:UltimateForm","infinitespire:SevenWalls"],"picked":"infinitespire:Fortify","floor":36},{"not_picked":["Bane+1","Leg Sweep"],"picked":"Poisoned Stab","floor":37},{"not_picked":["Underhanded Strike+1","Masterful Stab"],"picked":"Deflect+1","floor":38},{"not_picked":["Warcry","Anger","Whirlwind"],"picked":"Endless Agony+1","floor":41},{"not_picked":["Finisher+1","Metallicize+1","Armaments+1"],"picked":"Pummel+1","floor":45},{"not_picked":["Ghostly Armor+1","Entrench","Heavy Blade+1"],"picked":"Envenom","floor":47},{"not_picked":["Flex","Clash+1","Intimidate+1","Sucker Punch+1"],"picked":"SKIP","floor":48}],"player_experience":221943,"relics_obtained":[{"floor":4,"key":"Bottled Flame"},{"floor":6,"key":"HornCleat"},{"floor":9,"key":"Strawberry"},{"floor":14,"key":"infinitespire:Bottled Soul"},{"floor":23,"key":"aspiration:Lifesprig"},{"floor":26,"key":"Ornamental Fan"},{"floor":29,"key":"Enchiridion"},{"floor":41,"key":"Dream Catcher"},{"floor":43,"key":"Molten Egg 2"},{"floor":44,"key":"Juzu Bracelet"},{"floor":48,"key":"Snake Skull"}],"event_choices":[{"damage_healed":0,"gold_gain":0,"player_choice":"Entered Light","damage_taken":14,"max_hp_gain":0,"max_hp_loss":0,"event_name":"Shining Light","floor":3,"gold_loss":0,"cards_upgraded":["Strike_G","Defend_G"]},{"damage_healed":0,"gold_gain":0,"player_choice":"Obtained Relic","damage_taken":0,"relics_obtained":["Blood Vial"],"max_hp_gain":0,"max_hp_loss":0,"event_name":"Addict","floor":19,"gold_loss":85},{"cards_removed":["Defend_G"],"damage_healed":0,"gold_gain":0,"player_choice":"Gave Gold","damage_taken":0,"max_hp_gain":0,"max_hp_loss":0,"event_name":"Beggar","floor":28,"gold_loss":75},{"damage_healed":0,"gold_gain":0,"player_choice":"Obtained Book","damage_taken":16,"max_hp_gain":0,"max_hp_loss":0,"event_name":"Cursed Tome","floor":29,"gold_loss":0}],"is_beta":false,"boss_relics":[{"not_picked":["energizedSpire:HighHeels","aspiration:DefectSkillbook"],"picked":"Empty Cage"},{"not_picked":["energizedSpire:StickyHand","Runic Dome"],"picked":"Tiny House"}],"items_purged_floors":[13,22,24,39],"is_endless":false,"potions_floor_spawned":[1,7,11,16,20,27,33,38,41,48],"ascension_level":2}}