{"host":"36ls4ricihodphgx","time":1608889084,"event":{"mods":["AchievementEnabler","BaseMod","Colored Map","Downfall","Hermit","HololiveMod","Marisa????????","Minty Spire (QoL Compilation)","Replay The Spire","StSLib","The Animator","The Cursed","The Servant 0.9.4"],"gold_per_floor":[116,48,48,48,48,48,67,100,100,118,118,149,149,178,178,276,276,295,283,283,64,64,64,80,80,104,104,116,151,151,178,178,178,178],"floor_reached":33,"playtime":1000,"items_purged":["Delirium"],"score":304,"play_id":"5b9cacb2-8b1a-4a97-b769-7bd22879c070","local_time":"20201225023804","is_ascension_mode":false,"campfire_choices":[{"data":"Noxious Fumes","floor":6,"key":"SMITH"},{"floor":15,"key":"REST"},{"data":"Draining Mist","floor":23,"key":"SMITH"},{"data":"Poisoned Stab","floor":25,"key":"SMITH"},{"floor":32,"key":"REST"}],"circlet_count":0,"master_deck":["Strike_G","Strike_G","Strike_G","Defend_G","Defend_G","Defend_G","Survivor","Neutralize","Poisoned Stab+1","Noxious Fumes+1","Poisoned Stab","Draining Mist+1","Poisoned Stab+1","Fluid Movement","Dodge and Roll","Adrenaline","Flying Knee","Shame","Deflect","Flechettes","Noxious Fumes+1","Crippling Poison"],"relics":["Ring of the Snake","NeowsBlessing","ReplayTheSpireMod:Ring of Exchange","ReplayTheSpireMod:Ring of Challenge","Juzu Bracelet","MealTicket","Kunai","Letter Opener","ReplayFunnel","Busted Crown","Membership Card","Strawberry","Dream Catcher","Bag of Marbles","Replay:PocketPolymizer"],"acts_visited":["Exordium","TheCity"],"potions_floor_usage":[16,33],"damage_taken":[{"damage":0,"enemies":"Small Slimes","floor":1,"turns":1},{"damage":0,"enemies":"Cultist","floor":7,"turns":1},{"damage":0,"enemies":"3 Sentries","floor":8,"turns":2},{"damage":2,"enemies":"2 Louse","floor":10,"turns":4},{"damage":15,"enemies":"Replay:BlueRogue","floor":12,"turns":6},{"damage":24,"enemies":"Lagavulin","floor":14,"turns":6},{"damage":21,"enemies":"The Guardian","floor":16,"turns":8},{"damage":5,"enemies":"Chosen","floor":18,"turns":6},{"damage":26,"enemies":"2 Thieves","floor":19,"turns":4},{"damage":9,"enemies":"Cultist and Chosen","floor":24,"turns":7},{"damage":0,"enemies":"Snake Plant","floor":28,"turns":4},{"damage":23,"enemies":"Slavers","floor":29,"turns":6},{"damage":62,"enemies":"Champ","floor":33,"turns":8}],"seed_played":"-5752919911091589263","potions_obtained":[{"floor":7,"key":"AttackPotion"},{"floor":14,"key":"DuplicationPotion"},{"floor":16,"key":"Ancient Potion"},{"floor":29,"key":"Poison Potion"}],"is_trial":false,"path_per_floor":["M","$","?","?","$","R","M","E","T","M","?","E","?","E","R","B",null,"M","M","?","$","?","R","M","R","T","?","M","E","?","?","R","B"],"character_chosen":"THE_SILENT","items_purchased":["Noxious Fumes","Membership Card"],"campfire_rested":2,"item_purchase_floors":[2,21],"current_hp_per_floor":[70,70,70,70,70,70,70,70,70,68,68,53,53,29,50,29,70,65,39,39,54,61,61,52,52,52,52,52,29,29,29,52,0,0],"gold":178,"neow_bonus":"THREE_ENEMY_KILL","is_daily":false,"chose_seed":false,"campfire_upgraded":3,"win_rate":0.0,"timestamp":1608889084,"path_taken":["M","$","?","?","$","R","M","E","T","M","?","E","?","E","R","BOSS","M","M","?","$","?","R","M","R","T","?","M","E","?","?","R","BOSS"],"items_purchased_type":["Card","Relic"],"build_version":"2020-12-22","purchased_purges":1,"victory":false,"max_hp_per_floor":[70,70,70,70,70,70,70,70,70,70,70,70,70,70,70,70,70,70,70,70,70,77,77,77,77,77,77,77,77,77,77,77,77,77],"card_choices":[{"not_picked":["Outmaneuver","Blur"],"picked":"Poisoned Stab","floor":1},{"not_picked":["Crippling Poison","Prepared"],"picked":"Poisoned Stab","floor":7},{"not_picked":["Backflip","ReplayTheSpireMod:The Works"],"picked":"Deadly Poison","floor":8},{"not_picked":["Hidden Blade","Choke"],"picked":"Draining Mist","floor":10},{"not_picked":["Backstab","Slice"],"picked":"Fluid Movement","floor":12},{"not_picked":["Flying Knee","All Out Attack"],"picked":"Dodge and Roll","floor":14},{"not_picked":["Tools of the Trade","Phantasmal Killer"],"picked":"Adrenaline","floor":16},{"not_picked":["Endless Agony+1"],"picked":"SKIP","floor":18},{"not_picked":["Underhanded Strike+1"],"picked":"SKIP","floor":19},{"not_picked":["Dash"],"picked":"SKIP","floor":24},{"not_picked":["Dodge and Roll"],"picked":"SKIP","floor":28},{"not_picked":["Caltrops"],"picked":"SKIP","floor":29}],"player_experience":19909,"relics_obtained":[{"floor":3,"key":"ReplayTheSpireMod:Ring of Exchange"},{"floor":3,"key":"ReplayTheSpireMod:Ring of Challenge"},{"floor":8,"key":"Juzu Bracelet"},{"floor":9,"key":"MealTicket"},{"floor":12,"key":"Kunai"},{"floor":14,"key":"ReplayFunnel"},{"floor":26,"key":"Dream Catcher"},{"floor":29,"key":"Bag of Marbles"},{"floor":31,"key":"Replay:PocketPolymizer"}],"event_choices":[{"damage_healed":0,"gold_gain":0,"player_choice":"0 cards matched","damage_taken":0,"max_hp_gain":0,"max_hp_loss":0,"event_name":"Match and Keep!","floor":4,"gold_loss":0,"cards_obtained":[]},{"damage_healed":0,"gold_gain":0,"player_choice":"Gave Potion","damage_taken":0,"relics_obtained":["Letter Opener"],"max_hp_gain":0,"max_hp_loss":0,"event_name":"WeMeetAgain","floor":13,"gold_loss":0},{"damage_healed":0,"gold_gain":0,"cards_transformed":["Strike_G"],"player_choice":"Transformed","damage_taken":0,"max_hp_gain":0,"max_hp_loss":0,"event_name":"Transmorgrifier","floor":20,"gold_loss":0,"cards_obtained":["Flying Knee"]},{"damage_healed":0,"gold_gain":0,"player_choice":"Stole Relic","damage_taken":0,"relics_obtained":["Strawberry"],"max_hp_gain":0,"max_hp_loss":0,"event_name":"Addict","floor":22,"gold_loss":0,"cards_obtained":["Shame"]},{"damage_healed":0,"gold_gain":0,"cards_transformed":["Defend_G","Strike_G"],"player_choice":"Became Test Subject","damage_taken":0,"max_hp_gain":0,"max_hp_loss":0,"event_name":"Drug Dealer","floor":27,"gold_loss":0,"cards_obtained":["Deflect","Flechettes"]},{"damage_healed":0,"gold_gain":0,"player_choice":"Copied","damage_taken":0,"max_hp_gain":0,"max_hp_loss":0,"event_name":"Duplicator","floor":30,"gold_loss":0,"cards_obtained":["Noxious Fumes"]}],"is_beta":false,"boss_relics":[{"not_picked":["Velvet Choker","Coffee Dripper"],"picked":"Busted Crown"}],"items_purged_floors":[21],"is_endless":false,"potions_floor_spawned":[7,14,16,24,29],"killed_by":"Champ","ascension_level":0}}