{"host":"tzyzz5n7hg2ni9q2","time":1608887578,"event":{"mods":["BaseMod","Minty Spire (QoL Compilation)","Quick Restart"],"gold_per_floor":[114,31,206,206,226,226,260,210,210,241,241,262,285,305,305,433,433,453,453,471,471,483,495,542,574,586,598,598],"floor_reached":27,"playtime":713,"items_purged":[],"score":306,"play_id":"befbdaa8-a6e2-41bd-8de7-83b73a4f24b2","local_time":"20201225101258","is_ascension_mode":true,"campfire_choices":[{"data":"Rampage","floor":6.0,"key":"SMITH"},{"data":"Uppercut","floor":15.0,"key":"SMITH"},{"data":"True Grit","floor":23,"key":"SMITH"}],"circlet_count":0,"master_deck":["Strike_R","Strike_R+1","Strike_R","Strike_R","Defend_R","Defend_R+1","Defend_R","Defend_R","Bash","Rampage+1","Flash of Steel","Carnage","Uppercut+1","True Grit+1","Disarm","Double Tap","Shockwave","Shrug It Off","Shrug It Off"],"relics":["Burning Blood","NeowsBlessing","Blood Vial","Self Forming Clay","Bronze Scales","Golden Idol","Mark of Pain","MawBank","Bag of Marbles","Orichalcum"],"acts_visited":["Exordium","TheCity"],"potions_floor_usage":[24,24,25],"damage_taken":[{"damage":0.0,"enemies":"Jaw Worm","floor":1.0,"turns":1.0},{"damage":0.0,"enemies":"Small Slimes","floor":5.0,"turns":1.0},{"damage":0.0,"enemies":"Lagavulin","floor":7.0,"turns":1.0},{"damage":8.0,"enemies":"Gremlin Nob","floor":10.0,"turns":3.0},{"damage":2.0,"enemies":"2 Louse","floor":12.0,"turns":2.0},{"damage":0.0,"enemies":"Large Slime","floor":13.0,"turns":5.0},{"damage":7.0,"enemies":"Red Slaver","floor":14.0,"turns":2.0},{"damage":27.0,"enemies":"Hexaghost","floor":16.0,"turns":7.0},{"damage":18,"enemies":"2 Thieves","floor":18,"turns":3},{"damage":3,"enemies":"Shell Parasite","floor":20,"turns":5},{"damage":78,"enemies":"Gremlin Leader","floor":24,"turns":11},{"damage":15,"enemies":"Shelled Parasite and Fungi","floor":25,"turns":5},{"damage":0,"enemies":"Centurion and Healer","floor":27,"turns":2}],"seed_played":"-43471837768767279","potions_obtained":[{"floor":5.0,"key":"BlessingOfTheForge"},{"floor":10.0,"key":"Fire Potion"},{"floor":13.0,"key":"HeartOfIron"},{"floor":16.0,"key":"Regen Potion"}],"is_trial":false,"path_per_floor":["M","$","?","?","M","R","E","?","T","E","?","M","M","M","R","B",null,"M","?","M","?","?","R","E","M","T","M"],"character_chosen":"IRONCLAD","items_purchased":["Flash of Steel"],"campfire_rested":0,"item_purchase_floors":[2],"current_hp_per_floor":[80,80,80,64,70,70,76,76,76,76,56,62,70,71,71,52,80,68,68,73,73,73,73,15,8,8,10,10],"gold":598,"neow_bonus":"THREE_ENEMY_KILL","is_daily":false,"chose_seed":false,"campfire_upgraded":3,"win_rate":0.0,"timestamp":1608887578,"path_taken":["M","$","?","?","M","R","E","?","T","E","?","M","M","M","R","BOSS","M","?","?","?","?","R","E","M","T","M"],"items_purchased_type":["Card"],"build_version":"2020-12-22","purchased_purges":0,"victory":false,"max_hp_per_floor":[80,80,80,80,80,80,80,80,80,80,80,80,80,80,80,80,80,80,80,80,80,80,80,80,80,80,80,80],"card_choices":[{"not_picked":["Shrug It Off","Headbutt"],"picked":"Rampage","floor":1.0},{"not_picked":["Warcry","Havoc"],"picked":"Carnage","floor":5.0},{"not_picked":["Offering","Havoc","Headbutt"],"picked":"SKIP","floor":7.0},{"not_picked":["Rupture","Flex"],"picked":"Uppercut","floor":10.0},{"not_picked":["Intimidate","Spot Weakness"],"picked":"True Grit","floor":12.0},{"not_picked":["Perfected Strike","Iron Wave","Metallicize"],"picked":"SKIP","floor":13.0},{"not_picked":["Ghostly Armor","Pommel Strike"],"picked":"Disarm","floor":14.0},{"not_picked":["Barricade","Brutality"],"picked":"Double Tap","floor":16.0},{"not_picked":["Uppercut+1","Combust","Armaments"],"picked":"SKIP","floor":18},{"not_picked":["Thunderclap","Burning Pact","Havoc"],"picked":"SKIP","floor":20},{"not_picked":["Fiend Fire","Havoc"],"picked":"Shrug It Off","floor":24},{"not_picked":["Reckless Charge","Pommel Strike"],"picked":"Shrug It Off","floor":25}],"player_experience":184580,"relics_obtained":[{"floor":7.0,"key":"Blood Vial"},{"floor":9.0,"key":"Self Forming Clay"},{"floor":10.0,"key":"Bronze Scales"},{"floor":24,"key":"Bag of Marbles"},{"floor":26,"key":"Orichalcum"}],"event_choices":[{"damage_healed":0.0,"max_hp_gain":0.0,"max_hp_loss":0.0,"gold_gain":175.0,"event_name":"Liars Game","player_choice":"AGREE","floor":3.0,"gold_loss":0.0,"damage_taken":0.0,"cards_obtained":["Doubt"]},{"damage_healed":0.0,"max_hp_gain":0.0,"max_hp_loss":0.0,"gold_gain":0.0,"event_name":"Shining Light","player_choice":"Entered Light","floor":4.0,"gold_loss":0.0,"damage_taken":16.0,"cards_upgraded":["Defend_R","Strike_R"]},{"cards_removed":["Doubt"],"damage_healed":0.0,"max_hp_gain":0.0,"max_hp_loss":0.0,"gold_gain":0.0,"event_name":"The Cleric","player_choice":"Card Removal","floor":8.0,"gold_loss":50.0,"damage_taken":0.0},{"damage_healed":0.0,"max_hp_gain":0.0,"max_hp_loss":0.0,"gold_gain":0.0,"event_name":"Golden Idol","player_choice":"Take Damage","floor":11.0,"gold_loss":0.0,"damage_taken":20.0,"relics_obtained":["Golden Idol"]},{"damage_healed":0,"gold_gain":0,"cards_transformed":["Strike_R"],"player_choice":"Transformed","damage_taken":0,"max_hp_gain":0,"max_hp_loss":0,"event_name":"Transmorgrifier","floor":19,"gold_loss":0,"cards_obtained":["Shockwave"]},{"damage_healed":0,"gold_gain":0,"player_choice":"Opened","damage_taken":0,"relics_obtained":["MawBank"],"max_hp_gain":0,"max_hp_loss":0,"event_name":"The Mausoleum","floor":21,"gold_loss":0},{"damage_healed":0,"gold_gain":0,"player_choice":"Ignored","damage_taken":0,"max_hp_gain":0,"max_hp_loss":0,"event_name":"Ghosts","floor":22,"gold_loss":0}],"is_beta":false,"boss_relics":[{"not_picked":["Philosopher\u0027s Stone","Black Star"],"picked":"Mark of Pain"}],"items_purged_floors":[],"is_endless":false,"potions_floor_spawned":[5,10,13,16,20],"killed_by":"Centurion and Healer","ascension_level":3}}