{"host":"pg2biz4zy3df4ctj","time":1608858745,"event":{"mods":["BaseMod","Minty Spire (QoL Compilation)","Quick Restart","Random Character Button"],"gold_per_floor":[111,111,111,122,142,142,12,12,59,86,86,86,118,134,134,237,237,255,265,265,279,295,295,330,330,330,342,360,360,360],"floor_reached":29,"playtime":715,"items_purged":[],"score":395,"play_id":"3e17ec00-3a03-423f-83cd-b197afd99d40","local_time":"20201224171225","is_ascension_mode":true,"campfire_choices":[{"floor":6,"key":"RECALL"},{"data":"Fiend Fire","floor":8,"key":"SMITH"},{"data":"Clothesline","floor":11,"key":"SMITH"},{"data":"Sword Boomerang","floor":15,"key":"SMITH"},{"data":"Double Tap","floor":23,"key":"SMITH"},{"floor":25,"key":"REST"}],"circlet_count":0,"master_deck":["AscendersBane","Strike_R","Strike_R","Strike_R","Defend_R+1","Defend_R+1","Defend_R","Defend_R","Bash+1","Pummel","Sword Boomerang+1","Clothesline+1","Fiend Fire+1","Shrug It Off","Double Tap+1","Shrug It Off","Whirlwind+1","Inflame+1","Dropkick"],"relics":["Burning Blood","NeowsBlessing","Vajra","Singing Bowl","Smiling Mask","Runic Dome","War Paint","Thread and Needle"],"acts_visited":["Exordium","TheCity"],"potions_floor_usage":[10,16,29],"damage_taken":[{"damage":0,"enemies":"2 Louse","floor":1,"turns":1},{"damage":0,"enemies":"Small Slimes","floor":4,"turns":1},{"damage":0,"enemies":"Cultist","floor":5,"turns":1},{"damage":20,"enemies":"Lagavulin","floor":10,"turns":5},{"damage":6,"enemies":"Gremlin Nob","floor":13,"turns":3},{"damage":1,"enemies":"Looter","floor":14,"turns":2},{"damage":65,"enemies":"Hexaghost","floor":16,"turns":9},{"damage":14,"enemies":"Shell Parasite","floor":18,"turns":4},{"damage":1,"enemies":"Spheric Guardian","floor":19,"turns":3},{"damage":13,"enemies":"Snecko","floor":21,"turns":4},{"damage":18,"enemies":"Snake Plant","floor":22,"turns":2},{"damage":41,"enemies":"Book of Stabbing","floor":24,"turns":5},{"damage":19,"enemies":"Sentry and Sphere","floor":27,"turns":7},{"damage":1,"enemies":"Snecko","floor":28,"turns":4},{"damage":40,"enemies":"Slavers","floor":29,"turns":3}],"seed_played":"-1252593746266538009","potions_obtained":[{"floor":1,"key":"HeartOfIron"},{"floor":4,"key":"LiquidBronze"},{"floor":10,"key":"ColorlessPotion"},{"floor":19,"key":"Ancient Potion"},{"floor":22,"key":"BlessingOfTheForge"}],"is_trial":false,"path_per_floor":["M","?","?","M","M","R","$","R","T","E","R","?","E","M","R","B",null,"M","M","?","M","M","R","E","R","T","M","M","E"],"character_chosen":"IRONCLAD","items_purchased":["Fiend Fire","Shrug It Off"],"campfire_rested":1,"item_purchase_floors":[7,7],"current_hp_per_floor":[78,78,78,80,80,80,80,80,80,68,68,61,63,70,70,11,67,61,68,68,61,51,51,18,46,46,33,38,0,0],"gold":360,"neow_bonus":"THREE_ENEMY_KILL","is_daily":false,"chose_seed":false,"campfire_upgraded":4,"win_rate":0.0,"timestamp":1608858745,"path_taken":["M","?","?","?","M","R","$","R","T","E","R","?","E","M","R","BOSS","M","M","?","?","?","R","E","R","T","M","M","E"],"items_purchased_type":["Card","Card"],"build_version":"2020-12-22","purchased_purges":0,"victory":false,"max_hp_per_floor":[80,80,80,80,80,80,80,80,80,82,82,82,84,86,86,86,86,88,90,90,90,92,92,94,94,94,94,94,94,94],"card_choices":[{"not_picked":["Headbutt","Searing Blow"],"picked":"Pummel","floor":1},{"not_picked":["Infernal Blade","Perfected Strike"],"picked":"Clothesline","floor":4},{"not_picked":["Fire Breathing","Combust","Twin Strike"],"picked":"SKIP","floor":5},{"not_picked":["Headbutt","Evolve","Twin Strike"],"picked":"Singing Bowl","floor":10},{"not_picked":["Evolve","Havoc","Wild Strike"],"picked":"Singing Bowl","floor":13},{"not_picked":["Sword Boomerang","Anger","Sever Soul"],"picked":"Singing Bowl","floor":14},{"not_picked":["Immolate","Bludgeon"],"picked":"Double Tap","floor":16},{"not_picked":["Rampage+1","Clash+1","Twin Strike"],"picked":"Singing Bowl","floor":18},{"not_picked":["Body Slam","Wild Strike","Sever Soul+1"],"picked":"Singing Bowl","floor":19},{"not_picked":["Ghostly Armor","Impervious"],"picked":"Whirlwind+1","floor":21},{"not_picked":["Thunderclap","Sword Boomerang","Intimidate"],"picked":"Singing Bowl","floor":22},{"not_picked":["Infernal Blade","Warcry","Bloodletting"],"picked":"Singing Bowl","floor":24},{"not_picked":["Pommel Strike","Rampage"],"picked":"Inflame+1","floor":27},{"not_picked":["Body Slam","Rupture"],"picked":"Dropkick","floor":28}],"player_experience":565899,"relics_obtained":[{"floor":9,"key":"Vajra"},{"floor":10,"key":"Singing Bowl"},{"floor":13,"key":"Smiling Mask"},{"floor":24,"key":"War Paint"},{"floor":26,"key":"Thread and Needle"}],"event_choices":[{"damage_healed":0,"gold_gain":0,"player_choice":"Grow","damage_taken":0,"max_hp_gain":0,"max_hp_loss":0,"event_name":"Living Wall","floor":2,"gold_loss":0,"cards_upgraded":["Bash"]},{"damage_healed":0,"gold_gain":0,"cards_transformed":["Strike_R"],"player_choice":"Transformed","damage_taken":0,"max_hp_gain":0,"max_hp_loss":0,"event_name":"Transmorgrifier","floor":3,"gold_loss":0,"cards_obtained":["Sword Boomerang"]},{"cards_removed":["Strike_R"],"damage_healed":0,"gold_gain":0,"player_choice":"Card Removal","damage_taken":7,"max_hp_gain":0,"max_hp_loss":0,"event_name":"Golden Wing","floor":12,"gold_loss":0},{"damage_healed":0,"gold_gain":0,"player_choice":"Copied","damage_taken":0,"max_hp_gain":0,"max_hp_loss":0,"event_name":"Duplicator","floor":20,"gold_loss":0,"cards_obtained":["Shrug It Off"]}],"is_beta":false,"boss_relics":[{"not_picked":["Coffee Dripper","SacredBark"],"picked":"Runic Dome"}],"items_purged_floors":[],"is_endless":false,"potions_floor_spawned":[1,4,10,19,22,24],"killed_by":"Slavers","ascension_level":11}}