{"host":"p6s16n2sj7zvsuor","time":1608903578,"event":{"mods":["BaseMod","Minty Spire (QoL Compilation)"],"gold_per_floor":[115,126,137,152,51,51,1,59,59,75,75,94,94,119,119,220,220,230,230,59,59,59],"floor_reached":21,"playtime":1141,"items_purged":["Strike_G","Strike_G"],"score":224,"play_id":"87beef20-39d6-46e0-ba3e-7413ee7bb838","local_time":"20201225153938","is_ascension_mode":true,"campfire_choices":[{"data":"Envenom","floor":6,"key":"SMITH"},{"floor":11,"key":"REST"},{"data":"Setup","floor":13,"key":"SMITH"},{"data":"Blur","floor":15,"key":"SMITH"}],"circlet_count":0,"master_deck":["Strike_G","Defend_G","Defend_G","Defend_G","Defend_G","Defend_G","Survivor","Neutralize","Envenom+1","Blur+1","Backflip","Endless Agony","Poisoned Stab","Poisoned Stab","Setup+1","Dagger Spray","Dagger Spray","Bane","Night Terror","Acrobatics","Infinite Blades"],"relics":["Ring of the Snake","Letter Opener","Nunchaku","Blood Vial","Sozu"],"acts_visited":["Exordium","TheCity"],"potions_floor_usage":[14],"damage_taken":[{"damage":7,"enemies":"Jaw Worm","floor":1,"turns":5},{"damage":7,"enemies":"Small Slimes","floor":2,"turns":5},{"damage":6,"enemies":"2 Louse","floor":3,"turns":4},{"damage":16,"enemies":"2 Fungi Beasts","floor":4,"turns":4},{"damage":16,"enemies":"3 Sentries","floor":8,"turns":10},{"damage":0,"enemies":"Blue Slaver","floor":10,"turns":5},{"damage":0,"enemies":"Exordium Wildlife","floor":12,"turns":2},{"damage":2,"enemies":"3 Sentries","floor":14,"turns":4},{"damage":8,"enemies":"Hexaghost","floor":16,"turns":10},{"damage":28,"enemies":"Spheric Guardian","floor":18,"turns":5},{"damage":47,"enemies":"Masked Bandits","floor":21,"turns":3}],"seed_played":"-7792210912045907734","potions_obtained":[{"floor":1,"key":"AttackPotion"},{"floor":3,"key":"Ancient Potion"},{"floor":10,"key":"BlessingOfTheForge"},{"floor":14,"key":"BlessingOfTheForge"},{"floor":16,"key":"Regen Potion"}],"is_trial":false,"path_per_floor":["M","M","M","M","$","R","?","?","T","M","R","M","R","E","R","B",null,"M","?","$","?"],"character_chosen":"THE_SILENT","items_purchased":["Poisoned Stab","Infinite Blades"],"campfire_rested":1,"item_purchase_floors":[5,20],"current_hp_per_floor":[56,49,43,27,27,27,27,11,11,11,29,29,29,27,27,21,53,27,27,27,0,0],"gold":59,"neow_bonus":"THREE_RARE_CARDS","is_daily":false,"chose_seed":false,"campfire_upgraded":3,"win_rate":0.0,"timestamp":1608903578,"path_taken":["M","M","M","M","$","R","?","?","T","M","R","?","R","E","R","BOSS","M","?","$","?"],"items_purchased_type":["Card","Card"],"build_version":"2020-12-22","purchased_purges":2,"victory":false,"max_hp_per_floor":[63,63,63,63,63,63,63,63,63,63,63,63,63,63,63,63,63,63,63,63,63,63],"card_choices":[{"not_picked":["Unload","Night Terror"],"picked":"Envenom","floor":0},{"not_picked":["Leg Sweep","Masterful Stab"],"picked":"Blur","floor":1},{"not_picked":["Underhanded Strike","Expertise"],"picked":"Backflip","floor":2},{"not_picked":["Dagger Throw","Well Laid Plans"],"picked":"Endless Agony","floor":3},{"not_picked":["PiercingWail","Deadly Poison"],"picked":"Poisoned Stab","floor":4},{"not_picked":["Quick Slash","PiercingWail"],"picked":"Setup","floor":8},{"not_picked":["Expertise","Distraction"],"picked":"Dagger Spray","floor":10},{"not_picked":["Venomology","PiercingWail"],"picked":"Dagger Spray","floor":12},{"not_picked":["Acrobatics","Grand Finale"],"picked":"Bane","floor":14},{"not_picked":["Grand Finale","Burst"],"picked":"Night Terror","floor":16},{"not_picked":["PiercingWail","Flying Knee"],"picked":"Acrobatics","floor":18}],"player_experience":763351,"relics_obtained":[{"floor":8,"key":"Letter Opener"},{"floor":9,"key":"Nunchaku"},{"floor":14,"key":"Blood Vial"}],"event_choices":[{"cards_removed":["Strike_G"],"damage_healed":0,"gold_gain":0,"player_choice":"Card Removal","damage_taken":0,"max_hp_gain":0,"max_hp_loss":0,"event_name":"The Cleric","floor":7,"gold_loss":50},{"damage_healed":0,"gold_gain":0,"player_choice":"Searched \u00271\u0027 times","damage_taken":0,"max_hp_gain":0,"max_hp_loss":0,"event_name":"Dead Adventurer","floor":8,"gold_loss":0},{"cards_removed":["Strike_G"],"damage_healed":0,"gold_gain":0,"player_choice":"Elegance","damage_taken":0,"max_hp_gain":0,"max_hp_loss":0,"event_name":"Back to Basics","floor":19,"gold_loss":0},{"damage_healed":0,"gold_gain":0,"player_choice":"Fought Bandits","damage_taken":0,"max_hp_gain":0,"max_hp_loss":0,"event_name":"Masked Bandits","floor":21,"gold_loss":0}],"is_beta":false,"boss_relics":[{"not_picked":["Velvet Choker","SlaversCollar"],"picked":"Sozu"}],"items_purged_floors":[5,20],"is_endless":false,"potions_floor_spawned":[1,3,10,12,14,16],"killed_by":"Masked Bandits","ascension_level":5}}