{"host":"utqe55yv0jihe4d6","time":1608917778,"event":{"mods":["2.2 Compatiblity","AchievementEnabler","BaseMod","Block Reminder","Colored Map","Colored Powertips","Minty Spire (QoL Compilation)","Quick Restart","Rare Cards Sparkle","Relic Stats","SuperFastMode"],"gold_per_floor":[109,109,109,21,96,129,129,160,160,160,194,212,8,34,34,109,109,119,136,136,21,32,32,64,64,64,64,79,79,79,107,107,186,186,204,204,214,233,5,36,36,36,63,74,125,155,1,33,33,33,33,33,33,33,65,65,65],"floor_reached":56,"playtime":2502,"items_purged":["Strike_R","Strike_R","Strike_R","Defend_R"],"score":2140,"play_id":"5c70d1d0-bf11-42cb-af95-41c0ee0acbbf","local_time":"20201225123618","is_ascension_mode":true,"campfire_choices":[{"data":"Bash","floor":7.0,"key":"SMITH"},{"data":"Spot Weakness","floor":10.0,"key":"SMITH"},{"data":"Immolate","floor":15.0,"key":"SMITH"},{"data":"Disarm","floor":23.0,"key":"SMITH"},{"data":"Evolve","floor":25.0,"key":"SMITH"},{"data":"Fire Breathing","floor":30.0,"key":"SMITH"},{"data":"Inflame","floor":32.0,"key":"SMITH"},{"data":"Apotheosis","floor":41.0,"key":"SMITH"},{"floor":49,"key":"RECALL"},{"data":"Battle Trance","floor":53,"key":"SMITH"}],"circlet_count":0,"master_deck":["AscendersBane","Defend_R","Defend_R","Defend_R","Bash+1","Blood for Blood+1","Carnage","Spot Weakness+1","Evolve+1","Immolate+1","Wild Strike","Impervious","Shrug It Off","Disarm+1","Juggernaut","Iron Wave","Inflame+1","Battle Trance+1","Shockwave+1","Fire Breathing+1","RitualDagger+1","Armaments+1","Reaper+1","Trip","Apotheosis+1","Metallicize","True Grit","True Grit","Dual Wield","Impervious"],"relics":["Burning Blood","NeowsBlessing","HornCleat","Regal Pillow","FossilizedHelix","Gremlin Horn","Membership Card","Blood Vial","Coffee Dripper","Vajra","Molten Egg 2","MealTicket","Runic Pyramid","Akabeko","DollysMirror","Frozen Egg 2","StoneCalendar","Thread and Needle","OrangePellets","Bottled Lightning","Red Skull"],"acts_visited":["Exordium","TheCity","TheBeyond","TheEnding"],"potions_floor_usage":[46,55,56],"damage_taken":[{"damage":0.0,"enemies":"Small Slimes","floor":1.0,"turns":1.0},{"damage":0.0,"enemies":"Lagavulin","floor":6.0,"turns":1.0},{"damage":0.0,"enemies":"Gremlin Nob","floor":8.0,"turns":1.0},{"damage":11.0,"enemies":"3 Sentries","floor":11.0,"turns":6.0},{"damage":0.0,"enemies":"2 Louse","floor":12.0,"turns":2.0},{"damage":0.0,"enemies":"Lagavulin","floor":14.0,"turns":5.0},{"damage":34.0,"enemies":"Hexaghost","floor":16.0,"turns":6.0},{"damage":0.0,"enemies":"Chosen","floor":18.0,"turns":3.0},{"damage":0.0,"enemies":"Shell Parasite","floor":19.0,"turns":3.0},{"damage":0.0,"enemies":"Cultist and Chosen","floor":22.0,"turns":5.0},{"damage":0.0,"enemies":"Gremlin Leader","floor":24.0,"turns":4.0},{"damage":0.0,"enemies":"Snecko","floor":28.0,"turns":4.0},{"damage":21.0,"enemies":"Slavers","floor":31.0,"turns":3.0},{"damage":48.0,"enemies":"Collector","floor":33.0,"turns":9.0},{"damage":0.0,"enemies":"Orb Walker","floor":35.0,"turns":4.0},{"damage":0.0,"enemies":"3 Shapes","floor":37.0,"turns":6.0},{"damage":23.0,"enemies":"Spire Growth","floor":38.0,"turns":7.0},{"damage":9.0,"enemies":"Nemesis","floor":40.0,"turns":9.0},{"damage":10.0,"enemies":"Writhing Mass","floor":44.0,"turns":7.0},{"damage":0.0,"enemies":"2 Orb Walkers","floor":45.0,"turns":3.0},{"damage":25,"enemies":"Reptomancer","floor":46,"turns":8},{"damage":32,"enemies":"Nemesis","floor":48,"turns":5},{"damage":18,"enemies":"Time Eater","floor":50,"turns":9},{"damage":73,"enemies":"Awakened One","floor":51,"turns":12},{"damage":74,"enemies":"Shield and Spear","floor":55,"turns":9},{"damage":29,"enemies":"The Heart","floor":56,"turns":6}],"seed_played":"-7475750094626201256","potions_obtained":[{"floor":1.0,"key":"Ancient Potion"},{"floor":6.0,"key":"Strength Potion"},{"floor":14.0,"key":"FearPotion"},{"floor":24.0,"key":"ColorlessPotion"},{"floor":31.0,"key":"BlessingOfTheForge"},{"floor":33.0,"key":"DuplicationPotion"},{"floor":48,"key":"AttackPotion"}],"is_trial":false,"path_per_floor":["M","?","?","$","?","E","R","E","T","R","E","M","$","E","R","B",null,"M","M","?","$","M","R","E","R","T","?","M","?","R","E","R","B",null,"M","?","M","M","$","E","R","?","T","M","?","E","$","E","R","B","B",null,"R","$","E","B"],"character_chosen":"IRONCLAD","items_purchased":["Carnage","Membership Card","Inflame","Fire Potion","Akabeko","DollysMirror","OrangePellets"],"campfire_rested":0,"item_purchase_floors":[4,13,21,21,39,39,47],"current_hp_per_floor":[74,74,79,79,68,74,74,80,80,80,75,80,80,80,80,52,73,80,80,80,80,80,80,80,80,80,80,80,74,74,61,61,21,65,73,63,71,56,71,77,77,77,77,75,80,80,80,67,67,72,73,78,78,80,27,0,0],"gold":65,"neow_bonus":"THREE_ENEMY_KILL","is_daily":false,"chose_seed":false,"campfire_upgraded":9,"win_rate":0.0,"timestamp":1608917778,"path_taken":["M","?","?","$","?","E","R","E","T","R","E","M","?","E","R","BOSS","M","?","?","$","M","R","E","R","T","?","M","?","R","E","R","BOSS","M","?","M","M","$","E","R","?","T","?","?","E","$","E","R","BOSS","BOSS","R","$","E","BOSS"],"items_purchased_type":["Card","Relic","Card","Potion","Relic","Relic","Relic"],"build_version":"2020-12-22","purchased_purges":4,"victory":false,"max_hp_per_floor":[75,75,80,80,80,80,80,80,80,80,80,80,80,80,80,80,80,80,80,80,80,80,80,80,80,80,80,80,80,80,80,80,80,80,80,80,80,80,80,80,80,80,80,80,80,80,80,80,80,80,80,80,80,80,80,80,80],"relic_stats":{"Blood Vial":24,"OrangePellets":[5],"Regal Pillow":0,"Gremlin Horn":[23,28],"counters":[26,138],"MealTicket":17,"StoneCalendar":[156],"obtain_stats":[{"Regal Pillow":8,"NeowsBlessing":0,"Gremlin Horn":11,"Vajra":24,"StoneCalendar":45,"Thread and Needle":46,"Frozen Egg 2":40,"Burning Blood":0,"Akabeko":39,"Blood Vial":14,"OrangePellets":47,"HornCleat":6,"DollysMirror":39,"Molten Egg 2":26,"MealTicket":31,"Coffee Dripper":17,"Membership Card":13,"Bottled Lightning":48,"FossilizedHelix":9,"Red Skull":55,"Runic Pyramid":34},{"Regal Pillow":3,"NeowsBlessing":0,"Gremlin Horn":4,"Vajra":11,"StoneCalendar":20,"Thread and Needle":21,"Frozen Egg 2":18,"Burning Blood":0,"Akabeko":17,"Blood Vial":6,"OrangePellets":21,"HornCleat":2,"DollysMirror":17,"Molten Egg 2":11,"MealTicket":13,"Coffee Dripper":7,"Membership Card":5,"Bottled Lightning":22,"FossilizedHelix":3,"Red Skull":25,"Runic Pyramid":14},{"Regal Pillow":3,"NeowsBlessing":0,"Gremlin Horn":9,"Vajra":37,"StoneCalendar":89,"Thread and Needle":97,"Frozen Egg 2":79,"Burning Blood":0,"Akabeko":70,"Blood Vial":16,"OrangePellets":97,"HornCleat":2,"DollysMirror":70,"Molten Egg 2":37,"MealTicket":44,"Coffee Dripper":22,"Membership Card":11,"Bottled Lightning":102,"FossilizedHelix":3,"Red Skull":132,"Runic Pyramid":53}],"Burning Blood":106},"card_choices":[{"not_picked":["Seeing Red","Twin Strike"],"picked":"Blood for Blood","floor":1.0},{"not_picked":["Dark Embrace","Iron Wave"],"picked":"Spot Weakness","floor":6.0},{"not_picked":["Flex","Clothesline"],"picked":"Evolve","floor":8.0},{"not_picked":["True Grit","Iron Wave"],"picked":"Immolate","floor":11.0},{"not_picked":["Rupture","Reckless Charge","Heavy Blade"],"picked":"SKIP","floor":12.0},{"not_picked":["Anger","Twin Strike"],"picked":"Wild Strike","floor":14.0},{"not_picked":["Berserk","Double Tap"],"picked":"Impervious","floor":16.0},{"not_picked":["Hemokinesis","Entrench"],"picked":"Shrug It Off","floor":18.0},{"not_picked":["Sever Soul","Armaments"],"picked":"Disarm","floor":19.0},{"not_picked":["Warcry","Flex"],"picked":"Battle Trance","floor":22.0},{"not_picked":["Pummel","Rupture"],"picked":"Shockwave+1","floor":24.0},{"not_picked":["Hemokinesis+1","Infernal Blade"],"picked":"Fire Breathing","floor":28.0},{"not_picked":["Dual Wield","Cleave+1"],"picked":"Armaments+1","floor":31.0},{"not_picked":["Offering","Limit Break"],"picked":"Reaper+1","floor":33.0},{"not_picked":["Body Slam+1","Heavy Blade+1","Wild Strike+1"],"picked":"SKIP","floor":35.0},{"not_picked":["Bandage Up","Secret Weapon"],"picked":"Trip","floor":36.0},{"not_picked":["Chrysalis","Deep Breath"],"picked":"Apotheosis","floor":36.0},{"not_picked":["Armaments","Perfected Strike+1"],"picked":"Metallicize","floor":37.0},{"not_picked":["Wild Strike+1","Iron Wave+1"],"picked":"True Grit","floor":38.0},{"not_picked":["Evolve+1","Wild Strike+1"],"picked":"Dual Wield","floor":40.0},{"not_picked":["Sword Boomerang+1","Warcry","True Grit"],"picked":"SKIP","floor":44.0},{"not_picked":["Anger+1","Dual Wield","Thunderclap+1"],"picked":"SKIP","floor":46},{"not_picked":["Fire Breathing+1","Twin Strike+1"],"picked":"Impervious","floor":48},{"not_picked":["Iron Wave+1","Power Through","Thunderclap+1"],"picked":"SKIP","floor":55}],"player_experience":2859820,"relics_obtained":[{"floor":6.0,"key":"HornCleat"},{"floor":8.0,"key":"Regal Pillow"},{"floor":9.0,"key":"FossilizedHelix"},{"floor":11.0,"key":"Gremlin Horn"},{"floor":14.0,"key":"Blood Vial"},{"floor":24.0,"key":"Vajra"},{"floor":26.0,"key":"Molten Egg 2"},{"floor":31.0,"key":"MealTicket"},{"floor":40.0,"key":"Frozen Egg 2"},{"floor":45.0,"key":"StoneCalendar"},{"floor":46,"key":"Thread and Needle"},{"floor":48,"key":"Bottled Lightning"},{"floor":55,"key":"Red Skull"}],"event_choices":[{"damage_healed":0.0,"max_hp_gain":0.0,"max_hp_loss":0.0,"gold_gain":0.0,"event_name":"Living Wall","player_choice":"Grow","floor":2.0,"gold_loss":0.0,"damage_taken":0.0,"cards_upgraded":["Blood for Blood"]},{"damage_healed":0.0,"max_hp_gain":5.0,"max_hp_loss":0.0,"gold_gain":0.0,"event_name":"Big Fish","player_choice":"Donut","floor":3.0,"gold_loss":0.0,"damage_taken":0.0},{"damage_healed":0.0,"max_hp_gain":0.0,"max_hp_loss":0.0,"gold_gain":75.0,"event_name":"World of Goop","player_choice":"Gather Gold","floor":5.0,"gold_loss":0.0,"damage_taken":11.0},{"damage_healed":0.0,"max_hp_gain":0.0,"max_hp_loss":0.0,"gold_gain":0.0,"cards_transformed":["Strike_R","Strike_R"],"event_name":"Drug Dealer","player_choice":"Became Test Subject","floor":20.0,"gold_loss":0.0,"damage_taken":0.0,"cards_obtained":["Juggernaut","Iron Wave"]},{"damage_healed":0.0,"max_hp_gain":0.0,"max_hp_loss":0.0,"gold_gain":0.0,"event_name":"Nest","player_choice":"Joined the Cult","floor":29.0,"gold_loss":0.0,"damage_taken":6.0,"cards_obtained":["RitualDagger"]},{"damage_healed":0.0,"max_hp_gain":0.0,"max_hp_loss":0.0,"gold_gain":0.0,"event_name":"SensoryStone","player_choice":"Memory 3","floor":36.0,"gold_loss":0.0,"damage_taken":10.0},{"damage_healed":0.0,"max_hp_gain":0.0,"max_hp_loss":0.0,"gold_gain":0.0,"event_name":"SecretPortal","player_choice":"Ignored","floor":42.0,"gold_loss":0.0,"damage_taken":0.0},{"damage_healed":0.0,"max_hp_gain":0.0,"max_hp_loss":0.0,"gold_gain":0.0,"event_name":"Mysterious Sphere","player_choice":"Fight","floor":45.0,"gold_loss":0.0,"damage_taken":0.0}],"is_beta":false,"boss_relics":[{"not_picked":["Pandora\u0027s Box","Astrolabe"],"picked":"Coffee Dripper"},{"not_picked":["Busted Crown","Snecko Eye"],"picked":"Runic Pyramid"}],"items_purged_floors":[13,21,39,47],"is_endless":false,"potions_floor_spawned":[1,6,12,14,24,31,33,40,44,45,48],"killed_by":"The Heart","ascension_level":20}}