{"host":"4nqeo0vu1vuav7gg","time":1608896186,"event":{"mods":["AchievementEnabler","BaseMod","Block Reminder","Colored Map","Colored Powertips","Highlight Path","Minty Spire (QoL Compilation)","Quick Restart","Rare Cards Sparkle","Relic Relevance Reorder","StSLib"],"gold_per_floor":[116,116,135,135,148,175,194,213,239,254,254,254,273,31,31,107,107,125,125,114,114,114],"floor_reached":21,"playtime":821,"items_purged":["Decay"],"score":329,"play_id":"b398c43e-d19a-478d-b70d-471a1339a0d2","local_time":"20201225123626","is_ascension_mode":true,"campfire_choices":[{"data":"Double Energy","floor":11,"key":"SMITH"},{"floor":15,"key":"REST"}],"circlet_count":0,"master_deck":["AscendersBane","Strike_B","Strike_B+1","Defend_B","Defend_B","Defend_B","Defend_B","Zap+1","Dualcast","Doom and Gloom+1","Conserve Battery","Sweeping Beam","Fusion","Gash","Loop","Double Energy+1","Self Repair","Loop","Flash of Steel","Echo Form","Genetic Algorithm","Go for the Eyes"],"relics":["Cracked Core","Art of War","Blue Candle","Whetstone","Empty Cage"],"acts_visited":["Exordium","TheCity"],"potions_floor_usage":[6,10,13],"damage_taken":[{"damage":4.0,"enemies":"Small Slimes","floor":1.0,"turns":4.0},{"damage":3.0,"enemies":"2 Louse","floor":3.0,"turns":3.0},{"damage":6,"enemies":"Cultist","floor":5,"turns":3},{"damage":18,"enemies":"Lagavulin","floor":6,"turns":6},{"damage":0,"enemies":"Lots of Slimes","floor":7,"turns":1},{"damage":4,"enemies":"Red Slaver","floor":8,"turns":3},{"damage":5,"enemies":"2 Fungi Beasts","floor":10,"turns":2},{"damage":6,"enemies":"Looter","floor":13,"turns":2},{"damage":67,"enemies":"Hexaghost","floor":16,"turns":10},{"damage":23,"enemies":"Chosen","floor":18,"turns":6},{"damage":44,"enemies":"2 Thieves","floor":20,"turns":5},{"damage":20,"enemies":"Shelled Parasite and Fungi","floor":21,"turns":2}],"seed_played":"6860422868401136040","potions_obtained":[{"floor":1.0,"key":"Block Potion"},{"floor":6,"key":"Fire Potion"},{"floor":7,"key":"SkillPotion"},{"floor":10,"key":"FairyPotion"}],"is_trial":false,"path_per_floor":["M","?","M","?","M","E","M","M","T","M","R","?","M","$","R","B",null,"M","T","M","M"],"character_chosen":"DEFECT","items_purchased":["Loop","Flash of Steel"],"campfire_rested":1,"item_purchase_floors":[14,14],"current_hp_per_floor":[67,67,64,64,58,40,40,36,36,31,31,31,25,25,48,13,62,53,53,16,0,0],"gold":114,"neow_bonus":"TEN_PERCENT_HP_BONUS","is_daily":false,"chose_seed":false,"campfire_upgraded":1,"win_rate":0.0,"timestamp":1608896186,"path_taken":["M","?","M","?","M","E","M","M","T","M","R","?","?","?","R","BOSS","M","?","M","M"],"items_purchased_type":["Card","Card"],"build_version":"2020-12-22","purchased_purges":1,"victory":false,"max_hp_per_floor":[78,78,78,78,78,78,78,78,78,78,78,78,78,78,78,78,78,78,78,78,78,78],"card_choices":[{"not_picked":["Chill","Redo"],"picked":"Doom and Gloom","floor":1.0},{"not_picked":["Recycle","Rebound"],"picked":"Conserve Battery","floor":3.0},{"not_picked":["Stack","Beam Cell"],"picked":"Sweeping Beam","floor":5},{"not_picked":["Hologram","Leap"],"picked":"Fusion","floor":6},{"not_picked":["Recycle","Barrage"],"picked":"Gash","floor":7},{"not_picked":["Coolheaded","Turbo"],"picked":"Loop","floor":8},{"not_picked":["Beam Cell","Blizzard"],"picked":"Double Energy","floor":10},{"not_picked":["Sweeping Beam","Skim"],"picked":"Self Repair","floor":13},{"not_picked":["Core Surge","Electrodynamics"],"picked":"Echo Form","floor":16},{"not_picked":["Auto Shields","Coolheaded"],"picked":"Genetic Algorithm","floor":18},{"not_picked":["Turbo","Leap"],"picked":"Go for the Eyes","floor":20}],"player_experience":999251,"relics_obtained":[{"floor":6,"key":"Whetstone"},{"floor":9,"key":"Art of War"},{"floor":19,"key":"Blue Candle"}],"event_choices":[{"damage_healed":0.0,"max_hp_gain":0.0,"max_hp_loss":0.0,"gold_gain":0.0,"event_name":"Living Wall","player_choice":"Grow","floor":2.0,"gold_loss":0.0,"damage_taken":0.0,"cards_upgraded":["Zap"]},{"damage_healed":0.0,"max_hp_gain":0.0,"max_hp_loss":0.0,"gold_gain":0.0,"event_name":"Shining Light","player_choice":"Ignored","floor":4.0,"gold_loss":0.0,"damage_taken":0.0},{"damage_healed":0,"gold_gain":0,"player_choice":"Cursed","damage_taken":0,"max_hp_gain":0,"max_hp_loss":0,"event_name":"Wheel of Change","floor":12,"gold_loss":0,"cards_obtained":["Decay"]}],"is_beta":false,"boss_relics":[{"not_picked":["FrozenCore","Cursed Key"],"picked":"Empty Cage"}],"items_purged_floors":[14],"is_endless":false,"potions_floor_spawned":[1,6,7,10],"killed_by":"Shelled Parasite and Fungi","ascension_level":16}}