{"host":"mal0jdk4f6ubgyb8","time":1608927671,"event":{"mods":["Act Like it!","Aspiration","BaseMod","Gensokyo","Hallownest","Koishi","Luminous","Marisa£®ÏF”Í°°ƒß¿Ì…≥£©","Minty Spire (QoL Compilation)","Quick Restart","Reimu£®≤©¿ˆ¡È√Œ£©","Relic Stats","Remilia£®¿Ÿ√◊¿Ú—«£©","StSLib","The Bug Knight","WarShipGirlsR/’ΩΩ¢…Ÿ≈ÆR mod","Yakumo Yukari mod","Youmu£®ªÍ∆«—˝√Œ£©","Yuri Mod","Yuyuko"],"gold_per_floor":[113,5,23,23,43,43,76,96,120,155,155,155,169,169,169,268,268,282,299,309,309,309,309,338,354,354,405,9,20,20,55,55,158,158,188,88,248,273,344,344,344],"floor_reached":40,"playtime":1790,"items_purged":["yuri:yuriDefend"],"score":694,"play_id":"229757c8-d39e-4d9e-bed4-df13bd22ff5f","local_time":"20201226042111","is_ascension_mode":true,"campfire_choices":[{"data":"yuri:ReactiveMadness","floor":6.0,"key":"SMITH"},{"data":"yuri:GhostForm","floor":11.0,"key":"SMITH"},{"data":"yuri:InduceGlitch","floor":15.0,"key":"SMITH"},{"data":"yuri:GrowingInsanity","floor":23.0,"key":"SMITH"},{"floor":32.0,"key":"REST"}],"circlet_count":0,"master_deck":["yuri:Oolong","yuri:yuriStab","yuri:ReactiveMadness+1","yuri:BookRed","yuri:Stare","yuri:MPose","yuri:InduceGlitch+1","yuri:HeavierStrike","yuri:GhostForm+1","yuri:Stalk","yuri:DragonForm","yuri:GrowingInsanity+1","Capacitor","Beam Cell+1","Hallownest:curseDreamersLament","Chaos+1","Conserve Battery+1","yuri:BookBlue","Storm+1","yuri:NoEscape","yuri:SturdyUniform","yuri:StealPen","yuri:GlitchedStrike","Genetic Algorithm","Steam","Coolheaded","Ball Lightning","yuri:ConsumeGlitch","yuri:RemoveSafetyChecks","yuri:BrokenCode","Hello World"],"relics":["yuri:yuriKnife","NeowsBlessing","Regal Pillow","Nunchaku","Bag of Marbles","aspiration:DefectSkillbook","Hallownest:WatcherSealRelic","aspiration:FaultyCoupler","Blue Candle","Anchor","Medical Kit","Pantograph","Bag of Preparation","Pandora\u0027s Box","Shuriken","Hallownest:GodTamersBeastRelic","aspiration:AnachronicSnailShell"],"acts_visited":["Exordium","Gensokyo:Gensokyo","Hallownest:CityofTears"],"potions_floor_usage":[40],"damage_taken":[{"damage":0.0,"enemies":"Gensokyo:Python","floor":1.0,"turns":1.0},{"damage":0.0,"enemies":"Gensokyo:2_Kodama","floor":3.0,"turns":1.0},{"damage":0.0,"enemies":"Gensokyo:Gryphon","floor":5.0,"turns":1.0},{"damage":23.0,"enemies":"Gensokyo:Mamizou","floor":7.0,"turns":9.0},{"damage":1.0,"enemies":"Gensokyo:LivingMonolith","floor":8.0,"turns":3.0},{"damage":31.0,"enemies":"Gensokyo:Cirno","floor":10.0,"turns":7.0},{"damage":29.0,"enemies":"Gensokyo:5_Fairies","floor":13.0,"turns":7.0},{"damage":12.0,"enemies":"Gensokyo:Reimu","floor":16.0,"turns":6.0},{"damage":16.0,"enemies":"Hallownest:Flukemon_and_Top","floor":18.0,"turns":5.0},{"damage":24.0,"enemies":"Hallownest:3_Youths","floor":19.0,"turns":6.0},{"damage":4.0,"enemies":"Hallownest:monsterShrumalOgre","floor":20.0,"turns":3.0},{"damage":14.0,"enemies":"Hallownest:Nosk","floor":24.0,"turns":5.0},{"damage":12.0,"enemies":"Hallownest:Master_and_Novice","floor":25.0,"turns":4.0},{"damage":13.0,"enemies":"Hallownest:Glutton_and_Coward","floor":27.0,"turns":4.0},{"damage":11.0,"enemies":"Hallownest:2_Flukemon","floor":29.0,"turns":5.0},{"damage":6.0,"enemies":"Hallownest:2_Flukemon","floor":30.0,"turns":4.0},{"damage":29.0,"enemies":"Hallownest:eliteWatcherKnight","floor":31.0,"turns":7.0},{"damage":26.0,"enemies":"Hallownest:BossMantisLord","floor":33.0,"turns":6.0},{"damage":11.0,"enemies":"Hallownest:Shield_Heavy","floor":35.0,"turns":4.0},{"damage":18.0,"enemies":"Hallownest:Shield_Heavy","floor":37.0,"turns":3.0},{"damage":5.0,"enemies":"Hallownest:Shield_Heavy","floor":37.0,"turns":3.0},{"damage":17.0,"enemies":"Hallownest:Shield_Heavy","floor":37.0,"turns":4.0},{"damage":1.0,"enemies":"Hallownest:Shield_Heavy","floor":37.0,"turns":2.0},{"damage":9.0,"enemies":"Hallownest:2_Littles","floor":38.0,"turns":3.0},{"damage":39.0,"enemies":"Hallownest:2_Primals","floor":39.0,"turns":3.0},{"damage":0,"enemies":"Hallownest:StalkingDevout","floor":40,"turns":2}],"seed_played":"5650611442723780433","potions_obtained":[{"floor":1.0,"key":"Ancient Potion"},{"floor":3.0,"key":"Dexterity Potion"},{"floor":27.0,"key":"DistilledChaos"},{"floor":29.0,"key":"Block Potion"},{"floor":31.0,"key":"GrandPatriotsElixir:ReiMu"},{"floor":39.0,"key":"MagicPotion:ReiMu"}],"is_trial":false,"path_per_floor":["M","$","M","COS","M","R","E","M","T","E","R","T","M","?","R","B",null,"M","M","M","?","T","R","E","M","T","M","$","M","?","E","R","B",null,"M","?","?","M","?","E"],"character_chosen":"YURI","items_purchased":["yuri:BookRed","Medical Kit","Pantograph"],"campfire_rested":1,"item_purchase_floors":[2,28,28],"current_hp_per_floor":[80,80,80,80,80,80,62,65,65,41,41,41,19,27,27,22,78,69,52,55,55,55,55,48,47,47,37,37,29,25,3,41,43,78,71,71,44,37,1,1,1],"gold":344,"neow_bonus":"THREE_ENEMY_KILL","is_daily":false,"chose_seed":false,"campfire_upgraded":4,"win_rate":0.0,"timestamp":1608927671,"path_taken":["M","?","M","COS","M","R","E","?","T","E","R","?","M","?","R","BOSS","M","?","M","?","?","R","E","M","T","M","?","M","?","E","R","BOSS","M","?","?","?","?","E"],"items_purchased_type":["Card","Relic","Relic"],"build_version":"2020-12-22","purchased_purges":1,"victory":false,"max_hp_per_floor":[80,80,80,80,80,80,80,80,80,80,80,80,80,80,80,78,78,78,78,78,78,78,78,78,78,78,78,78,78,78,78,78,78,78,78,78,81,81,81,81,81],"relic_stats":{"Regal Pillow":15,"Nunchaku":[10],"counters":[26,102],"Shuriken":[1],"Blue Candle":[6],"Pantograph":25,"Pandora\u0027s Box":["yuri:SturdyUniform","yuri:StealPen","yuri:GlitchedStrike","Genetic Algorithm","Steam","Coolheaded","Ball Lightning","yuri:ConsumeGlitch","yuri:RemoveSafetyChecks"],"Bag of Preparation":[18],"Medical Kit":[0],"obtain_stats":[{"Regal Pillow":7,"NeowsBlessing":0,"Blue Candle":24,"yuri:yuriKnife":0,"Bag of Preparation":31,"Medical Kit":28,"Hallownest:GodTamersBeastRelic":37,"Nunchaku":10,"Hallownest:WatcherSealRelic":21,"Anchor":26,"aspiration:DefectSkillbook":17,"Shuriken":36,"Pantograph":28,"aspiration:AnachronicSnailShell":39,"Pandora\u0027s Box":34,"Bag of Marbles":12,"aspiration:FaultyCoupler":22},{"Regal Pillow":4,"NeowsBlessing":0,"Blue Candle":12,"yuri:yuriKnife":0,"Bag of Preparation":17,"Medical Kit":14,"Hallownest:GodTamersBeastRelic":23,"Nunchaku":6,"Hallownest:WatcherSealRelic":11,"Anchor":13,"aspiration:DefectSkillbook":8,"Shuriken":19,"Pantograph":14,"aspiration:AnachronicSnailShell":25,"Pandora\u0027s Box":18,"Bag of Marbles":6,"aspiration:FaultyCoupler":11},{"Regal Pillow":12,"NeowsBlessing":0,"Blue Candle":53,"yuri:yuriKnife":0,"Bag of Preparation":74,"Medical Kit":60,"Hallownest:GodTamersBeastRelic":95,"Nunchaku":22,"Hallownest:WatcherSealRelic":48,"Anchor":57,"aspiration:DefectSkillbook":35,"Shuriken":83,"Pantograph":60,"aspiration:AnachronicSnailShell":101,"Pandora\u0027s Box":79,"Bag of Marbles":22,"aspiration:FaultyCoupler":48}]},"card_choices":[{"not_picked":["yuri:SeeingDouble","yuri:ThrowBook"],"picked":"yuri:ReactiveMadness","floor":1.0},{"not_picked":["yuri:MPose","yuri:yuriQuickStrike"],"picked":"yuri:Stare","floor":3.0},{"not_picked":["yuri:Spin","yuri:TPose"],"picked":"yuri:MPose","floor":5.0},{"not_picked":["yuri:ThrowingKnives","yuri:Stare"],"picked":"yuri:InduceGlitch","floor":7.0},{"not_picked":["yuri:ReloadGame","yuri:yuriHeavyStrike"],"picked":"yuri:HeavierStrike","floor":8.0},{"not_picked":["yuri:StealPen","yuri:UntestedCode"],"picked":"yuri:GhostForm","floor":10.0},{"not_picked":["yuri:Parry","yuri:Skip"],"picked":"yuri:Stalk","floor":13.0},{"not_picked":["yuri:DistillInsanity","yuri:ConsumeGlitch"],"picked":"yuri:DragonForm","floor":16.0},{"not_picked":["yuri:MPose","Go for the Eyes","Leap"],"picked":"yuri:GrowingInsanity","floor":18.0},{"not_picked":["yuri:Stare+1","Rebound","yuri:ThrowingKnives"],"picked":"Capacitor","floor":19.0},{"not_picked":["yuri:GlitchedStrike","yuri:DejaVu+1","yuri:ThrowingKnives"],"picked":"Beam Cell+1","floor":20.0},{"not_picked":["yuri:Stare+1","Gash","yuri:GlitchedStrike"],"picked":"Chaos+1","floor":24.0},{"not_picked":["Melter","yuri:Spin+1","yuri:AdaptiveAI"],"picked":"Conserve Battery+1","floor":25.0},{"not_picked":["yuri:GlitchedStrike","Sweeping Beam","yuri:ExploitStrike"],"picked":"yuri:BookBlue","floor":27.0},{"not_picked":["Beam Cell","Ball Lightning+1","yuri:SeeingDouble"],"picked":"Storm+1","floor":29.0},{"not_picked":["yuri:MPose","yuri:yuriQuickStrike","Streamline","yuri:Spin"],"picked":"SKIP","floor":31.0},{"not_picked":["yuri:GhostForm","yuri:Virus","yuri:RemoveSafetyChecks"],"picked":"yuri:NoEscape","floor":33.0},{"not_picked":["Blizzard+1","Streamline","Go for the Eyes"],"picked":"yuri:BrokenCode","floor":35.0},{"not_picked":["yuri:Spin+1","Cold Snap","yuri:yuriQuickStrike+1"],"picked":"Hello World","floor":38.0}],"player_experience":289791,"relics_obtained":[{"floor":7.0,"key":"Regal Pillow"},{"floor":10.0,"key":"Nunchaku"},{"floor":12.0,"key":"Bag of Marbles"},{"floor":22.0,"key":"aspiration:FaultyCoupler"},{"floor":24.0,"key":"Blue Candle"},{"floor":26.0,"key":"Anchor"},{"floor":31.0,"key":"Bag of Preparation"},{"floor":39.0,"key":"aspiration:AnachronicSnailShell"}],"event_choices":[],"is_beta":false,"boss_relics":[{"not_picked":["yuri:BookOfBooks","Tiny House"],"picked":"aspiration:DefectSkillbook"},{"not_picked":["Runic Dome","Sozu"],"picked":"Pandora\u0027s Box"}],"items_purged_floors":[2],"is_endless":false,"potions_floor_spawned":[1,3,27,29,30,31,37,37,39],"killed_by":"Hallownest:StalkingDevout","ascension_level":3}}