{"host":"q9718omregw4er46","time":1608894283,"event":{"mods":["BaseMod","Colored Powertips","Minty Spire (QoL Compilation)","Quick Restart","Relic Stats"],"gold_per_floor":[164,181,181,256,276,308,308,343,395,407,419,442,754,766,766],"floor_reached":14,"playtime":342,"items_purged":[],"score":246,"play_id":"d41df922-203d-44bc-b127-56cc04280890","local_time":"20201225160443","is_ascension_mode":true,"campfire_choices":[{"floor":7,"key":"REST"},{"data":"SashWhip","floor":10,"key":"SMITH"}],"circlet_count":0,"master_deck":["AscendersBane","Strike_P","Strike_P","Strike_P","Strike_P","Defend_P","Defend_P","Defend_P","Defend_P","Eruption","Vigilance+1","EmptyFist+1","Consecrate","LikeWater","SashWhip+1"],"relics":["Tiny House","StrikeDummy","PreservedInsect","MawBank","Old Coin"],"acts_visited":["Exordium"],"potions_floor_usage":[6,6,8,14],"damage_taken":[{"damage":0,"enemies":"2 Louse","floor":1,"turns":2},{"damage":15,"enemies":"Small Slimes","floor":2,"turns":4},{"damage":2,"enemies":"Jaw Worm","floor":5,"turns":3},{"damage":30,"enemies":"3 Sentries","floor":6,"turns":10},{"damage":0,"enemies":"Gremlin Nob","floor":8,"turns":3},{"damage":1,"enemies":"Large Slime","floor":12,"turns":3},{"damage":10,"enemies":"Lagavulin","floor":14,"turns":3}],"seed_played":"-1260178656197142513","potions_obtained":[{"floor":0,"key":"LiquidBronze"},{"floor":2,"key":"LiquidBronze"},{"floor":6,"key":"DistilledChaos"},{"floor":12,"key":"GamblersBrew"}],"is_trial":false,"path_per_floor":["M","M","?","?","M","E","R","E","T","R","$","M","?","E"],"character_chosen":"WATCHER","items_purchased":[],"campfire_rested":1,"item_purchase_floors":[],"current_hp_per_floor":[66,51,51,40,38,8,29,29,29,29,29,28,2,0,0],"gold":766,"neow_bonus":"BOSS_RELIC","is_daily":false,"chose_seed":false,"campfire_upgraded":1,"win_rate":0.0,"timestamp":1608894283,"path_taken":["M","M","?","?","?","E","R","E","T","R","$","M","?","E"],"items_purchased_type":[],"build_version":"2020-12-22","purchased_purges":0,"victory":false,"max_hp_per_floor":[73,73,73,73,73,73,73,73,73,73,73,73,73,73,73],"relic_stats":{"counters":[7,28],"PreservedInsect":28,"MawBank":60,"obtain_stats":[{"Tiny House":0,"PreservedInsect":8,"PureWater":0,"StrikeDummy":6,"MawBank":9,"Old Coin":13},{"Tiny House":0,"PreservedInsect":5,"PureWater":0,"StrikeDummy":4,"MawBank":5,"Old Coin":6},{"Tiny House":0,"PreservedInsect":22,"PureWater":0,"StrikeDummy":19,"MawBank":22,"Old Coin":25}]},"card_choices":[{"not_picked":["PathToVictory","FearNoEvil"],"picked":"EmptyFist","floor":0},{"not_picked":["FlurryOfBlows","JustLucky"],"picked":"Consecrate","floor":1},{"not_picked":["DeceiveReality","PathToVictory"],"picked":"LikeWater","floor":2},{"not_picked":["EmptyBody","Crescendo"],"picked":"SashWhip","floor":5},{"not_picked":["EmptyBody","Alpha","EmptyFist"],"picked":"SKIP","floor":6},{"not_picked":["FlyingSleeves","Worship","CutThroughFate"],"picked":"SKIP","floor":8},{"not_picked":["Sanctity","ClearTheMind","FlyingSleeves"],"picked":"SKIP","floor":12}],"player_experience":1108306,"relics_obtained":[{"floor":6,"key":"StrikeDummy"},{"floor":8,"key":"PreservedInsect"},{"floor":9,"key":"MawBank"}],"event_choices":[{"damage_healed":0,"gold_gain":0,"player_choice":"Grow","damage_taken":0,"max_hp_gain":0,"max_hp_loss":0,"event_name":"Living Wall","floor":3,"gold_loss":0,"cards_upgraded":["EmptyFist"]},{"damage_healed":0,"gold_gain":75,"player_choice":"Gather Gold","damage_taken":11,"max_hp_gain":0,"max_hp_loss":0,"event_name":"World of Goop","floor":4,"gold_loss":0},{"damage_healed":0,"gold_gain":0,"player_choice":"Success","damage_taken":26,"relics_obtained":["Old Coin"],"max_hp_gain":0,"max_hp_loss":0,"event_name":"Scrap Ooze","floor":13,"gold_loss":0}],"is_beta":false,"boss_relics":[],"items_purged_floors":[],"is_endless":false,"potions_floor_spawned":[2,6,12],"killed_by":"Lagavulin","ascension_level":20}}