{"host":"vc42n08di9czm3e7","time":1608861369,"event":{"mods":["AchievementEnabler","Act Like it!","BaseMod","Colored Powertips","Downfall","Friendly Minions","GifTheSpireLib","Hubris","Minty Spire (QoL Compilation)","Rare Cards Sparkle","StSLib"],"gold_per_floor":[99,99,26,26,126,64,87,12,40,40,54,80,5,23,33,137,137,62,82,82,102,121,6,6,6,33,33,33,33,44,61,81,177,177,177,195,195,215,229,229,229,229,248,248,267,267,267,4,22,22],"floor_reached":51,"playtime":3114,"items_purged":["Guardian:Defend_Guardian"],"score":730,"play_id":"4957eab5-c73a-482a-aa65-a7f0f8424644","local_time":"20201224205609","is_ascension_mode":false,"campfire_choices":[{"floor":1,"key":"RECALL"},{"data":"Guardian:TwinSlam","floor":8,"key":"SMITH"},{"data":"Guardian:DonusPower","floor":10,"key":"SMITH"},{"data":"Guardian:PiercingHide","floor":13,"key":"SMITH"},{"data":"Guardian:ChargeUp","floor":18,"key":"SMITH"},{"data":"Guardian:CurlUp","floor":25,"key":"SMITH"},{"data":"Guardian:EvasiveProtocol","floor":28,"key":"SMITH"},{"data":"Guardian:DonusPower","floor":35,"key":"SMITH"},{"data":"Guardian:TemporalStrike","floor":40,"key":"SMITH"},{"data":"Guardian:FastForward","floor":47,"key":"SMITH"}],"circlet_count":0,"master_deck":["Guardian:Strike_Guardian+1","Guardian:Strike_Guardian","Guardian:Strike_Guardian","Guardian:Strike_Guardian","Guardian:Defend_Guardian","Guardian:CurlUp+1","Guardian:TwinSlam+1","Guardian:Preprogram","Guardian:DonusPower+1","Guardian:PiercingHide+1","Guardian:EvasiveProtocol+1","Guardian:Incinerate+1","Guardian:ChargeUp+1","Guardian:Recover+1","Guardian:Planning","Guardian:TemporalShield+1","Guardian:Incinerate","Guardian:TemporalStrike+1","Guardian:DonusPower+1","Guardian:ShieldSpikes","Guardian:ShieldCharger+1","Guardian:Reroute+1","Guardian:FastForward+1","Guardian:BaubleBeam","Guardian:Gem_Green","Guardian:CrystalBeam","Guardian:Gem_Blue"],"relics":["Guardian:ModeShifter","downfall:HeartsMalice","downfall:HeartBlessingRed","Letter Opener","hubris:PeanutButter","downfall:HeartBlessingGreen","hubris:VirtuousBlindfold","downfall:HeartBlessingBlue","Whetstone","Smiling Mask","hubris:Towel","Sozu","The Courier","Pen Nib"],"acts_visited":["Exordium","TheCity","TheBeyond"],"potions_floor_usage":[12,19,33,38],"damage_taken":[{"damage":0,"enemies":"Small Slimes","floor":2,"turns":1},{"damage":0,"enemies":"downfall:FleeingMerchant","floor":3,"turns":1},{"damage":0,"enemies":"2 Louse","floor":4,"turns":1},{"damage":0,"enemies":"downfall:FleeingMerchant","floor":6,"turns":4},{"damage":16,"enemies":"3 Sentries","floor":9,"turns":9},{"damage":0,"enemies":"Cultist","floor":11,"turns":3},{"damage":3,"enemies":"Lagavulin","floor":12,"turns":4},{"damage":0,"enemies":"Exordium Thugs","floor":14,"turns":3},{"damage":0,"enemies":"3 Louse","floor":15,"turns":3},{"damage":0,"enemies":"downfall:Watcher","floor":16,"turns":8},{"damage":5,"enemies":"Spheric Guardian","floor":19,"turns":4},{"damage":0,"enemies":"Shell Parasite","floor":21,"turns":3},{"damage":0,"enemies":"Centurion and Healer","floor":22,"turns":6},{"damage":0,"enemies":"downfall:FleeingMerchant","floor":23,"turns":4},{"damage":0,"enemies":"Sentry and Sphere","floor":30,"turns":4},{"damage":0,"enemies":"Snecko","floor":31,"turns":3},{"damage":0,"enemies":"Centurion and Healer","floor":32,"turns":4},{"damage":0,"enemies":"downfall:Defect","floor":33,"turns":7},{"damage":0,"enemies":"3 Shapes","floor":36,"turns":3},{"damage":0,"enemies":"Orb Walker","floor":38,"turns":3},{"damage":5,"enemies":"4 Shapes","floor":39,"turns":6},{"damage":0,"enemies":"Spire Growth","floor":43,"turns":4},{"damage":0,"enemies":"Writhing Mass","floor":45,"turns":4},{"damage":0,"enemies":"downfall:FleeingMerchant","floor":48,"turns":4},{"damage":0,"enemies":"Jaw Worm Horde","floor":49,"turns":3},{"damage":16,"enemies":"downfall:Silent","floor":50,"turns":9}],"seed_played":"2625491810168899669","potions_obtained":[{"floor":9,"key":"GamblersBrew"},{"floor":11,"key":"AttackPotion"},{"floor":12,"key":"PowerPotion"},{"floor":15,"key":"BlessingOfTheForge"},{"floor":19,"key":"Swift Potion"},{"floor":21,"key":"Slimebound:ThreeZeroPotion"}],"is_trial":false,"path_per_floor":["R","M","$","M","?","$","T","R","E","R","M","E","R","M","M","B",null,"R","M","?","M","M","$","T","R","T","?","R","?","M","M","M","B",null,"R","M","?","M","M","R","T","?","M","?","M","?","R","$","M","B",null],"character_chosen":"GUARDIAN","items_purchased":["Guardian:Gem_Purple","Guardian:PiercingHide","Guardian:Gem_White","Guardian:Incinerate","Guardian:Gem_Green","Pen Nib","Guardian:CrystalBeam"],"campfire_rested":0,"item_purchase_floors":[3,6,23,23,48,48,48],"current_hp_per_floor":[80,80,80,80,80,80,80,80,64,64,64,61,61,61,61,61,80,90,85,85,85,85,85,85,85,85,85,85,85,85,85,85,85,90,90,90,90,90,85,85,85,85,85,85,85,85,85,85,85,69],"gold":22,"neow_bonus":"THREE_ENEMY_KILL","is_daily":false,"chose_seed":false,"campfire_upgraded":9,"win_rate":0.0,"timestamp":1608861369,"path_taken":["R","M","$","M","?","$","T","R","E","R","M","E","R","M","M","BOSS","R","M","?","M","?","$","T","R","?","?","R","?","M","M","M","BOSS","R","M","?","M","?","R","T","?","M","?","?","?","R","$","M","BOSS"],"items_purchased_type":["Card","Card","Card","Card","Card","Relic","Card"],"build_version":"2020-12-22","purchased_purges":1,"victory":true,"max_hp_per_floor":[80,80,80,80,80,80,80,80,80,80,80,80,80,80,80,80,80,90,90,90,90,90,90,90,90,90,90,90,90,90,90,90,90,90,90,90,90,90,90,90,90,90,90,90,90,90,90,90,90,90],"card_choices":[{"not_picked":["Guardian:CrystalBeam","Guardian:Incinerate"],"picked":"Guardian:Preprogram","floor":2},{"not_picked":["Guardian:Gem_Red","Guardian:BronzeOrb"],"picked":"Guardian:Gem_White","floor":3},{"not_picked":["Guardian:Gem_Red","Guardian:TemporalStrike"],"picked":"Guardian:DonusPower","floor":4},{"not_picked":["Guardian:SentryBeam","Guardian:Gem_Red"],"picked":"Guardian:Gem_White","floor":6},{"not_picked":["Guardian:VentSteam","Guardian:Preprogram"],"picked":"Guardian:EvasiveProtocol","floor":9},{"not_picked":["Guardian:PiercingHide","Guardian:Emergency"],"picked":"Guardian:Gem_Blue","floor":11},{"not_picked":["Guardian:Gem_Lightblue","Guardian:Repulse"],"picked":"Guardian:Gem_Fragmented","floor":12},{"not_picked":["Guardian:PiercingHide","Guardian:FloatingOrbs"],"picked":"Guardian:Incinerate","floor":14},{"not_picked":["Guardian:GatlingBeam","Guardian:Planning"],"picked":"Guardian:ChargeUp","floor":15},{"not_picked":["Guardian:StasisField","Guardian:ExploitGems"],"picked":"Guardian:Gem_Orange","floor":16},{"not_picked":["Guardian:PrismaticBeam+1","Guardian:ChargeCore"],"picked":"Guardian:Recover+1","floor":19},{"not_picked":["Guardian:TemporalShield","Guardian:WalkerClaw"],"picked":"Guardian:Planning","floor":21},{"not_picked":["Guardian:Harden","Guardian:VentSteam"],"picked":"Guardian:Gem_Crimson","floor":22},{"not_picked":["Guardian:PolyBeam","Guardian:VentSteam"],"picked":"Guardian:TemporalShield+1","floor":23},{"not_picked":["Guardian:GuardianWhirl+1","Guardian:Incinerate"],"picked":"Guardian:TemporalStrike","floor":30},{"not_picked":["Guardian:FloatingOrbs","Guardian:TemporalShield"],"picked":"Guardian:Gem_Cyan","floor":31},{"not_picked":["Guardian:TimeBomb+1","Guardian:WalkerClaw"],"picked":"Guardian:DonusPower","floor":32},{"not_picked":["Guardian:HyperBeam_Guardian","Guardian:AncientConstruct"],"picked":"Guardian:Gem_Synthetic","floor":33},{"not_picked":["Guardian:RollAttack+1","Guardian:Gem_Fragmented"],"picked":"Guardian:ShieldSpikes","floor":36},{"not_picked":["Guardian:ChargeCore","Guardian:WalkerClaw"],"picked":"Guardian:Gem_Red","floor":38},{"not_picked":["Guardian:Gem_Red","Guardian:ChargeCore+1"],"picked":"Guardian:ShieldCharger+1","floor":39},{"not_picked":["Guardian:VentSteam","Guardian:ShieldSpikes+1"],"picked":"Guardian:Reroute+1","floor":43},{"not_picked":["Guardian:TemporalShield+1","Guardian:Incinerate+1"],"picked":"Guardian:FastForward","floor":45},{"not_picked":["Guardian:Gem_Red","Guardian:PiercingHide"],"picked":"Guardian:BaubleBeam","floor":48},{"not_picked":["Guardian:TemporalShield","Guardian:Gem_Lightblue"],"picked":"Guardian:Gem_Blue","floor":49}],"player_experience":198488,"relics_obtained":[{"floor":9,"key":"Letter Opener"},{"floor":12,"key":"hubris:PeanutButter"},{"floor":24,"key":"Whetstone"},{"floor":26,"key":"Smiling Mask"},{"floor":41,"key":"The Courier"}],"event_choices":[{"damage_healed":0,"gold_gain":0,"player_choice":"Got Potions","damage_taken":0,"max_hp_gain":0,"max_hp_loss":0,"event_name":"Lab","floor":20,"gold_loss":0},{"cards_removed":["Guardian:Defend_Guardian"],"damage_healed":0,"gold_gain":0,"player_choice":"Removed Skill","damage_taken":0,"max_hp_gain":0,"max_hp_loss":0,"event_name":"Falling","floor":42,"gold_loss":0},{"damage_healed":0,"gold_gain":0,"player_choice":"Ignored","damage_taken":0,"max_hp_gain":0,"max_hp_loss":0,"event_name":"NoteForYourself","floor":44,"gold_loss":0},{"cards_removed":["Guardian:Defend_Guardian"],"damage_healed":0,"gold_gain":0,"player_choice":"Card Removal","damage_taken":0,"max_hp_gain":0,"max_hp_loss":0,"event_name":"Wheel of Change","floor":46,"gold_loss":0}],"is_beta":false,"boss_relics":[{"not_picked":["hubris:CrackedHourglass","downfall:Hecktoplasm"],"picked":"hubris:VirtuousBlindfold"},{"not_picked":["hubris:RunicObelisk","Calling Bell"],"picked":"Sozu"}],"items_purged_floors":[48],"is_endless":false,"potions_floor_spawned":[9,11,12,15,19,21,30,31,38,43],"ascension_level":0}}