{"host":"y1gy3vaohdji07z5","time":1608920458,"event":{"mods":["BaseMod","Colored Map","Colored Powertips","Hermit","Minty Spire (QoL Compilation)","Random Character Button","Rare Cards Sparkle","StSLib"],"gold_per_floor":[118,66,66,85,96,96,126,126,126,126,139,139,174,202,214,324,336,363,375,114,139,139,169,169,189,239,255,50,76,92,106,106,209,209,229,255,267,85,135,135,169,169,169,201,111,111,36,36,36,36,36,36,11,37,37,37],"floor_reached":55,"playtime":3007,"items_purged":["Strike_P","Strike_P","Eruption+1","Defend_P"],"score":981,"play_id":"bb57819a-9ece-4fa2-b5b5-bfc610781a1a","local_time":"20201225192058","is_ascension_mode":true,"campfire_choices":[{"data":"Prostrate","floor":6,"key":"SMITH"},{"data":"Vigilance","floor":8,"key":"SMITH"},{"data":"WheelKick","floor":10,"key":"SMITH"},{"data":"Defend_P","floor":12,"key":"SMITH"},{"floor":15,"key":"REST"},{"data":"FlyingSleeves","floor":24,"key":"SMITH"},{"data":"WheelKick","floor":32,"key":"SMITH"},{"floor":40,"key":"RECALL"},{"data":"Strike_P+1","floor":46,"key":"PURGE"},{"data":"Defend_P+1","floor":49,"key":"PURGE"},{"data":"Defend_P+1","floor":52,"key":"PURGE"}],"circlet_count":0,"master_deck":["Vigilance+1","Prostrate+1","WheelKick+1","Worship+1","Devotion+1","FlyingSleeves+1","CutThroughFate+1","WheelKick+1","CutThroughFate+1","Prostrate","DevaForm","CutThroughFate+1","ConjureBlade"],"relics":["HolyWater","InkBottle","Pen Nib","MawBank","Lee\u0027s Waffle","Bag of Preparation","FossilizedHelix","Strawberry","Membership Card","StrikeDummy","Fusion Hammer","Juzu Bracelet","Bottled Lightning","Mango","Peace Pipe","Bronze Scales","Eternal Feather","Vajra"],"acts_visited":["Exordium","TheCity","TheBeyond","TheEnding"],"potions_floor_usage":[7,13,16,18,29,31,44,44,55,55],"damage_taken":[{"damage":1,"enemies":"2 Louse","floor":1,"turns":2},{"damage":0,"enemies":"Small Slimes","floor":4,"turns":4},{"damage":0,"enemies":"Cultist","floor":5,"turns":4},{"damage":17,"enemies":"Lagavulin","floor":7,"turns":9},{"damage":0,"enemies":"Large Slime","floor":11,"turns":3},{"damage":14,"enemies":"3 Sentries","floor":13,"turns":7},{"damage":0,"enemies":"Red Slaver","floor":14,"turns":4},{"damage":28,"enemies":"Hexaghost","floor":16,"turns":10},{"damage":15,"enemies":"Spheric Guardian","floor":18,"turns":5},{"damage":3,"enemies":"Slavers","floor":23,"turns":4},{"damage":0,"enemies":"Shell Parasite","floor":25,"turns":2},{"damage":27,"enemies":"Sentry and Sphere","floor":27,"turns":5},{"damage":9,"enemies":"Gremlin Leader","floor":29,"turns":3},{"damage":0,"enemies":"Centurion and Healer","floor":30,"turns":2},{"damage":0,"enemies":"3 Cultists","floor":31,"turns":3},{"damage":0,"enemies":"Collector","floor":33,"turns":4},{"damage":0,"enemies":"3 Shapes","floor":35,"turns":4},{"damage":0,"enemies":"Orb Walker","floor":37,"turns":3},{"damage":0,"enemies":"Mind Bloom Boss Battle","floor":39,"turns":3},{"damage":0,"enemies":"Giant Head","floor":41,"turns":5},{"damage":0,"enemies":"Reptomancer","floor":44,"turns":3},{"damage":36,"enemies":"Time Eater","floor":50,"turns":4},{"damage":0,"enemies":"Shield and Spear","floor":54,"turns":3},{"damage":104,"enemies":"The Heart","floor":55,"turns":3}],"seed_played":"-1009024058610389823","potions_obtained":[{"floor":1,"key":"SteroidPotion"},{"floor":4,"key":"ColorlessPotion"},{"floor":5,"key":"Explosive Potion"},{"floor":16,"key":"AttackPotion"},{"floor":18,"key":"LiquidBronze"},{"floor":27,"key":"Fire Potion"},{"floor":29,"key":"LiquidMemories"},{"floor":30,"key":"AttackPotion"},{"floor":39,"key":"LiquidMemories"},{"floor":44,"key":"Explosive Potion"}],"is_trial":false,"path_per_floor":["M","$","?","M","M","R","E","R","T","R","M","R","E","M","R","B",null,"M","?","$","T","?","E","R","M","T","M","$","E","M","M","R","B",null,"M","T","M","$","?","R","E","?","T","E","?","R","$","T","R","B",null,"R","$","E","B"],"character_chosen":"WATCHER","items_purchased":["Prostrate","FlyingSleeves","Lee\u0027s Waffle","Membership Card","Bottled Lightning","Energy Potion"],"campfire_rested":1,"item_purchase_floors":[2,20,20,28,38,53],"current_hp_per_floor":[71,71,57,57,57,57,40,40,40,40,40,40,26,26,47,19,72,57,57,79,79,79,76,76,76,83,56,56,47,47,47,47,47,86,86,86,86,86,100,100,100,100,100,100,100,100,100,100,100,64,100,100,100,100,0,0],"gold":37,"neow_bonus":"UPGRADE_CARD","is_daily":false,"chose_seed":false,"campfire_upgraded":6,"win_rate":0.0,"timestamp":1608920458,"path_taken":["M","$","?","M","M","R","E","R","T","R","M","R","E","M","R","BOSS","M","?","$","?","?","E","R","M","T","M","$","E","M","M","R","BOSS","M","?","M","$","?","R","E","?","T","E","?","R","$","?","R","BOSS","R","$","E","BOSS"],"items_purchased_type":["Card","Card","Relic","Relic","Relic","Potion"],"build_version":"2020-12-22","purchased_purges":4,"victory":false,"max_hp_per_floor":[72,72,72,72,72,72,72,72,72,72,72,72,72,72,72,72,72,72,72,79,79,79,79,79,79,86,86,86,86,86,86,86,86,86,86,86,86,86,100,100,100,100,100,100,100,100,100,100,100,100,100,100,100,100,100,100],"card_choices":[{"not_picked":["DeceiveReality","SashWhip","SandsOfTime"],"picked":"SKIP","floor":1},{"not_picked":["ThirdEye","MentalFortress","SashWhip"],"picked":"SKIP","floor":4},{"not_picked":["EmptyBody","Evaluate"],"picked":"WheelKick","floor":5},{"not_picked":["FearNoEvil","Sanctity","ForeignInfluence"],"picked":"SKIP","floor":7},{"not_picked":["Vengeance","JustLucky","ClearTheMind"],"picked":"SKIP","floor":11},{"not_picked":["SashWhip","SignatureMove","Halt"],"picked":"SKIP","floor":13},{"not_picked":["Crescendo","ClearTheMind"],"picked":"Worship","floor":14},{"not_picked":["Brilliance","DeusExMachina"],"picked":"Devotion","floor":16},{"not_picked":["Crescendo","Nirvana+1","Halt"],"picked":"SKIP","floor":18},{"not_picked":["Sanctity","MentalFortress"],"picked":"CutThroughFate+1","floor":23},{"not_picked":["DeceiveReality","BattleHymn"],"picked":"WheelKick","floor":25},{"not_picked":["Weave","Collect","MentalFortress"],"picked":"SKIP","floor":27},{"not_picked":["Conclude","SandsOfTime"],"picked":"CutThroughFate+1","floor":29},{"not_picked":["ReachHeaven+1","Collect","Sanctity"],"picked":"SKIP","floor":30},{"not_picked":["MentalFortress","LikeWater+1"],"picked":"Prostrate","floor":31},{"not_picked":["Vault","Blasphemy"],"picked":"DevaForm","floor":33},{"not_picked":["ClearTheMind+1","EmptyBody+1","Adaptation+1"],"picked":"SKIP","floor":35},{"not_picked":["Halt+1","Prostrate+1"],"picked":"CutThroughFate+1","floor":37},{"not_picked":["FlyingSleeves","Wallop"],"picked":"ConjureBlade","floor":41},{"not_picked":["DeceiveReality+1","PathToVictory","EmptyBody"],"picked":"SKIP","floor":44},{"not_picked":["DeceiveReality+1","EmptyFist+1","Halt+1"],"picked":"SKIP","floor":54}],"player_experience":365301,"relics_obtained":[{"floor":7,"key":"InkBottle"},{"floor":9,"key":"Pen Nib"},{"floor":13,"key":"MawBank"},{"floor":21,"key":"Bag of Preparation"},{"floor":23,"key":"FossilizedHelix"},{"floor":26,"key":"Strawberry"},{"floor":29,"key":"StrikeDummy"},{"floor":36,"key":"Juzu Bracelet"},{"floor":39,"key":"Mango"},{"floor":41,"key":"Peace Pipe"},{"floor":44,"key":"Bronze Scales"},{"floor":48,"key":"Eternal Feather"},{"floor":54,"key":"Vajra"}],"event_choices":[{"damage_healed":0,"gold_gain":0,"player_choice":"Entered Light","damage_taken":14,"max_hp_gain":0,"max_hp_loss":0,"event_name":"Shining Light","floor":3,"gold_loss":0,"cards_upgraded":["Strike_P","Defend_P"]},{"cards_removed":["Strike_P"],"damage_healed":0,"gold_gain":0,"player_choice":"Offered Basic","damage_taken":0,"max_hp_gain":0,"max_hp_loss":0,"event_name":"Bonfire Elementals","floor":19,"gold_loss":0},{"damage_healed":0,"gold_gain":0,"player_choice":"Forge","damage_taken":0,"max_hp_gain":0,"max_hp_loss":0,"event_name":"Accursed Blacksmith","floor":22,"gold_loss":0,"cards_upgraded":["Devotion"]},{"damage_healed":0,"gold_gain":0,"player_choice":"Fight","damage_taken":0,"max_hp_gain":0,"max_hp_loss":0,"event_name":"MindBloom","floor":39,"gold_loss":0},{"damage_healed":0,"gold_gain":0,"player_choice":"Ignored","damage_taken":0,"max_hp_gain":0,"max_hp_loss":0,"event_name":"Transmorgrifier","floor":42,"gold_loss":0},{"cards_removed":["Defend_P"],"damage_healed":0,"gold_gain":0,"player_choice":"Upgrade and Remove","damage_taken":0,"max_hp_gain":0,"max_hp_loss":0,"event_name":"Designer","floor":45,"gold_loss":90,"cards_upgraded":["Worship"]}],"is_beta":false,"boss_relics":[{"not_picked":["Pandora\u0027s Box","VioletLotus"],"picked":"HolyWater"},{"not_picked":["Runic Pyramid","Coffee Dripper"],"picked":"Fusion Hammer"}],"items_purged_floors":[20,28,38,47],"is_endless":false,"potions_floor_spawned":[1,4,5,16,18,27,29,30,39,41,44],"killed_by":"The Heart","ascension_level":2}}