{"host":"lkdeywpzrzegufot","time":1608918488,"event":{"mods":["BaseMod","Colored Map","Downfall","Minty Spire (QoL Compilation)","StSLib"],"gold_per_floor":[99,118,132,132,145,70,70,1,1,0,0,0,0,13,26,124,124,124,124,124,124,124,124,124,124,124,124,124,124,124,72,72,72,72,72,72,72,1,1,1,1,1,1,1,1,1,1,1,1,1,1,1,1,1],"floor_reached":52,"playtime":4978,"items_purged":[],"score":701,"play_id":"e553868d-8ef7-4822-bca2-d29f7026a15d","local_time":"20201225184808","is_ascension_mode":false,"campfire_choices":[{"floor":1,"key":"RECALL"},{"data":"champ:EnGarde","floor":6,"key":"SMITH"},{"data":"champ:Taunt","floor":9,"key":"SMITH"},{"data":"champ:CrookedStrike","floor":12,"key":"SMITH"},{"data":"champ:SwordThrow","floor":18,"key":"SMITH"},{"data":"champ:FanOfKnives","floor":26,"key":"SMITH"},{"floor":30,"key":"REST"},{"data":"champ:VampiricStrike","floor":35,"key":"SMITH"},{"data":"champ:SteelEdge","floor":47,"key":"SMITH"}],"circlet_count":0,"master_deck":["champ:Strike","champ:Strike","champ:Strike","champ:Defend","champ:Defend","champ:Defend","champ:Defend","champ:Execute","champ:Taunt+1","champ:ArenaPreparation","champ:EnGarde+1","champ:StanceDance","champ:DefensiveStyle","champ:CrookedStrike+1","champ:PerfectedStrike","champ:FaceSlap","champ:FlashCut","champ:SwordThrow+1","champ:IronFortress+1","champ:AdrenalArmor","champ:FanOfKnives+1","champ:RapidStrikes","champ:Backstep+1","champ:BerserkerStyle+1","champ:ShieldWall","champ:SteelEdge","champ:VampiricStrike+1","champ:BerserkersShout","champ:PreciseThrust","champ:ArenaPreparation+1","champ:HeavySlash","champ:Backstep+1","champ:SteelEdge+1","Guardian:Aged","champ:AdrenalArmor+1","champ:CrownThrow","champ:Encircle+1","champ:ShieldWall+1"],"relics":["champ:ChampionCrown","downfall:HeartBlessingRed","Bottled Lightning","downfall:Hecktoplasm","WarpedTongs","champ:BlackKnightHelmet","White Beast Statue","downfall:HeartBlessingBlue","Cursed Key","Darkstone Periapt","Vajra","downfall:HeartBlessingGreen"],"acts_visited":["Exordium","TheCity","TheBeyond","TheEnding"],"potions_floor_usage":[8,8,23,25,31,31,33,33,33,36,38,39,43,43,43,44,45,50,50],"damage_taken":[{"damage":16,"enemies":"Jaw Worm","floor":2,"turns":4},{"damage":15,"enemies":"2 Louse","floor":3,"turns":5},{"damage":13,"enemies":"Cultist","floor":5,"turns":6},{"damage":17,"enemies":"downfall:FleeingMerchant","floor":8,"turns":4},{"damage":15,"enemies":"downfall:FleeingMerchant","floor":10,"turns":4},{"damage":24,"enemies":"downfall:FleeingMerchant","floor":13,"turns":4},{"damage":18,"enemies":"2 Fungi Beasts","floor":14,"turns":4},{"damage":15,"enemies":"Exordium Thugs","floor":15,"turns":4},{"damage":88,"enemies":"downfall:Defect","floor":16,"turns":6},{"damage":10,"enemies":"Spheric Guardian","floor":19,"turns":3},{"damage":25,"enemies":"Shell Parasite","floor":22,"turns":5},{"damage":24,"enemies":"Cultist and Chosen","floor":23,"turns":6},{"damage":69,"enemies":"Cultist and Chosen","floor":25,"turns":5},{"damage":25,"enemies":"Shelled Parasite and Fungi","floor":27,"turns":3},{"damage":5,"enemies":"Snake Plant","floor":29,"turns":3},{"damage":26,"enemies":"downfall:FleeingMerchant","floor":31,"turns":4},{"damage":12,"enemies":"Cultist and Chosen","floor":32,"turns":4},{"damage":71,"enemies":"downfall:Silent","floor":33,"turns":8},{"damage":34,"enemies":"3 Darklings","floor":36,"turns":7},{"damage":15,"enemies":"3 Shapes","floor":37,"turns":2},{"damage":8,"enemies":"downfall:FleeingMerchant","floor":38,"turns":3},{"damage":27,"enemies":"Spire Growth","floor":39,"turns":3},{"damage":58,"enemies":"3 Darklings","floor":42,"turns":4},{"damage":44,"enemies":"Nemesis","floor":43,"turns":5},{"damage":63,"enemies":"Transient","floor":44,"turns":5},{"damage":30,"enemies":"Sphere and 2 Shapes","floor":45,"turns":6},{"damage":63,"enemies":"4 Shapes","floor":49,"turns":5},{"damage":64,"enemies":"downfall:Ironclad","floor":50,"turns":11},{"damage":201,"enemies":"downfall:CharBossMerchant","floor":52,"turns":7}],"seed_played":"-6909510103287740634","potions_obtained":[{"floor":2,"key":"Guardian:BlockOnCardUsePotion"},{"floor":3,"key":"Guardian:BlockOnCardUsePotion"},{"floor":14,"key":"SkillPotion"},{"floor":23,"key":"Strength Potion"},{"floor":25,"key":"CultistPotion"},{"floor":27,"key":"ColorlessPotion"},{"floor":29,"key":"PowerPotion"},{"floor":31,"key":"GamblersBrew"},{"floor":32,"key":"Guardian:BlockOnCardUsePotion"},{"floor":33,"key":"Swift Potion"},{"floor":36,"key":"SpeedPotion"},{"floor":37,"key":"Weak Potion"},{"floor":38,"key":"champ:UltimateStancePotion"},{"floor":39,"key":"EssenceOfSteel"},{"floor":42,"key":"Weak Potion"},{"floor":43,"key":"Fire Potion"},{"floor":44,"key":"Explosive Potion"},{"floor":45,"key":"Guardian:BlockOnCardUsePotion"},{"floor":49,"key":"FearPotion"}],"is_trial":false,"path_per_floor":["R","M","M","?","M","R","T","$","R","$","?","R","$","M","M","B",null,"R","M","?","?","M","M","T","?","R","M","?","M","R","$","M","B",null,"R","M","M","$","M","?","T","M","E","M","M","?","R","$","M","B",null,"E"],"character_chosen":"THE_CHAMP","items_purchased":["champ:GladiatorsShout","champ:ShieldWall","champ:HeavySlash"],"campfire_rested":1,"item_purchase_floors":[8,31,38],"current_hp_per_floor":[99,93,88,88,86,86,86,86,86,81,86,86,86,78,73,5,104,104,99,99,99,84,70,70,51,61,51,51,51,85,85,83,38,114,114,114,108,108,88,88,88,103,97,114,102,102,102,102,114,101,114,0,0,0],"gold":1,"neow_bonus":"TEN_PERCENT_HP_BONUS","is_daily":false,"chose_seed":false,"campfire_upgraded":7,"win_rate":0.0,"timestamp":1608918488,"path_taken":["R","M","M","?","M","R","T","?","R","?","?","R","?","M","M","BOSS","R","M","?","?","?","M","T","?","R","M","?","?","R","$","M","BOSS","R","M","M","$","M","?","T","?","E","M","?","?","R","$","M","BOSS","E"],"items_purchased_type":["Card","Card","Card"],"build_version":"2020-12-22","purchased_purges":0,"victory":false,"max_hp_per_floor":[99,99,99,99,99,99,99,99,99,99,104,104,104,104,104,104,104,104,104,104,104,104,104,104,104,114,114,114,114,114,114,114,114,114,114,114,114,114,114,114,114,114,114,114,114,114,114,114,114,114,114,114,114,114],"card_choices":[{"not_picked":["champ:FlashCut","champ:RisingSlash"],"picked":"champ:ArenaPreparation","floor":2},{"not_picked":["champ:ArenaPreparation","champ:Shatter"],"picked":"champ:EnGarde","floor":3},{"not_picked":["champ:GutPunch","champ:PerfectedStrike"],"picked":"champ:StanceDance","floor":5},{"not_picked":["champ:Duel","champ:FocusedDefense"],"picked":"champ:DefensiveStyle","floor":8},{"not_picked":["champ:DefensiveShout","champ:Backstep"],"picked":"champ:CrookedStrike","floor":10},{"not_picked":["champ:BerserkersShout","champ:StanceDance"],"picked":"champ:PerfectedStrike","floor":13},{"not_picked":["champ:FightOn","champ:Haymaker"],"picked":"champ:FaceSlap","floor":14},{"not_picked":["champ:DeathBlow","champ:StrikeOfGenius"],"picked":"champ:FlashCut","floor":15},{"not_picked":["champ:VampiricStrike","champ:MurderStrike"],"picked":"champ:SwordThrow","floor":16},{"not_picked":["champ:GutPunch","champ:GladiatorsShout","champ:TornadoPunch"],"picked":"SKIP","floor":19},{"not_picked":["champ:Shatter","champ:RecklessLeap"],"picked":"champ:IronFortress+1","floor":22},{"not_picked":["champ:FanOfKnives","champ:CrookedStrike"],"picked":"champ:AdrenalArmor","floor":23},{"not_picked":["champ:CrookedStrike","champ:Haymaker+1"],"picked":"champ:FanOfKnives","floor":25},{"not_picked":["champ:BringItOn","champ:DefensiveShout"],"picked":"champ:RapidStrikes","floor":27},{"not_picked":["champ:Circumvent","champ:RecklessLeap"],"picked":"champ:Backstep+1","floor":29},{"not_picked":["champ:FanOfKnives+1","champ:FocusedDefense+1"],"picked":"champ:BerserkerStyle+1","floor":31},{"not_picked":["champ:FanOfKnives","champ:RapidStrikes"],"picked":"champ:SteelEdge","floor":32},{"not_picked":["champ:LastStand","champ:CrownThrow"],"picked":"champ:VampiricStrike","floor":33},{"not_picked":["champ:GutPunch+1","champ:ShieldWall+1"],"picked":"champ:BerserkersShout","floor":36},{"not_picked":["champ:Lariat","champ:BerserkersShout"],"picked":"champ:PreciseThrust","floor":37},{"not_picked":["champ:TornadoPunch+1","champ:AdrenalArmor+1"],"picked":"champ:ArenaPreparation+1","floor":38},{"not_picked":["champ:GladiatorsShout","champ:BladeFlurry"],"picked":"champ:Backstep+1","floor":39},{"not_picked":["champ:Circumvent+1","champ:RapidStrikes+1"],"picked":"champ:AdrenalArmor+1","floor":42},{"not_picked":["champ:RapidStrikes","champ:Riposte"],"picked":"champ:CrownThrow","floor":43},{"not_picked":["champ:StanceDance","champ:GutPunch","champ:BladeFlurry+1"],"picked":"SKIP","floor":44},{"not_picked":["champ:BerserkerStyle+1","champ:TornadoPunch+1"],"picked":"champ:Encircle+1","floor":45},{"not_picked":["champ:DeathBlow","champ:StanceDance"],"picked":"champ:ShieldWall+1","floor":49}],"player_experience":11405,"relics_obtained":[{"floor":7,"key":"Bottled Lightning"},{"floor":25,"key":"champ:BlackKnightHelmet"},{"floor":25,"key":"White Beast Statue"},{"floor":41,"key":"Darkstone Periapt"},{"floor":43,"key":"Vajra"}],"event_choices":[{"damage_healed":0,"gold_gain":0,"player_choice":"Donut","damage_taken":0,"max_hp_gain":5,"max_hp_loss":0,"event_name":"Big Fish","floor":11,"gold_loss":0},{"damage_healed":0,"gold_gain":0,"player_choice":"Ignored","damage_taken":0,"max_hp_gain":0,"max_hp_loss":0,"event_name":"Ghosts","floor":20,"gold_loss":0},{"damage_healed":0,"gold_gain":0,"player_choice":"Rummage","damage_taken":0,"relics_obtained":["WarpedTongs"],"max_hp_gain":0,"max_hp_loss":0,"event_name":"Accursed Blacksmith","floor":21,"gold_loss":0,"cards_obtained":["Pain"]},{"cards_removed":["Pain"],"damage_healed":0,"gold_gain":0,"player_choice":"Purged","damage_taken":0,"max_hp_gain":0,"max_hp_loss":0,"event_name":"Purifier","floor":28,"gold_loss":0},{"damage_healed":0,"gold_gain":0,"player_choice":"Copied","damage_taken":0,"max_hp_gain":0,"max_hp_loss":0,"event_name":"Duplicator","floor":40,"gold_loss":0,"cards_obtained":["champ:SteelEdge"]},{"cards_removed":["champ:GladiatorsShout"],"damage_healed":0,"gold_gain":0,"player_choice":"Removed Skill","damage_taken":0,"max_hp_gain":0,"max_hp_loss":0,"event_name":"Falling","floor":46,"gold_loss":0}],"is_beta":false,"boss_relics":[{"not_picked":["Empty Cage","Busted Crown"],"picked":"downfall:Hecktoplasm"},{"not_picked":["Fusion Hammer","Philosopher\u0027s Stone"],"picked":"Cursed Key"}],"items_purged_floors":[],"is_endless":false,"potions_floor_spawned":[2,3,14,23,25,27,29,31,32,33,36,37,38,39,42,43,44,45,49],"killed_by":"downfall:CharBossMerchant","ascension_level":0}}