{"host":"fevvm7bbzuh4s1jc","time":1608923278,"event":{"mods":["BaseMod","Highlight Path","Minty Spire (QoL Compilation)","Relic Stats"],"gold_per_floor":[119,138,21,21,32,32,32,32,32,72,72,88,116,139,139,226,226,249,299,299,214,41,71,16,60,60,60,101,110,10,50,50,135,135,152,199,208,91,117,155,183,210,210,219,237,277,286,302,302,302,302],"floor_reached":50,"playtime":3380,"items_purged":["Strike_G","Pain","Strike_G"],"score":1408,"play_id":"127c2c3c-28b4-4f43-9381-fc729718b2f7","local_time":"20201225140758","is_ascension_mode":true,"campfire_choices":[{"data":"1","floor":6.0,"key":"LIFT"},{"data":"2","floor":8.0,"key":"LIFT"},{"data":"3","floor":11.0,"key":"LIFT"},{"data":"Neutralize","floor":15.0,"key":"SMITH"},{"floor":27.0,"key":"DIG"},{"floor":32.0,"key":"DIG"},{"floor":44.0,"key":"REST"},{"floor":49,"key":"RECALL"}],"circlet_count":0,"master_deck":["AscendersBane","Strike_G","Strike_G","Strike_G","Defend_G","Defend_G","Defend_G","Defend_G","Defend_G","Survivor","Neutralize+1","All Out Attack","Slice","Eviscerate","Endless Agony","Dagger Spray","Backflip","Blur","Adrenaline","Endless Agony","Acrobatics","Blade Dance","Finisher","Malaise","Acrobatics","Footwork","Prepared+1","Leg Sweep","Phantasmal Killer","Leg Sweep","Footwork","Writhe"],"relics":["Ring of the Snake","Girya","Pen Nib","CeramicFish","Fusion Hammer","Dream Catcher","Bag of Preparation","Ninja Scroll","HornCleat","Shovel","Pantograph","Bottled Lightning","WarpedTongs","Blue Candle","Gremlin Horn","Philosopher\u0027s Stone","Smiling Mask","Ginger","Shuriken","Orichalcum"],"acts_visited":["Exordium","TheCity","TheBeyond"],"potions_floor_usage":[],"damage_taken":[{"damage":12.0,"enemies":"Cultist","floor":1.0,"turns":6.0},{"damage":0.0,"enemies":"2 Louse","floor":2.0,"turns":3.0},{"damage":9.0,"enemies":"Small Slimes","floor":5.0,"turns":5.0},{"damage":3.0,"enemies":"Gremlin Nob","floor":10.0,"turns":3.0},{"damage":0.0,"enemies":"Looter","floor":12.0,"turns":1.0},{"damage":0.0,"enemies":"3 Louse","floor":13.0,"turns":1.0},{"damage":0.0,"enemies":"2 Fungi Beasts","floor":14.0,"turns":1.0},{"damage":17.0,"enemies":"Hexaghost","floor":16.0,"turns":9.0},{"damage":0.0,"enemies":"3 Byrds","floor":18.0,"turns":3.0},{"damage":15.0,"enemies":"Book of Stabbing","floor":23.0,"turns":3.0},{"damage":0.0,"enemies":"Gremlin Leader","floor":25.0,"turns":2.0},{"damage":0.0,"enemies":"Slavers","floor":28.0,"turns":3.0},{"damage":0.0,"enemies":"Book of Stabbing","floor":31.0,"turns":3.0},{"damage":29.0,"enemies":"Collector","floor":33.0,"turns":6.0},{"damage":0.0,"enemies":"3 Darklings","floor":35.0,"turns":3.0},{"damage":6.0,"enemies":"3 Shapes","floor":39.0,"turns":9.0},{"damage":39.0,"enemies":"Giant Head","floor":40.0,"turns":8.0},{"damage":0.0,"enemies":"3 Darklings","floor":41.0,"turns":1.0},{"damage":6.0,"enemies":"Reptomancer","floor":42.0,"turns":5.0},{"damage":0.0,"enemies":"Maw","floor":45.0,"turns":4.0},{"damage":0,"enemies":"Giant Head","floor":46,"turns":4},{"damage":12,"enemies":"Transient","floor":48,"turns":6},{"damage":56,"enemies":"Donu and Deca","floor":50,"turns":5}],"seed_played":"-7618080408804921545","potions_obtained":[{"floor":1.0,"key":"Explosive Potion"},{"floor":2.0,"key":"ColorlessPotion"},{"floor":10.0,"key":"BlessingOfTheForge"},{"floor":23.0,"key":"Strength Potion"},{"floor":28.0,"key":"EssenceOfSteel"},{"floor":31.0,"key":"GamblersBrew"},{"floor":39.0,"key":"DistilledChaos"},{"floor":41.0,"key":"FearPotion"},{"floor":42.0,"key":"DuplicationPotion"}],"is_trial":false,"path_per_floor":["M","M","$","?","M","R","?","R","T","E","R","M","M","M","R","B",null,"M","?","?","?","$","E","$","E","T","R","E","?","$","E","R","B",null,"M","T","?","$","M","E","M","E","T","R","M","E","?","M","R","B"],"character_chosen":"THE_SILENT","items_purchased":["Eviscerate","Bag of Preparation","PowerPotion","Footwork"],"campfire_rested":1,"item_purchase_floors":[3,22,24,38],"current_hp_per_floor":[32,32,32,32,23,23,23,23,23,20,20,20,20,20,20,3,50,50,50,50,50,50,35,35,35,35,35,35,35,35,35,35,31,57,57,57,57,57,51,12,12,6,6,25,25,25,38,26,26,0,0],"gold":302,"neow_bonus":"ONE_RARE_RELIC","is_daily":false,"chose_seed":false,"campfire_upgraded":1,"win_rate":0.0,"timestamp":1608923278,"path_taken":["M","M","$","?","M","R","?","R","T","E","R","M","M","M","R","BOSS","M","?","?","?","$","E","?","E","T","R","E","?","$","E","R","BOSS","M","?","?","$","?","E","M","E","T","R","M","E","?","M","R","BOSS"],"items_purchased_type":["Card","Relic","Potion","Card"],"build_version":"2020-12-22","purchased_purges":3,"victory":false,"max_hp_per_floor":[66,66,66,66,66,66,66,66,66,66,66,66,66,66,66,66,66,66,66,66,66,66,66,66,66,66,66,66,66,66,66,66,66,66,66,66,66,66,66,66,66,66,66,66,66,66,66,66,66,66,66],"relic_stats":{"Gremlin Horn":[17,16],"counters":[23,94],"CeramicFish":162,"Blue Candle":[4],"Pen Nib":[31],"Bag of Preparation":[2],"Ginger":[8],"Orichalcum":[0],"Smiling Mask":75,"WarpedTongs":[54],"Dream Catcher":1,"Shovel":2,"Shuriken":[19],"Pantograph":50,"obtain_stats":[{"Girya":0,"Gremlin Horn":32,"CeramicFish":10,"Blue Candle":31,"Pen Nib":9,"Bag of Preparation":22,"Ginger":40,"Orichalcum":46,"Smiling Mask":36,"WarpedTongs":29,"Dream Catcher":21,"HornCleat":25,"Shovel":26,"Ninja Scroll":23,"Shuriken":42,"Pantograph":27,"Philosopher\u0027s Stone":34,"Fusion Hammer":17,"Bottled Lightning":28,"Ring of the Snake":0},{"Girya":0,"Gremlin Horn":13,"CeramicFish":4,"Blue Candle":13,"Pen Nib":3,"Bag of Preparation":9,"Ginger":17,"Orichalcum":21,"Smiling Mask":15,"WarpedTongs":12,"Dream Catcher":9,"HornCleat":11,"Shovel":11,"Ninja Scroll":10,"Shuriken":19,"Pantograph":11,"Philosopher\u0027s Stone":14,"Fusion Hammer":8,"Bottled Lightning":12,"Ring of the Snake":0},{"Girya":0,"Gremlin Horn":43,"CeramicFish":17,"Blue Candle":43,"Pen Nib":14,"Bag of Preparation":32,"Ginger":69,"Orichalcum":83,"Smiling Mask":52,"WarpedTongs":40,"Dream Catcher":32,"HornCleat":37,"Shovel":37,"Ninja Scroll":35,"Shuriken":75,"Pantograph":37,"Philosopher\u0027s Stone":49,"Fusion Hammer":29,"Bottled Lightning":40,"Ring of the Snake":0}],"Ring of the Snake":[42]},"card_choices":[{"not_picked":["Deadly Poison","Poisoned Stab"],"picked":"All Out Attack","floor":1.0},{"not_picked":["Dodge and Roll","PiercingWail"],"picked":"Slice","floor":2.0},{"not_picked":["PiercingWail","Bane"],"picked":"Endless Agony","floor":5.0},{"not_picked":["Unload","Choke"],"picked":"Dagger Spray","floor":10.0},{"not_picked":["Outmaneuver","Bane","Reflex"],"picked":"SKIP","floor":12.0},{"not_picked":["Flying Knee","Quick Slash"],"picked":"Backflip","floor":13.0},{"not_picked":["Prepared","Reflex"],"picked":"Blur","floor":14.0},{"not_picked":["Wraith Form v2","Grand Finale"],"picked":"Adrenaline","floor":16.0},{"not_picked":["Slice","Catalyst"],"picked":"Endless Agony","floor":18.0},{"not_picked":["Quick Slash","Underhanded Strike","Bullet Time"],"picked":"SKIP","floor":23.0},{"not_picked":["Catalyst+1","Burst"],"picked":"Acrobatics","floor":25.0},{"not_picked":["Backflip","Malaise"],"picked":"Blade Dance","floor":28.0},{"not_picked":["Catalyst","Poisoned Stab"],"picked":"Finisher","floor":31.0},{"not_picked":["A Thousand Cuts","Corpse Explosion"],"picked":"Malaise","floor":33.0},{"not_picked":["Caltrops","Poisoned Stab","Quick Slash"],"picked":"SKIP","floor":35.0},{"not_picked":["Cloak And Dagger","Flying Knee"],"picked":"Prepared+1","floor":39.0},{"not_picked":["Dagger Throw","Blur+1"],"picked":"Leg Sweep","floor":40.0},{"not_picked":["Prepared","PiercingWail"],"picked":"Phantasmal Killer","floor":41.0},{"not_picked":["Outmaneuver","Setup","Noxious Fumes"],"picked":"SKIP","floor":42.0},{"not_picked":["Quick Slash","Outmaneuver"],"picked":"Leg Sweep","floor":44.0},{"not_picked":["Flying Knee+1","Outmaneuver","Sucker Punch"],"picked":"SKIP","floor":45.0},{"not_picked":["Adrenaline","Skewer"],"picked":"Footwork","floor":46},{"not_picked":["Bane","Poisoned Stab","Riddle With Holes"],"picked":"SKIP","floor":48}],"player_experience":2580579,"relics_obtained":[{"floor":9.0,"key":"Pen Nib"},{"floor":10.0,"key":"CeramicFish"},{"floor":23.0,"key":"Ninja Scroll"},{"floor":25.0,"key":"HornCleat"},{"floor":26.0,"key":"Shovel"},{"floor":27.0,"key":"Pantograph"},{"floor":28.0,"key":"Bottled Lightning"},{"floor":31.0,"key":"Blue Candle"},{"floor":32.0,"key":"Gremlin Horn"},{"floor":36.0,"key":"Smiling Mask"},{"floor":40.0,"key":"Ginger"},{"floor":42.0,"key":"Shuriken"},{"floor":46,"key":"Orichalcum"}],"event_choices":[{"damage_healed":0.0,"max_hp_gain":0.0,"max_hp_loss":0.0,"gold_gain":0.0,"event_name":"Shining Light","player_choice":"Ignored","floor":4.0,"gold_loss":0.0,"damage_taken":0.0},{"damage_healed":0.0,"max_hp_gain":0.0,"max_hp_loss":0.0,"gold_gain":0.0,"event_name":"Liars Game","player_choice":"Ignored","floor":7.0,"gold_loss":0.0,"damage_taken":0.0},{"damage_healed":0.0,"max_hp_gain":0.0,"max_hp_loss":0.0,"gold_gain":50.0,"event_name":"Nest","player_choice":"Stole From Cult","floor":19.0,"gold_loss":0.0,"damage_taken":0.0},{"damage_healed":0.0,"max_hp_gain":0.0,"max_hp_loss":0.0,"gold_gain":0.0,"event_name":"Ghosts","player_choice":"Ignored","floor":20.0,"gold_loss":0.0,"damage_taken":0.0},{"damage_healed":0.0,"max_hp_gain":0.0,"max_hp_loss":0.0,"gold_gain":0.0,"event_name":"Addict","player_choice":"Obtained Relic","floor":21.0,"gold_loss":85.0,"damage_taken":0.0,"relics_obtained":["Dream Catcher"]},{"damage_healed":0.0,"max_hp_gain":0.0,"max_hp_loss":0.0,"gold_gain":0.0,"event_name":"Accursed Blacksmith","player_choice":"Rummage","floor":29.0,"gold_loss":0.0,"damage_taken":0.0,"relics_obtained":["WarpedTongs"],"cards_obtained":["Pain"]},{"damage_healed":0.0,"max_hp_gain":0.0,"max_hp_loss":0.0,"gold_gain":0.0,"event_name":"Duplicator","player_choice":"Copied","floor":37.0,"gold_loss":0.0,"damage_taken":0.0,"cards_obtained":["Acrobatics"]},{"damage_healed":13,"gold_gain":0,"player_choice":"Writhe","damage_taken":0,"max_hp_gain":0,"max_hp_loss":0,"event_name":"Winding Halls","floor":47,"gold_loss":0,"cards_obtained":["Writhe"]}],"is_beta":false,"boss_relics":[{"not_picked":["Runic Pyramid","Sozu"],"picked":"Fusion Hammer"},{"not_picked":["Runic Dome","Calling Bell"],"picked":"Philosopher\u0027s Stone"}],"items_purged_floors":[3,30,38],"is_endless":false,"potions_floor_spawned":[1,2,10,13,23,28,31,39,41,42,46],"killed_by":"Donu and Deca","ascension_level":20}}