{"host":"6a06qhlf17v5rcww","time":1608879900,"event":{"mods":["BaseMod","Beaked The Cultist","Better Altar","Better Match","Better Note","Better Sensory Stone","Better Skull","Better Third Choice","BetterRewards","Downfall","Hermit","Infinite Spire","Minty Spire (QoL Compilation)","Rare Cards Sparkle","Replay The Spire","StSLib","The Cursed","The Witch"],"gold_per_floor":[99,99,423,423,453,453,453,453,453,453],"floor_reached":8,"playtime":661,"items_purged":[],"score":40,"play_id":"18a2c873-448d-458b-a50c-1cf8211efa04","local_time":"20201225020500","is_ascension_mode":false,"campfire_choices":[{"floor":1,"key":"RECALL"}],"circlet_count":0,"master_deck":["champ:Strike","champ:Strike+1","champ:Strike","champ:Strike","champ:Defend","champ:Defend","champ:Defend","champ:Defend","champ:Execute","champ:Taunt","champ:IronFortress","champ:Encircle","champ:Circumvent"],"relics":["champ:ChampionCrown","downfall:HeartsMalice","ReplayTheSpireMod:TigerMarble","infinitespire:Joker Card","HornCleat"],"acts_visited":["Exordium"],"potions_floor_usage":[],"damage_taken":[{"damage":0,"enemies":"Cultist","floor":2,"turns":1},{"damage":0,"enemies":"Small Slimes","floor":4,"turns":1},{"damage":0,"enemies":"Jaw Worm","floor":6,"turns":1},{"damage":30,"enemies":"3 Sentries","floor":8,"turns":6}],"seed_played":"-3941369939909160444","potions_obtained":[],"is_trial":false,"path_per_floor":["R","M","?","M","?","M","T","E"],"character_chosen":"THE_CHAMP","items_purchased":[],"campfire_rested":0,"item_purchase_floors":[],"current_hp_per_floor":[90,90,29,29,29,29,29,0,0,0],"gold":453,"neow_bonus":"THREE_ENEMY_KILL","is_daily":false,"chose_seed":false,"campfire_upgraded":0,"win_rate":0.0,"timestamp":1608879900,"path_taken":["R","M","?","?","?","M","T","E"],"items_purchased_type":[],"build_version":"2020-12-22","purchased_purges":0,"victory":false,"max_hp_per_floor":[90,90,90,90,90,90,90,90,90,90],"card_choices":[{"not_picked":["champ:Haymaker","champ:FightOn"],"picked":"champ:IronFortress","floor":2},{"not_picked":["champ:PreciseThrust","champ:BladeFlurry"],"picked":"champ:Encircle","floor":4},{"not_picked":["champ:GutPunch","champ:DefensiveShout"],"picked":"champ:Circumvent","floor":6}],"player_experience":711932,"relics_obtained":[{"floor":7,"key":"HornCleat"}],"event_choices":[{"damage_healed":0,"gold_gain":324,"player_choice":"GO GO RE UP GO ","damage_taken":68,"relics_obtained":["ReplayTheSpireMod:TigerMarble"],"max_hp_gain":0,"max_hp_loss":0,"event_name":"betterSkull:BetterSkull","floor":3,"gold_loss":0,"cards_upgraded":["champ:Strike"]}],"is_beta":false,"boss_relics":[],"items_purged_floors":[],"is_endless":false,"potions_floor_spawned":[],"killed_by":"3 Sentries","ascension_level":0}}