{"host":"lmshf3swj20gmdor","time":1608929754,"event":{"mods":["Aspiration","BaseMod","Conspire","Downfall","Hubris","Mad Scientist","Minty Spire (QoL Compilation)","Replay The Spire","Spikes Relics","StSLib","Synergy Search","The Construct"],"gold_per_floor":[113,123,48,64,79,79,110,110,110,210,142,156,187,214,226,334,346,369,381,393,405,417,460,491,503,540,563,575,601,633,671,683,695,695],"floor_reached":33,"playtime":988,"items_purged":["Regret"],"score":388,"play_id":"aefcc1c3-9333-43ae-8c9a-48f24e9d94ca","local_time":"20201225205554","is_ascension_mode":true,"campfire_choices":[{"data":"Zap","floor":6.0,"key":"SMITH"},{"floor":8.0,"key":"REST"},{"floor":15.0,"key":"REST"},{"floor":25.0,"key":"REST"},{"data":"Biased Cognition","floor":28,"key":"SMITH"},{"data":"Echo Form","floor":28,"key":"SMITH"},{"floor":32,"key":"REST"}],"circlet_count":0,"master_deck":["Strike_B","Strike_B","Strike_B","Strike_B","Defend_B","Defend_B","Defend_B","Defend_B","Zap+1","Dualcast","Redo","Barrage","Echo Form+1","Cold Snap+1","ReplayGash+1","ReplayGash+1","Ball Lightning+1","Biased Cognition+1","hubris:Ukulele+1","Mirror Shield"],"relics":["Cracked Core","ReplayTheSpireMod:Lightbulb","Molten Egg 2","Replay:Arrowhead","MawBank","construct:WeddingRing","hubris:Icosahedron","hubris:ToyBattleship","Nunchaku","ReplayTheSpireMod:TigerMarble","Red Mask"],"acts_visited":["Exordium","TheCity"],"potions_floor_usage":[30,31,31,31,31,31],"damage_taken":[{"damage":3.0,"enemies":"2 Louse","floor":1.0,"turns":2.0},{"damage":4.0,"enemies":"Cultist","floor":2.0,"turns":3.0},{"damage":0.0,"enemies":"Small Slimes","floor":4.0,"turns":3.0},{"damage":19.0,"enemies":"Blue Slaver","floor":5.0,"turns":4.0},{"damage":27.0,"enemies":"Replay:BlueRogue","floor":7.0,"turns":6.0},{"damage":0.0,"enemies":"2 Fungi Beasts","floor":12.0,"turns":2.0},{"damage":22.0,"enemies":"Gremlin Nob","floor":13.0,"turns":3.0},{"damage":11.0,"enemies":"conspire:2 RoseBushes","floor":14.0,"turns":4.0},{"damage":30.0,"enemies":"Fading Forest","floor":16.0,"turns":11.0},{"damage":28.0,"enemies":"Shell Parasite","floor":18.0,"turns":3.0},{"damage":25.0,"enemies":"Gremlin Leader","floor":23.0,"turns":6.0},{"damage":6.0,"enemies":"2 Thieves","floor":24.0,"turns":3.0},{"damage":6,"enemies":"Snecko","floor":27,"turns":4},{"damage":6,"enemies":"Cultist and Chosen","floor":29,"turns":4},{"damage":7,"enemies":"Shelled Parasite and Fungi","floor":30,"turns":4},{"damage":0,"enemies":"Masked Bandits","floor":31,"turns":2},{"damage":31,"enemies":"conspire:MysteriousRune","floor":33,"turns":5}],"seed_played":"-8025941677083678428","potions_obtained":[{"floor":2.0,"key":"SpeedPotion"},{"floor":4.0,"key":"Explosive Potion"},{"floor":5.0,"key":"Strength Potion"},{"floor":16.0,"key":"Guardian:BlockOnCardUsePotion"},{"floor":18.0,"key":"Strength Potion"},{"floor":24.0,"key":"Weak Potion"}],"is_trial":false,"path_per_floor":["M","M","$","M","M","R","E","R","T","?","$","M","E","M","R","B",null,"M","?","?","T","$","E","M","R","T","M","R","M","M","?","R","B"],"character_chosen":"DEFECT","items_purchased":["ReplayGash+1"],"campfire_rested":4,"item_purchase_floors":[11],"current_hp_per_floor":[65,61,61,61,42,42,15,37,37,37,37,37,15,4,26,4,57,29,29,37,37,37,12,6,28,28,22,22,16,9,9,31,0,0],"gold":695,"neow_bonus":"RANDOM_EVENT","is_daily":false,"chose_seed":false,"campfire_upgraded":3,"win_rate":0.0,"timestamp":1608929754,"path_taken":["M","M","$","M","M","R","E","R","T","?","$","M","E","M","R","BOSS","M","?","?","?","$","E","M","R","T","M","R","M","M","?","R","BOSS"],"items_purchased_type":["Card"],"build_version":"2020-12-22","purchased_purges":1,"victory":false,"max_hp_per_floor":[75,75,75,75,75,75,75,75,75,75,75,75,75,75,75,75,75,75,75,75,75,75,75,75,75,75,75,75,75,75,75,75,75,75],"card_choices":[{"not_picked":["Sweeping Beam","ReplayTheSpireMod:System Scan"],"picked":"Redo","floor":1.0},{"not_picked":["Stack","Hologram","Leap"],"picked":"SKIP","floor":2.0},{"not_picked":["Sweeping Beam","Cold Snap"],"picked":"Barrage","floor":4.0},{"not_picked":["ReplayTheSpireMod:Reroute Power","hubris:Ukulele"],"picked":"Echo Form","floor":5.0},{"not_picked":["Panic Button","Redo"],"picked":"Cold Snap+1","floor":7.0},{"not_picked":["Ball Lightning+1","Streamline+1"],"picked":"ReplayGash+1","floor":12.0},{"not_picked":["BootSequence","Cold Snap+1"],"picked":"Ball Lightning+1","floor":13.0},{"not_picked":["FTL+1","Sweeping Beam+1","Compile Driver+1"],"picked":"SKIP","floor":14.0},{"not_picked":["ReplayTheSpireMod:Omega Cannon+1","Multi-Cast"],"picked":"Biased Cognition","floor":16.0},{"not_picked":["Rebound+1","ReplayTheSpireMod:Repulse+1","Stack"],"picked":"SKIP","floor":18.0},{"not_picked":["Blizzard+1","Leap","Panic Button"],"picked":"SKIP","floor":23.0},{"not_picked":["aspiration:Polymerization","Hologram","Sunder+1"],"picked":"SKIP","floor":24.0},{"not_picked":["Steam","Compile Driver+1","Sweeping Beam+1"],"picked":"SKIP","floor":27},{"not_picked":["conspire:Rain","Barrage+1","BasicCrystalCard"],"picked":"SKIP","floor":29},{"not_picked":["White Noise","ReplayTheSpireMod:Reroute Power+1"],"picked":"hubris:Ukulele+1","floor":30},{"not_picked":["Leap+1","Steam"],"picked":"Mirror Shield","floor":31}],"player_experience":844598,"relics_obtained":[{"floor":7.0,"key":"Molten Egg 2"},{"floor":9.0,"key":"Replay:Arrowhead"},{"floor":13.0,"key":"MawBank"},{"floor":21.0,"key":"hubris:ToyBattleship"},{"floor":23.0,"key":"Nunchaku"},{"floor":26.0,"key":"ReplayTheSpireMod:TigerMarble"},{"floor":31,"key":"Red Mask"}],"event_choices":[{"damage_healed":0.0,"max_hp_gain":0.0,"max_hp_loss":0.0,"gold_gain":0.0,"event_name":"Big Fish","player_choice":"Box","floor":0.0,"gold_loss":0.0,"damage_taken":0.0,"relics_obtained":["ReplayTheSpireMod:Lightbulb"],"cards_obtained":["Regret"]},{"damage_healed":0.0,"max_hp_gain":0.0,"max_hp_loss":0.0,"gold_gain":100.0,"event_name":"Golden Shrine","player_choice":"Pray","floor":10.0,"gold_loss":0.0,"damage_taken":0.0},{"damage_healed":0,"gold_gain":0,"player_choice":"Fought Bandits","damage_taken":0,"max_hp_gain":0,"max_hp_loss":0,"event_name":"Masked Bandits","floor":31,"gold_loss":0}],"is_beta":false,"boss_relics":[{"not_picked":["Nuclear Battery","Runic Dome"],"picked":"construct:WeddingRing"}],"items_purged_floors":[3],"is_endless":false,"potions_floor_spawned":[2,4,5,16,18,24,29],"killed_by":"conspire:MysteriousRune","ascension_level":8}}