{"host":"qvl114e0jmbc6yhm","time":1608860415,"event":{"mods":["Act Like it!","BaseMod","Hermit","Highlight Path","Hubris","Jedi Mod","Marisa????????","Marked Mod","Minty Spire (QoL Compilation)","Permanent Neow","Random Character Button","Relic Sorter","Relic Stats","Replay The Spire","Shop Mod","Spicy Shops","StSLib","The Jungle","The Runesmith"],"gold_per_floor":[213,137,149,166,166,494,507,507,558,586,598,610,639,33,33,107,107,121,121,131,151,170,204,204,217,217,228,242,40,55,72,72,146,146,164,178,20,0,0,16,45,55,55,71,71,87,87,87,87,87],"floor_reached":51,"playtime":2759,"items_purged":["Normality","Spreading Infection"],"score":1273,"play_id":"0ca0cb12-f1ee-49a3-94c2-2f55ea2920c8","local_time":"20201224204015","is_ascension_mode":true,"campfire_choices":[{"data":"OortCloud","floor":8,"key":"SMITH"},{"data":"DeepEcoloBomb","floor":11,"key":"SMITH"},{"data":"UpSweep","floor":15,"key":"SMITH"},{"data":"ManaRampage","floor":24,"key":"SMITH"},{"data":"EnergyFlow","floor":32,"key":"SMITH"},{"floor":45,"key":"REST"},{"floor":47,"key":"RECALL"}],"circlet_count":0,"master_deck":["AscendersBane","Strike_MRS","Strike_MRS","Defend_MRS","Defend_MRS","Defend_MRS","Defend_MRS","MasterSpark+1","UpSweep+1","DeepEcoloBomb+1","OortCloud+1","AsteroidBelt","UltimateShortwave","ManaRampage+1","CurseOfTheBell","GrandCross","SporeBomb","MilkyWay+1","UnstableBomb","GalacticHalo","EnergyFlow+1","ShootTheMoon+1","PropBag+1","6A+1","GalacticHalo+1","MilkyWay+1","WitchLeyline"],"relics":["MiniHakkero","jedi:fakemustache","Old Coin","Toy Ornithopter","MawBank","ReplayTheSpireMod:CursedCoin","Vajra","hubris:OldNail","Eternal Feather","Bronze Scales","Calling Bell","jedi:archwizardhat","FossilizedHelix","Replay:Baseball","Ring of Fury","Strawberry","Pen Nib","Membership Card","Fusion Hammer","Chemical X","Orichalcum","Red Mask","Akabeko","Toxic Egg 2","CaptainsWheel"],"acts_visited":["Exordium","TheCity","TheBeyond"],"potions_floor_usage":[6,20,25,27,31,33,41,41,50,50],"damage_taken":[{"damage":1,"enemies":"Cultist","floor":1,"turns":3},{"damage":6,"enemies":"2 Louse","floor":3,"turns":2},{"damage":3,"enemies":"Jaw Worm","floor":4,"turns":3},{"damage":9,"enemies":"Lagavulin","floor":6,"turns":6},{"damage":1,"enemies":"Looter","floor":7,"turns":4},{"damage":9,"enemies":"3 Sentries","floor":10,"turns":12},{"damage":0,"enemies":"3 Louse","floor":13,"turns":3},{"damage":17,"enemies":"The Guardian","floor":16,"turns":12},{"damage":20,"enemies":"3 Byrds","floor":18,"turns":3},{"damage":0,"enemies":"2 Thieves","floor":20,"turns":2},{"damage":2,"enemies":"Shelled Parasite and Fungi","floor":21,"turns":2},{"damage":19,"enemies":"Snecko","floor":22,"turns":5},{"damage":11,"enemies":"Replay:Snechameleon","floor":23,"turns":4},{"damage":8,"enemies":"Snake Plant","floor":25,"turns":3},{"damage":0,"enemies":"Cultist and Chosen","floor":27,"turns":2},{"damage":0,"enemies":"Shelled Parasite and Fungi","floor":28,"turns":3},{"damage":9,"enemies":"3 Cultists","floor":30,"turns":5},{"damage":1,"enemies":"Centurion and Healer","floor":31,"turns":5},{"damage":76,"enemies":"Automaton","floor":33,"turns":7},{"damage":1,"enemies":"3 Shapes","floor":35,"turns":8},{"damage":0,"enemies":"Orb Walker","floor":36,"turns":1},{"damage":12,"enemies":"Jaw Worm Horde","floor":40,"turns":4},{"damage":41,"enemies":"Reptomancer","floor":41,"turns":3},{"damage":0,"enemies":"4 Shapes","floor":42,"turns":9},{"damage":0,"enemies":"Sphere and 2 Shapes","floor":44,"turns":4},{"damage":0,"enemies":"Writhing Mass","floor":46,"turns":3},{"damage":51,"enemies":"Awakened One","floor":50,"turns":9}],"seed_played":"6194445395228168369","potions_obtained":[{"floor":3,"key":"BottledSpark"},{"floor":6,"key":"Dexterity Potion"},{"floor":16,"key":"Weak Potion"},{"floor":18,"key":"BottledSpark"},{"floor":22,"key":"Ancient Potion"},{"floor":25,"key":"Toxic Potion"},{"floor":30,"key":"AttackPotion"},{"floor":31,"key":"Death Potion"},{"floor":33,"key":"EssenceOfSteel"},{"floor":40,"key":"BlessingOfTheForge"},{"floor":44,"key":"StarNLove"},{"floor":46,"key":"BlessingOfTheForge"}],"is_trial":false,"path_per_floor":["M","$","M","M","?","E","M","R","T","E","R","?","M","$","R","B",null,"M","?","M","M","M","E","R","M","T","M","M","$","M","M","R","B",null,"M","M","$","?","?","M","E","M","T","M","R","M","R","NS","R","B",null],"character_chosen":"MARISA","items_purchased":["jedi:fakemustache","ReplayTheSpireMod:CursedCoin","Vajra","hubris:OldNail","Eternal Feather","Bronze Scales","Membership Card","Chemical X","Orichalcum"],"campfire_rested":1,"item_purchase_floors":[2,14,14,14,14,14,29,37,37],"current_hp_per_floor":[62,70,64,61,54,45,44,44,44,35,35,35,35,65,70,53,66,46,46,51,49,34,34,46,47,47,52,56,66,61,69,77,1,58,61,61,71,71,71,59,28,28,28,28,66,66,77,77,77,36],"gold":87,"neow_bonus":"HUNDRED_GOLD","is_daily":false,"chose_seed":false,"campfire_upgraded":5,"win_rate":0.0,"timestamp":1608860415,"path_taken":["M","$","M","?","?","E","M","R","T","E","R","?","M","$","R","BOSS","M","?","M","M","M","E","R","M","T","M","M","$","M","M","R","BOSS","M","M","$","?","?","M","E","M","T","M","R","?","R","NS","R","BOSS"],"items_purchased_type":["Relic","Relic","Relic","Relic","Relic","Relic","Relic","Relic","Relic"],"build_version":"2020-12-22","purchased_purges":2,"victory":true,"max_hp_per_floor":[70,70,70,70,70,70,70,70,70,70,70,70,70,70,70,70,70,70,70,70,70,70,77,77,77,77,77,77,77,77,77,77,77,77,77,77,77,77,77,77,77,77,77,77,77,77,77,77,77,77],"relic_stats":{"counters":[27,127],"Bronze Scales":[320],"Eternal Feather":51,"Pen Nib":[10],"Chemical X":[1],"Orichalcum":[30],"MawBank":48,"obtain_stats":[{"AmplifyWand":42,"Vajra":14,"jedi:archwizardhat":17,"Old Coin":6,"Sundial":44,"Mummified Hand":46,"Strawberry":23,"Fusion Hammer":34,"Red Mask":38,"Chemical X":37,"Toxic Egg 2":41,"ReplayTheSpireMod:CursedCoin":14,"Blue Candle":50,"Eternal Feather":14,"Pen Nib":26,"Orichalcum":37,"MawBank":10,"Akabeko":39,"jedi:fakemustache":2,"Calling Bell":17,"Replay:Baseball":17,"CaptainsWheel":43,"Bronze Scales":14,"Ring of Fury":19,"MiniHakkero":0,"Membership Card":29,"Toy Ornithopter":9,"hubris:OldNail":14,"FossilizedHelix":17},{"AmplifyWand":24,"Vajra":7,"jedi:archwizardhat":8,"Old Coin":4,"Sundial":25,"Mummified Hand":26,"Strawberry":13,"Fusion Hammer":19,"Red Mask":21,"Chemical X":21,"Toxic Egg 2":23,"ReplayTheSpireMod:CursedCoin":7,"Blue Candle":27,"Eternal Feather":7,"Pen Nib":14,"Orichalcum":21,"MawBank":6,"Akabeko":21,"jedi:fakemustache":1,"Calling Bell":8,"Replay:Baseball":8,"CaptainsWheel":24,"Bronze Scales":7,"Ring of Fury":9,"MiniHakkero":0,"Membership Card":16,"Toy Ornithopter":5,"hubris:OldNail":7,"FossilizedHelix":8},{"AmplifyWand":103,"Vajra":33,"jedi:archwizardhat":45,"Old Coin":14,"Sundial":112,"Mummified Hand":116,"Strawberry":61,"Fusion Hammer":86,"Red Mask":95,"Chemical X":95,"Toxic Egg 2":102,"ReplayTheSpireMod:CursedCoin":33,"Blue Candle":119,"Eternal Feather":33,"Pen Nib":64,"Orichalcum":95,"MawBank":30,"Akabeko":95,"jedi:fakemustache":3,"Calling Bell":45,"Replay:Baseball":45,"CaptainsWheel":111,"Bronze Scales":33,"Ring of Fury":48,"MiniHakkero":0,"Membership Card":69,"Toy Ornithopter":18,"hubris:OldNail":33,"FossilizedHelix":45}],"Toy Ornithopter":40},"card_choices":[{"not_picked":["SporeBomb","EnergyRecoil","OpenUniverse"],"picked":"SKIP","floor":1},{"not_picked":["IllusionStar","PowerUp"],"picked":"DeepEcoloBomb","floor":3},{"not_picked":["PropBag","DarkSpark"],"picked":"OortCloud","floor":4},{"not_picked":["DoubleSpark","DarkMatter"],"picked":"AsteroidBelt","floor":6},{"not_picked":["AsteroidBelt","OneTimeOff","WitchOfGreed"],"picked":"SKIP","floor":7},{"not_picked":["NonDirectionalLaser","FairyDestructionRay"],"picked":"UltimateShortwave","floor":10},{"not_picked":["UnstableBomb","AsteroidBelt","DragonMeteor"],"picked":"SKIP","floor":13},{"not_picked":["MillisecondPulsars","UltimateShortwave"],"picked":"ManaRampage","floor":16},{"not_picked":["EnergyRecoil","6A"],"picked":"GrandCross","floor":18},{"not_picked":["LuminesStrike+1","DragonMeteor"],"picked":"SporeBomb","floor":20},{"not_picked":["GrandCross","NonDirectionalLaser"],"picked":"EarthLightRay","floor":21},{"not_picked":["DeepEcoloBomb","MeteoricShower"],"picked":"MilkyWay","floor":22},{"not_picked":["OneTimeOff","EnergyRecoil","SatelliteIllusion"],"picked":"SKIP","floor":23},{"not_picked":["GravityBeat","ShootingEcho"],"picked":"UnstableBomb","floor":25},{"not_picked":["MagicChant+1","GrandCross"],"picked":"GalacticHalo","floor":27},{"not_picked":["ShootingEcho","EnergyFlow","IllusionStar"],"picked":"SKIP","floor":28},{"not_picked":["ShootingEcho","IllusionStar"],"picked":"EnergyFlow","floor":28},{"not_picked":["EnergyFlow","ManaConvection+1","EnergyRecoil"],"picked":"SKIP","floor":30},{"not_picked":["GalacticHalo","DoubleSpark","SuperPerseids"],"picked":"SKIP","floor":31},{"not_picked":["AsteroidBelt","WitchOfGreed","WitchLeyline"],"picked":"SKIP","floor":35},{"not_picked":["IllusionStar","DC"],"picked":"ShootTheMoon+1","floor":36},{"not_picked":["StarlightTyphoon","BlazeAway","DoubleSpark"],"picked":"SKIP","floor":40},{"not_picked":["DC+1","RefractionSpark"],"picked":"PropBag+1","floor":41},{"not_picked":["OrrerysSun","GravityBeat"],"picked":"6A+1","floor":42},{"not_picked":["DeepEcoloBomb","UnstableBomb+1"],"picked":"GalacticHalo+1","floor":44},{"not_picked":["BlazeAway+1","WitchOfGreed"],"picked":"MilkyWay+1","floor":46}],"player_experience":2392715,"relics_obtained":[{"floor":6,"key":"Old Coin"},{"floor":9,"key":"Toy Ornithopter"},{"floor":10,"key":"MawBank"},{"floor":17,"key":"jedi:archwizardhat"},{"floor":17,"key":"FossilizedHelix"},{"floor":17,"key":"Replay:Baseball"},{"floor":19,"key":"Ring of Fury"},{"floor":23,"key":"Strawberry"},{"floor":26,"key":"Pen Nib"},{"floor":41,"key":"Toxic Egg 2"},{"floor":43,"key":"CaptainsWheel"}],"event_choices":[{"cards_removed":["Strike_MRS"],"damage_healed":0,"gold_gain":0,"player_choice":"Card Removal","damage_taken":7,"max_hp_gain":0,"max_hp_loss":0,"event_name":"Golden Wing","floor":5,"gold_loss":0},{"damage_healed":0,"gold_gain":0,"player_choice":"Grow","damage_taken":0,"max_hp_gain":0,"max_hp_loss":0,"event_name":"Living Wall","floor":12,"gold_loss":0,"cards_upgraded":["MasterSpark"]},{"damage_healed":0,"gold_gain":0,"player_choice":"Paid","damage_taken":0,"relics_obtained":["Red Mask"],"max_hp_gain":0,"max_hp_loss":0,"event_name":"Tomb of Lord Red Mask","floor":38,"gold_loss":20},{"cards_removed":["EarthLightRay"],"damage_healed":0,"gold_gain":0,"player_choice":"Gave Card","damage_taken":0,"relics_obtained":["Akabeko"],"max_hp_gain":0,"max_hp_loss":0,"event_name":"WeMeetAgain","floor":39,"gold_loss":0}],"is_beta":false,"boss_relics":[{"not_picked":["Sozu","hubris:HollowSoul"],"picked":"Calling Bell"},{"not_picked":["hubris:GrandSneckoEye","hubris:BlackHole"],"picked":"Fusion Hammer"}],"items_purged_floors":[14,29],"is_endless":false,"potions_floor_spawned":[3,6,16,18,22,25,30,31,33,40,44,46],"ascension_level":14}}