{"host":"2461dio7vetlq1z3","time":1608898578,"event":{"mods":["2.2 Compatiblity","AchievementEnabler","Aspiration","BaseMod","Better Third Choice","Hermit","Minty Spire (QoL Compilation)","Relic Stats","Spicy Shops","StSLib","The Runesmith","Waifu the Spire"],"gold_per_floor":[109,109,123,123,135,168,168,185,230,230,45,45,65,82,82,154,154,168,168,258,271,282,282,282,282,282,317,337,337,337],"floor_reached":29,"playtime":933,"items_purged":["Injury"],"score":490,"play_id":"65431090-44ca-4650-b13f-1919a896c058","local_time":"20201225131618","is_ascension_mode":true,"campfire_choices":[{"floor":7,"key":"REST"},{"data":"Neutralize","floor":10,"key":"SMITH"},{"data":"Footwork","floor":12,"key":"SMITH"},{"data":"Footwork","floor":15,"key":"SMITH"},{"data":"Envenom","floor":23,"key":"SMITH"},{"data":"Dodge and Roll","floor":25,"key":"SMITH"}],"circlet_count":0,"master_deck":["AscendersBane","Strike_G","Strike_G","Strike_G","Strike_G","Defend_G","Defend_G","Defend_G","Defend_G","Defend_G","Survivor","Neutralize+1","Deflect","Masterful Stab+1","Bane+1","Blur","Unload+1","Flying Knee+1","Footwork+1","Dagger Spray+1","Sucker Punch+1","Footwork+1","Envenom+1","Dodge and Roll+1","Dodge and Roll","Escape Plan","Bullet Time","Dodge and Roll"],"relics":["Ring of the Snake","Molten Egg 2","Pantograph","aspiration:VileToxins","Coffee Dripper","Nilry\u0027s Codex","Tiny Chest","Bottled Lightning"],"acts_visited":["Exordium","TheCity"],"potions_floor_usage":[6,16,22,22,27,27,29],"damage_taken":[{"damage":9,"enemies":"Small Slimes","floor":1,"turns":5},{"damage":11,"enemies":"Jaw Worm","floor":3,"turns":9},{"damage":0,"enemies":"Cultist","floor":5,"turns":3},{"damage":32,"enemies":"Gremlin Nob","floor":6,"turns":4},{"damage":0,"enemies":"Looter","floor":8,"turns":3},{"damage":1,"enemies":"Gremlin Gang","floor":13,"turns":2},{"damage":0,"enemies":"Red Slaver","floor":14,"turns":3},{"damage":43,"enemies":"Hexaghost","floor":16,"turns":14},{"damage":9,"enemies":"Shell Parasite","floor":18,"turns":6},{"damage":0,"enemies":"Chosen","floor":21,"turns":3},{"damage":1,"enemies":"Snake Plant","floor":22,"turns":4},{"damage":8,"enemies":"Book of Stabbing","floor":27,"turns":5},{"damage":4,"enemies":"Sentry and Sphere","floor":28,"turns":8},{"damage":3,"enemies":"Chosen and Byrds","floor":29,"turns":2}],"seed_played":"7832014497484166167","potions_obtained":[{"floor":5,"key":"Fire Potion"},{"floor":8,"key":"Fire Potion"},{"floor":13,"key":"PowerPotion"},{"floor":18,"key":"Weak Potion"},{"floor":24,"key":"Fire Potion"},{"floor":24,"key":"LiquidBronze"},{"floor":27,"key":"Explosive Potion"}],"is_trial":false,"path_per_floor":["M","?","M","?","M","E","R","M","T","R","$","R","M","M","R","B",null,"M","?","?","M","M","R","?","R","T","E","M","M"],"character_chosen":"THE_SILENT","items_purchased":["Footwork","Dagger Spray+1"],"campfire_rested":1,"item_purchase_floors":[11,11],"current_hp_per_floor":[56,56,45,45,45,13,34,34,34,34,34,34,33,33,33,15,58,49,28,16,16,15,15,15,15,15,7,3,0,0],"gold":337,"neow_bonus":"TEN_PERCENT_HP_BONUS","is_daily":false,"chose_seed":false,"campfire_upgraded":5,"win_rate":0.0,"timestamp":1608898578,"path_taken":["M","?","M","?","M","E","R","M","T","R","?","R","M","M","R","BOSS","M","?","?","?","M","R","?","R","T","E","?","M"],"items_purchased_type":["Card","Card"],"build_version":"2020-12-22","purchased_purges":1,"victory":false,"max_hp_per_floor":[72,72,72,72,72,72,72,72,72,72,72,72,72,72,72,72,72,72,72,72,72,72,72,72,72,72,72,72,72,72],"relic_stats":{"counters":[14,71],"Pantograph":25,"Tiny Chest":0,"obtain_stats":[{"aspiration:VileToxins":9,"Nilry\u0027s Codex":19,"Pantograph":6,"Molten Egg 2":2,"Tiny Chest":26,"Coffee Dripper":17,"Bottled Lightning":27,"Ring of the Snake":0},{"aspiration:VileToxins":5,"Nilry\u0027s Codex":9,"Pantograph":4,"Molten Egg 2":1,"Tiny Chest":11,"Coffee Dripper":8,"Bottled Lightning":12,"Ring of the Snake":0},{"aspiration:VileToxins":24,"Nilry\u0027s Codex":49,"Pantograph":21,"Molten Egg 2":5,"Tiny Chest":56,"Coffee Dripper":43,"Bottled Lightning":61,"Ring of the Snake":0}],"Ring of the Snake":[28]},"card_choices":[{"not_picked":["Concentrate","Expertise"],"picked":"Deflect","floor":1},{"not_picked":["Cloak And Dagger","Choke+1"],"picked":"Masterful Stab+1","floor":3},{"not_picked":["Blade Dance","Accuracy"],"picked":"Blur","floor":5},{"not_picked":["Distraction","Dagger Throw+1"],"picked":"Unload+1","floor":6},{"not_picked":["Setup","Backflip"],"picked":"Flying Knee+1","floor":8},{"not_picked":["Masterful Stab+1","Flying Knee+1"],"picked":"Sucker Punch+1","floor":13},{"not_picked":["Infinite Blades","Expertise"],"picked":"Footwork","floor":14},{"not_picked":["Malaise","Storm of Steel"],"picked":"Envenom","floor":16},{"not_picked":["Terror","Masterful Stab+1"],"picked":"Dodge and Roll","floor":18},{"not_picked":["Cloak And Dagger+1","Underhanded Strike+1"],"picked":"Dodge and Roll","floor":21},{"not_picked":["Deadly Poison","PiercingWail"],"picked":"Escape Plan","floor":22},{"not_picked":["Underhanded Strike+1","Cloak And Dagger"],"picked":"Bullet Time","floor":27},{"not_picked":["Quick Slash+1","Acrobatics"],"picked":"Dodge and Roll","floor":28}],"player_experience":928129,"relics_obtained":[{"floor":6,"key":"Pantograph"},{"floor":9,"key":"aspiration:VileToxins"},{"floor":19,"key":"Nilry\u0027s Codex"},{"floor":26,"key":"Tiny Chest"},{"floor":27,"key":"Bottled Lightning"}],"event_choices":[{"damage_healed":0,"gold_gain":0,"cards_transformed":["Strike_G"],"player_choice":"Change","damage_taken":0,"max_hp_gain":0,"max_hp_loss":0,"event_name":"Living Wall","floor":4,"gold_loss":0,"cards_obtained":["Bane"]},{"damage_healed":0,"gold_gain":0,"player_choice":"Obtained Book","damage_taken":21,"max_hp_gain":0,"max_hp_loss":0,"event_name":"Cursed Tome","floor":19,"gold_loss":0},{"damage_healed":0,"gold_gain":90,"player_choice":"GOLD ","damage_taken":12,"max_hp_gain":0,"max_hp_loss":0,"event_name":"Knowing Skull","floor":20,"potions_obtained":[],"gold_loss":0,"cards_obtained":[]},{"damage_healed":0,"gold_gain":0,"player_choice":"Got Potions","damage_taken":0,"max_hp_gain":0,"max_hp_loss":0,"event_name":"Lab","floor":24,"gold_loss":0}],"is_beta":false,"boss_relics":[{"not_picked":["Runic Pyramid","Velvet Choker"],"picked":"Coffee Dripper"}],"items_purged_floors":[11],"is_endless":false,"potions_floor_spawned":[5,8,13,18,27],"killed_by":"Chosen and Byrds","ascension_level":20}}