{"host":"iak1zw6udsaqx1iy","time":1608927821,"event":{"mods":["BaseMod","Hermit","Minty Spire (QoL Compilation)","Replay The Spire","StSLib","The Alterego","The Cursed","The Servant 0.9.4","WarShipGirlsR/’ΩΩ¢…Ÿ≈ÆR mod"],"gold_per_floor":[110,110,35,48,62,62,74,90,90,103,103,119,153,169,169,273,273,284,299,259,285,298,298,298,298],"floor_reached":24,"playtime":1196,"items_purged":["Looming Evil"],"score":212,"play_id":"bf623099-7c1e-44b7-8d38-5acf1cbd7255","local_time":"20201226042341","is_ascension_mode":true,"campfire_choices":[{"data":"hermit:Covet","floor":6,"key":"SMITH"},{"data":"alterego_mod:Complex","floor":11,"key":"SMITH"},{"floor":15,"key":"REST"},{"floor":23,"key":"REST"}],"circlet_count":0,"master_deck":["hermit:Strike_Hermit","hermit:Strike_Hermit","hermit:Strike_Hermit","hermit:Strike_Hermit","hermit:Defend_Hermit","hermit:Defend_Hermit","hermit:Defend_Hermit","hermit:Defend_Hermit","hermit:Snapshot","hermit:Covet+1","hermit:Shortfuse","Underhanded Strike","alterego_mod:Complex+1","FollowUp","SashWhip","hermit:HighNoon","Cleave","TheCursedMod:ForbiddenAlchemy","AbeCurse","alterego_mod:Smother","Quick Slash+1","hermit:PistolWhip","hermit:Ricochet","hermit:Deadeye","hermit:Ricochet","hermit:FromBeyond","TheCursedMod:TacticalStrike","rmod:wife+1"],"relics":["Philosopher\u0027s Stone","PrismaticShard","Replay:WaspNest","Orichalcum","Abe\u0027s Treasure","Red Mask"],"acts_visited":["Exordium","TheCity"],"potions_floor_usage":[8,16,16,18,19,19,19,21,24,24,24],"damage_taken":[{"damage":2,"enemies":"Jaw Worm","floor":1,"turns":3},{"damage":0,"enemies":"Small Slimes","floor":4,"turns":1},{"damage":0,"enemies":"2 Louse","floor":5,"turns":2},{"damage":6,"enemies":"Lots of Slimes","floor":7,"turns":4},{"damage":8,"enemies":"Blue Slaver","floor":8,"turns":2},{"damage":5,"enemies":"2 Fungi Beasts","floor":10,"turns":2},{"damage":0,"enemies":"Large Slime","floor":12,"turns":3},{"damage":28,"enemies":"Lagavulin","floor":13,"turns":5},{"damage":1,"enemies":"Lots of Slimes","floor":14,"turns":3},{"damage":43,"enemies":"The Guardian","floor":16,"turns":6},{"damage":1,"enemies":"Spheric Guardian","floor":18,"turns":3},{"damage":11,"enemies":"Shell Parasite","floor":19,"turns":3},{"damage":32,"enemies":"Masked Bandits","floor":21,"turns":4},{"damage":11,"enemies":"Cultist and Chosen","floor":22,"turns":5},{"damage":46,"enemies":"Slavers","floor":24,"turns":3}],"seed_played":"8690750046650398274","potions_obtained":[{"floor":1,"key":"Venom Potion"},{"floor":7,"key":"PowerPotion"},{"floor":10,"key":"Milkshake"},{"floor":14,"key":"Swift Potion"},{"floor":18,"key":"SteroidPotion"}],"is_trial":false,"path_per_floor":["M","?","$","M","M","R","M","M","T","M","R","M","E","M","R","B",null,"M","M","?","?","M","R","E"],"character_chosen":"HERMIT","items_purchased":[],"campfire_rested":2,"item_purchase_floors":[],"current_hp_per_floor":[73,73,73,73,73,73,67,59,59,54,54,54,26,25,47,4,75,74,63,63,31,20,42,0,0],"gold":298,"neow_bonus":"BOSS_RELIC","is_daily":false,"chose_seed":false,"campfire_upgraded":2,"win_rate":0.0,"timestamp":1608927821,"path_taken":["M","?","$","M","M","R","M","M","T","M","R","M","E","M","R","BOSS","M","M","?","?","M","R","E"],"items_purchased_type":[],"build_version":"2020-12-22","purchased_purges":1,"victory":false,"max_hp_per_floor":[75,75,75,75,75,75,75,75,75,75,75,75,75,75,75,75,75,75,75,75,75,75,75,75,75],"card_choices":[{"not_picked":["hermit:Combo","hermit:ShadowCloak"],"picked":"hermit:Shortfuse","floor":1},{"not_picked":["rmod:unsinkable","TheCursedMod:Stigma"],"picked":"Underhanded Strike","floor":4},{"not_picked":["rmod:steelsupply","rmod:unsinkable"],"picked":"alterego_mod:Complex","floor":5},{"not_picked":["CrushJoints","Force Field"],"picked":"FollowUp","floor":7},{"not_picked":["rmod:concentratefire","Halt","DoubleEdge"],"picked":"SKIP","floor":8},{"not_picked":["alterego_mod:Cycle","rmod:fuelsupply"],"picked":"SashWhip","floor":10},{"not_picked":["TheCursedMod:SpitefulStrike","Ball Lightning"],"picked":"hermit:HighNoon","floor":12},{"not_picked":["Streamline","Midas Touch"],"picked":"Cleave","floor":13},{"not_picked":["TheCursedMod:CircleOfFocus","TheCursedMod:HellfireBreathing","ForeignInfluence"],"picked":"SKIP","floor":14},{"not_picked":["Thinking Ahead","TheCursedMod:AntiAging"],"picked":"TheCursedMod:ForbiddenAlchemy","floor":16},{"not_picked":["Dark Shackles","EmptyFist"],"picked":"alterego_mod:Smother","floor":18},{"not_picked":["ClearTheMind+1","Uppercut"],"picked":"Quick Slash+1","floor":19},{"not_picked":[],"picked":"hermit:PistolWhip","floor":20},{"not_picked":[],"picked":"hermit:Ricochet","floor":20},{"not_picked":[],"picked":"hermit:Deadeye","floor":20},{"not_picked":[],"picked":"hermit:Ricochet","floor":20},{"not_picked":[],"picked":"hermit:FromBeyond","floor":20},{"not_picked":["Collapse","Potential"],"picked":"TheCursedMod:TacticalStrike","floor":21},{"not_picked":["Wild Strike","Tactician"],"picked":"rmod:wife+1","floor":22}],"player_experience":254238,"relics_obtained":[{"floor":9,"key":"Replay:WaspNest"},{"floor":13,"key":"Orichalcum"},{"floor":21,"key":"Red Mask"}],"event_choices":[{"damage_healed":0,"gold_gain":0,"player_choice":"Fought Bandits","damage_taken":0,"max_hp_gain":0,"max_hp_loss":0,"event_name":"Masked Bandits","floor":21,"gold_loss":0}],"is_beta":false,"boss_relics":[{"not_picked":["Ring of Chaos","Velvet Choker"],"picked":"Abe\u0027s Treasure"}],"items_purged_floors":[3],"is_endless":false,"potions_floor_spawned":[1,7,10,14,18],"killed_by":"Slavers","ascension_level":1}}