{"host":"ec09novo68szpe7d","time":1608938870,"event":{"mods":["AchievementEnabler","BaseMod","Bestiary","Minty Spire (QoL Compilation)","StSLib"],"gold_per_floor":[119,135,155,105,122,156,156,173,173,201,201,201,220,252,252,347,347,366,47,47,57,70,101,1,29,29,49,49,49,49,49],"floor_reached":30,"playtime":2075,"items_purged":["Strike_R","Strike_R"],"score":348,"play_id":"975a7644-9aeb-4b5d-bc07-86d6d8a0d534","local_time":"20201226002750","is_ascension_mode":true,"campfire_choices":[{"data":"Armaments","floor":7.0,"key":"SMITH"},{"floor":11.0,"key":"REST"},{"floor":15.0,"key":"REST"}],"circlet_count":0,"master_deck":["Strike_R","Defend_R","Defend_R","Defend_R","Defend_R","Bash","Armaments+1","Body Slam","Disarm","Metallicize+1","True Grit","Juggernaut+1","Demon Form+1","Body Slam","Pain","Rage+1","Whirlwind+1"],"relics":["SlaversCollar","Frozen Egg 2","Incense Burner","Sundial","Sozu","Molten Egg 2","WarpedTongs","Bottled Flame","Shuriken","Ice Cream"],"acts_visited":["Exordium","TheCity"],"potions_floor_usage":[],"damage_taken":[{"damage":0.0,"enemies":"2 Louse","floor":1.0,"turns":3.0},{"damage":3.0,"enemies":"Small Slimes","floor":2.0,"turns":4.0},{"damage":0.0,"enemies":"Cultist","floor":3.0,"turns":4.0},{"damage":9.0,"enemies":"Large Slime","floor":5.0,"turns":7.0},{"damage":33.0,"enemies":"3 Sentries","floor":6.0,"turns":12.0},{"damage":1.0,"enemies":"Exordium Wildlife","floor":8.0,"turns":5.0},{"damage":4.0,"enemies":"Lagavulin","floor":10.0,"turns":10.0},{"damage":21.0,"enemies":"Lots of Slimes","floor":13.0,"turns":8.0},{"damage":18.0,"enemies":"Gremlin Nob","floor":14.0,"turns":6.0},{"damage":19.0,"enemies":"The Guardian","floor":16.0,"turns":9.0},{"damage":3.0,"enemies":"Chosen","floor":18.0,"turns":5.0},{"damage":7.0,"enemies":"Shell Parasite","floor":21.0,"turns":6.0},{"damage":26.0,"enemies":"Snake Plant","floor":22.0,"turns":5.0},{"damage":15.0,"enemies":"Book of Stabbing","floor":23.0,"turns":5.0},{"damage":21.0,"enemies":"Slavers","floor":25.0,"turns":6.0},{"damage":2,"enemies":"Cultist and Chosen","floor":27,"turns":6},{"damage":13,"enemies":"Gremlin Leader","floor":30,"turns":1}],"seed_played":"6470959402367796819","potions_obtained":[{"floor":1.0,"key":"Weak Potion"},{"floor":8.0,"key":"Ancient Potion"},{"floor":13.0,"key":"SpeedPotion"},{"floor":14.0,"key":"LiquidBronze"}],"is_trial":false,"path_per_floor":["M","M","M","?","M","E","R","M","T","E","R","?","M","E","R","B",null,"M","$","?","M","M","E","$","E","T","M","$","$","E"],"character_chosen":"IRONCLAD","items_purchased":["Molten Egg 2"],"campfire_rested":2,"item_purchase_floors":[19],"current_hp_per_floor":[80,77,77,77,68,35,35,34,34,30,54,54,33,15,39,20,80,77,77,77,70,44,29,29,8,8,6,6,6,0,0],"gold":49,"neow_bonus":"BOSS_RELIC","is_daily":false,"chose_seed":false,"campfire_upgraded":1,"win_rate":0.0,"timestamp":1608938870,"path_taken":["M","M","M","?","M","E","R","M","T","E","R","?","M","E","R","BOSS","M","$","?","M","M","E","$","E","T","M","?","$","E"],"items_purchased_type":["Relic"],"build_version":"2020-12-22","purchased_purges":2,"victory":false,"max_hp_per_floor":[80,80,80,80,80,80,80,80,80,80,80,80,80,80,80,80,80,80,80,80,80,80,80,80,80,80,80,80,80,80,80],"card_choices":[{"not_picked":["Rampage","Wild Strike"],"picked":"Armaments","floor":1.0},{"not_picked":["Twin Strike","Cleave"],"picked":"Body Slam","floor":2.0},{"not_picked":["Sword Boomerang","Dual Wield","Iron Wave"],"picked":"SKIP","floor":3.0},{"not_picked":["Seeing Red","Fire Breathing"],"picked":"Disarm","floor":5.0},{"not_picked":["Heavy Blade","Rampage"],"picked":"Metallicize+1","floor":6.0},{"not_picked":["Bludgeon","Sword Boomerang"],"picked":"True Grit","floor":8.0},{"not_picked":["Spot Weakness","Warcry"],"picked":"Juggernaut+1","floor":10.0},{"not_picked":["Wild Strike","Flex","Iron Wave"],"picked":"SKIP","floor":13.0},{"not_picked":["Carnage","Second Wind","Cleave"],"picked":"SKIP","floor":14.0},{"not_picked":["Exhume","Corruption+1"],"picked":"Demon Form+1","floor":16.0},{"not_picked":["Fire Breathing+1","Spot Weakness+1"],"picked":"Body Slam","floor":18.0},{"not_picked":["Twin Strike+1","Carnage+1","Flex"],"picked":"SKIP","floor":21.0},{"not_picked":["Warcry","Rupture+1"],"picked":"Rage+1","floor":22.0},{"not_picked":["Perfected Strike+1","Clash+1","Sentinel"],"picked":"SKIP","floor":23.0},{"not_picked":["Hemokinesis+1","Havoc","Armaments"],"picked":"SKIP","floor":25.0},{"not_picked":["Havoc+1","Clash+1"],"picked":"Whirlwind+1","floor":27}],"player_experience":203605,"relics_obtained":[{"floor":6.0,"key":"Frozen Egg 2"},{"floor":10.0,"key":"Incense Burner"},{"floor":14.0,"key":"Sundial"},{"floor":23.0,"key":"Bottled Flame"},{"floor":25.0,"key":"Shuriken"},{"floor":26.0,"key":"Ice Cream"}],"event_choices":[{"cards_removed":["Strike_R"],"damage_healed":0.0,"max_hp_gain":0.0,"max_hp_loss":0.0,"gold_gain":0.0,"event_name":"The Cleric","player_choice":"Card Removal","floor":4.0,"gold_loss":50.0,"damage_taken":0.0},{"cards_removed":["Strike_R"],"damage_healed":0.0,"max_hp_gain":0.0,"max_hp_loss":0.0,"gold_gain":0.0,"event_name":"Living Wall","player_choice":"Forget","floor":12.0,"gold_loss":0.0,"damage_taken":0.0},{"damage_healed":0.0,"max_hp_gain":0.0,"max_hp_loss":0.0,"gold_gain":0.0,"event_name":"Accursed Blacksmith","player_choice":"Rummage","floor":20.0,"gold_loss":0.0,"damage_taken":0.0,"relics_obtained":["WarpedTongs"],"cards_obtained":["Pain"]}],"is_beta":false,"boss_relics":[{"not_picked":["Velvet Choker","Snecko Eye"],"picked":"Sozu"}],"items_purged_floors":[19,24],"is_endless":false,"potions_floor_spawned":[1,8,13,14,18,27],"killed_by":"Gremlin Leader","ascension_level":4}}