{"host":"6xsbn6ynqlzwllfm","time":1608912763,"event":{"mods":["2.2 Compatiblity","BaseMod","Bestiary","Colored Map","Colored Powertips","Curses Come First","Downfall","Highlight Path","Keyboard Shortcuts","Minty Spire (QoL Compilation)","Quick Restart","Relic Stats","Slay the Relics Exporter","StSLib","SuperFastMode"],"gold_per_floor":[116,136,155,155,168,168,168,168,217,217,228,260,260,185,185,260,260,271,147,167,82,82,82,109,109,109,119,11,45,45,72,72,72,72],"floor_reached":33,"playtime":841,"items_purged":["Strike_R","Defend_R"],"score":602,"play_id":"6943c893-6b8b-4182-bbe5-b2a3c2fac44d","local_time":"20201225111243","is_ascension_mode":true,"campfire_choices":[{"data":"Inflame","floor":6,"key":"SMITH"},{"data":"Bash","floor":8,"key":"SMITH"},{"data":"Cleave","floor":10,"key":"SMITH"},{"data":"Shockwave","floor":13,"key":"SMITH"},{"data":"Headbutt","floor":15,"key":"SMITH"},{"data":"Feed","floor":23,"key":"SMITH"},{"data":"Shrug It Off","floor":25,"key":"SMITH"},{"data":"Dramatic Entrance","floor":32,"key":"SMITH"}],"circlet_count":0,"master_deck":["AscendersBane","Strike_R+1","Strike_R","Strike_R","Defend_R","Defend_R","Defend_R","Bash+1","Inflame+1","Shrug It Off+1","Cleave+1","Headbutt+1","Shockwave+1","Feed+1","Shrug It Off+1","Warcry+1","Dramatic Entrance+1"],"relics":["Burning Blood","NeowsBlessing","Orichalcum","Bronze Scales","Coffee Dripper","Potion Belt","Toy Ornithopter","Magic Flower","Incense Burner","White Beast Statue"],"acts_visited":["Exordium","TheCity"],"potions_floor_usage":[12,24,24,29,33],"damage_taken":[{"damage":0,"enemies":"Small Slimes","floor":1,"turns":2},{"damage":0,"enemies":"Jaw Worm","floor":2,"turns":1},{"damage":0,"enemies":"2 Louse","floor":3,"turns":1},{"damage":5,"enemies":"2 Fungi Beasts","floor":5,"turns":4},{"damage":7,"enemies":"Blue Slaver","floor":11,"turns":2},{"damage":2,"enemies":"Gremlin Nob","floor":12,"turns":3},{"damage":34,"enemies":"The Guardian","floor":16,"turns":9},{"damage":17,"enemies":"2 Thieves","floor":18,"turns":3},{"damage":0,"enemies":"3 Byrds","floor":20,"turns":3},{"damage":18,"enemies":"Book of Stabbing","floor":24,"turns":5},{"damage":24,"enemies":"Snecko","floor":27,"turns":6},{"damage":14,"enemies":"Slavers","floor":29,"turns":4},{"damage":12,"enemies":"Book of Stabbing","floor":31,"turns":4},{"damage":121,"enemies":"Automaton","floor":33,"turns":12}],"seed_played":"-7335357449560052887","potions_obtained":[{"floor":2,"key":"SpeedPotion"},{"floor":5,"key":"Energy Potion"},{"floor":18,"key":"Dexterity Potion"},{"floor":27,"key":"FearPotion"},{"floor":31,"key":"LiquidMemories"}],"is_trial":false,"path_per_floor":["M","M","M","?","M","R","?","R","T","R","M","E","R","$","R","B",null,"M","$","M","?","$","R","E","R","T","M","$","E","?","E","R","B"],"character_chosen":"IRONCLAD","items_purchased":["Shrug It Off","Dramatic Entrance"],"campfire_rested":0,"item_purchase_floors":[19,28],"current_hp_per_floor":[74,75,75,52,53,53,53,53,53,53,52,56,56,56,56,28,63,55,55,64,64,64,64,52,52,52,43,43,52,70,73,73,0,0],"gold":72,"neow_bonus":"THREE_ENEMY_KILL","is_daily":false,"chose_seed":false,"campfire_upgraded":8,"win_rate":0.0,"timestamp":1608912763,"path_taken":["M","M","M","?","M","R","?","R","T","R","M","E","R","$","R","BOSS","M","$","M","?","$","R","E","R","T","M","$","E","?","E","R","BOSS"],"items_purchased_type":["Card","Card"],"build_version":"2020-12-22","purchased_purges":2,"victory":false,"max_hp_per_floor":[75,75,75,75,75,75,75,75,75,75,75,75,75,75,75,75,75,78,78,81,81,81,81,81,81,81,85,85,89,89,93,93,93,93],"relic_stats":{"counters":[14,59],"Bronze Scales":[209],"Magic Flower":[21],"Orichalcum":[120],"obtain_stats":[{"Potion Belt":21,"NeowsBlessing":0,"Bronze Scales":12,"Magic Flower":26,"Coffee Dripper":17,"Incense Burner":29,"Orichalcum":9,"Burning Blood":0,"Toy Ornithopter":24,"White Beast Statue":31},{"Potion Belt":9,"NeowsBlessing":0,"Bronze Scales":6,"Magic Flower":10,"Coffee Dripper":7,"Incense Burner":12,"Orichalcum":4,"Burning Blood":0,"Toy Ornithopter":10,"White Beast Statue":13},{"Potion Belt":28,"NeowsBlessing":0,"Bronze Scales":13,"Magic Flower":33,"Coffee Dripper":22,"Incense Burner":43,"Orichalcum":8,"Burning Blood":0,"Toy Ornithopter":33,"White Beast Statue":47}],"Burning Blood":76,"Toy Ornithopter":16},"card_choices":[{"not_picked":["Flex","Thunderclap"],"picked":"Inflame","floor":1},{"not_picked":["Anger","Body Slam"],"picked":"Shrug It Off","floor":2},{"not_picked":["Blood for Blood","Armaments","Perfected Strike"],"picked":"SKIP","floor":3},{"not_picked":["Perfected Strike","Thunderclap"],"picked":"Cleave","floor":5},{"not_picked":["Anger","Iron Wave"],"picked":"Headbutt","floor":11},{"not_picked":["Flame Barrier","Barricade"],"picked":"Shockwave","floor":12},{"not_picked":["Bludgeon","Immolate"],"picked":"Feed","floor":16},{"not_picked":["Iron Wave","Heavy Blade","Armaments"],"picked":"SKIP","floor":18},{"not_picked":["Perfected Strike","Armaments","Clash"],"picked":"SKIP","floor":20},{"not_picked":["Entrench","Anger"],"picked":"Warcry+1","floor":24},{"not_picked":["Whirlwind","Warcry+1","Clash"],"picked":"SKIP","floor":27},{"not_picked":["Blood for Blood","Entrench","Sentinel"],"picked":"SKIP","floor":31}],"player_experience":1251659,"relics_obtained":[{"floor":9,"key":"Orichalcum"},{"floor":12,"key":"Bronze Scales"},{"floor":24,"key":"Toy Ornithopter"},{"floor":26,"key":"Magic Flower"},{"floor":29,"key":"Incense Burner"},{"floor":31,"key":"White Beast Statue"}],"event_choices":[{"damage_healed":0,"gold_gain":0,"player_choice":"Entered Light","damage_taken":23,"max_hp_gain":0,"max_hp_loss":0,"event_name":"Shining Light","floor":4,"gold_loss":0,"cards_upgraded":["Shrug It Off","Strike_R"]},{"cards_removed":["Strike_R"],"damage_healed":0,"gold_gain":0,"player_choice":"Forget","damage_taken":0,"max_hp_gain":0,"max_hp_loss":0,"event_name":"Living Wall","floor":7,"gold_loss":0},{"damage_healed":0,"gold_gain":0,"player_choice":"Obtained Relic","damage_taken":0,"relics_obtained":["Potion Belt"],"max_hp_gain":0,"max_hp_loss":0,"event_name":"Addict","floor":21,"gold_loss":85},{"damage_healed":18,"gold_gain":0,"player_choice":"Heal","damage_taken":0,"max_hp_gain":0,"max_hp_loss":0,"event_name":"The Library","floor":30,"gold_loss":0}],"is_beta":false,"boss_relics":[{"not_picked":["Busted Crown","Fusion Hammer"],"picked":"Coffee Dripper"}],"items_purged_floors":[14,19],"is_endless":false,"potions_floor_spawned":[2,5,18,27,31],"killed_by":"Automaton","ascension_level":20}}