{"host":"baymyijz6sxaqj5s","time":1608912521,"event":{"mods":["AchievementEnabler","BaseMod","Colored Map","Colored Powertips","DeckTracker","KOR Keyword Fix","Keyboard Shortcuts","Minty Spire (QoL Compilation)","Quick Restart","StSLib","SuperFastMode"],"gold_per_floor":[116,129,129,79,92,92,112,36,36,55,66,66,86,102,102,198,198,212,311,311,325,344,344,378,378,378,378,391,405,417,261,261,261,261],"floor_reached":33,"playtime":1819,"items_purged":[],"score":267,"play_id":"f825e196-3483-4d34-b19e-b13cff407fa0","local_time":"20201226010841","is_ascension_mode":true,"campfire_choices":[{"data":"Body Slam","floor":6,"key":"SMITH"},{"data":"Spot Weakness","floor":12,"key":"SMITH"},{"data":"Shrug It Off","floor":15,"key":"SMITH"},{"data":"Heavy Blade","floor":23,"key":"SMITH"},{"floor":27,"key":"REST"},{"floor":32,"key":"REST"}],"circlet_count":0,"master_deck":["Strike_R+1","Strike_R+1","Strike_R+1","Strike_R+1","Defend_R+1","Defend_R+1","Defend_R+1","Defend_R+1","Bash","Body Slam+1","Shrug It Off+1","Inflame","Spot Weakness+1","Shrug It Off","Cleave","Flame Barrier","Twin Strike+1","Flame Barrier+1","Armaments+1","Heavy Blade+1","Seeing Red+1","Impervious","Reaper"],"relics":["Burning Blood","Prayer Wheel","Mark of Pain","Red Mask","Nilry\u0027s Codex","Anchor","Sling"],"acts_visited":["Exordium","TheCity"],"potions_floor_usage":[11,11,13,16,22,28,29,33],"damage_taken":[{"damage":0,"enemies":"Small Slimes","floor":1,"turns":3},{"damage":14,"enemies":"Jaw Worm","floor":2,"turns":8},{"damage":5,"enemies":"Cultist","floor":5,"turns":4},{"damage":1,"enemies":"Looter","floor":7,"turns":4},{"damage":10,"enemies":"2 Fungi Beasts","floor":10,"turns":4},{"damage":14,"enemies":"3 Louse","floor":11,"turns":2},{"damage":7,"enemies":"Large Slime","floor":13,"turns":8},{"damage":9,"enemies":"Looter","floor":14,"turns":3},{"damage":45,"enemies":"Hexaghost","floor":16,"turns":10},{"damage":19,"enemies":"Spheric Guardian","floor":18,"turns":4},{"damage":5,"enemies":"3 Byrds","floor":21,"turns":5},{"damage":8,"enemies":"3 Cultists","floor":22,"turns":7},{"damage":53,"enemies":"Masked Bandits","floor":24,"turns":5},{"damage":7,"enemies":"Shelled Parasite and Fungi","floor":28,"turns":5},{"damage":0,"enemies":"Centurion and Healer","floor":29,"turns":11},{"damage":33,"enemies":"Cultist and Chosen","floor":30,"turns":8},{"damage":80,"enemies":"Automaton","floor":33,"turns":6}],"seed_played":"2962190910113354638","potions_obtained":[{"floor":2,"key":"Weak Potion"},{"floor":7,"key":"LiquidBronze"},{"floor":10,"key":"Regen Potion"},{"floor":14,"key":"Weak Potion"},{"floor":16,"key":"ElixirPotion"},{"floor":21,"key":"PowerPotion"},{"floor":24,"key":"EssenceOfSteel"},{"floor":30,"key":"SteroidPotion"}],"is_trial":false,"path_per_floor":["M","M","?","?","M","R","M","$","T","M","M","R","M","M","R","B",null,"M","?","?","M","M","R","?","?","T","R","M","M","M","$","R","B"],"character_chosen":"IRONCLAD","items_purchased":["Inflame","Sling"],"campfire_rested":2,"item_purchase_floors":[8,31],"current_hp_per_floor":[88,80,80,80,81,81,86,86,86,82,74,74,88,85,85,46,88,75,75,75,76,74,74,27,11,11,37,36,42,15,15,41,0,0],"gold":261,"neow_bonus":"TEN_PERCENT_HP_BONUS","is_daily":false,"chose_seed":false,"campfire_upgraded":4,"win_rate":0.0,"timestamp":1608912521,"path_taken":["M","M","?","?","M","R","M","?","T","M","M","R","?","M","R","BOSS","M","?","?","M","M","R","?","?","T","R","M","M","M","$","R","BOSS"],"items_purchased_type":["Card","Relic"],"build_version":"2020-12-22","purchased_purges":0,"victory":false,"max_hp_per_floor":[88,88,88,88,88,88,88,88,88,88,88,88,88,88,88,88,88,88,88,88,88,88,88,88,88,88,88,88,88,88,88,88,88,88],"card_choices":[{"not_picked":["Twin Strike","Anger"],"picked":"Body Slam","floor":1},{"not_picked":["Combust","Iron Wave","Bloodletting"],"picked":"SKIP","floor":2},{"not_picked":["Wild Strike","Dual Wield"],"picked":"Shrug It Off","floor":5},{"not_picked":["Clash","Pommel Strike","Exhume"],"picked":"SKIP","floor":7},{"not_picked":["Battle Trance","Twin Strike"],"picked":"Spot Weakness","floor":10},{"not_picked":["Headbutt","Pommel Strike","Clash"],"picked":"SKIP","floor":10},{"not_picked":["Warcry","Clash"],"picked":"Shrug It Off","floor":11},{"not_picked":["Iron Wave","Rupture","Dropkick"],"picked":"SKIP","floor":11},{"not_picked":["Warcry","Flex"],"picked":"Cleave","floor":13},{"not_picked":["Pommel Strike","Disarm","Anger"],"picked":"SKIP","floor":13},{"not_picked":["Ghostly Armor","Shrug It Off"],"picked":"Flame Barrier","floor":14},{"not_picked":["Rupture","Shockwave","Clothesline"],"picked":"SKIP","floor":14},{"not_picked":["True Grit","Sword Boomerang"],"picked":"Twin Strike+1","floor":18},{"not_picked":["Cleave+1","Warcry","Evolve+1"],"picked":"SKIP","floor":18},{"not_picked":["Infernal Blade","Clash"],"picked":"Flame Barrier+1","floor":21},{"not_picked":["Iron Wave","Warcry","Second Wind"],"picked":"SKIP","floor":21},{"not_picked":["Twin Strike+1","Combust"],"picked":"Armaments+1","floor":22},{"not_picked":["Headbutt","Havoc"],"picked":"Heavy Blade","floor":22},{"not_picked":["Searing Blow+1","Armaments"],"picked":"Seeing Red+1","floor":24},{"not_picked":["Power Through","Cleave"],"picked":"Impervious","floor":28},{"not_picked":["Clash","Fire Breathing","Pummel"],"picked":"SKIP","floor":28},{"not_picked":["Clash","Wild Strike","Cleave"],"picked":"SKIP","floor":29},{"not_picked":["Blood for Blood","Clash","Wild Strike+1"],"picked":"SKIP","floor":29},{"not_picked":["Cleave+1","Anger"],"picked":"Reaper","floor":30},{"not_picked":["Warcry","Wild Strike","Twin Strike+1"],"picked":"SKIP","floor":30}],"player_experience":244427,"relics_obtained":[{"floor":9,"key":"Prayer Wheel"},{"floor":24,"key":"Red Mask"},{"floor":25,"key":"Nilry\u0027s Codex"},{"floor":26,"key":"Anchor"}],"event_choices":[{"damage_healed":0,"gold_gain":0,"player_choice":"Ignored","damage_taken":0,"max_hp_gain":0,"max_hp_loss":0,"event_name":"Golden Idol","floor":3,"gold_loss":0},{"cards_removed":["Strike_R"],"damage_healed":0,"gold_gain":0,"player_choice":"Card Removal","damage_taken":0,"max_hp_gain":0,"max_hp_loss":0,"event_name":"The Cleric","floor":4,"gold_loss":50},{"damage_healed":0,"gold_gain":99,"player_choice":"Stole From Cult","damage_taken":0,"max_hp_gain":0,"max_hp_loss":0,"event_name":"Nest","floor":19,"gold_loss":0},{"damage_healed":0,"gold_gain":0,"player_choice":"Simplicity","damage_taken":0,"max_hp_gain":0,"max_hp_loss":0,"event_name":"Back to Basics","floor":20,"gold_loss":0,"cards_upgraded":["Strike_R","Strike_R","Strike_R","Strike_R","Defend_R","Defend_R","Defend_R","Defend_R"]},{"damage_healed":0,"gold_gain":0,"player_choice":"Fought Bandits","damage_taken":0,"max_hp_gain":0,"max_hp_loss":0,"event_name":"Masked Bandits","floor":24,"gold_loss":0},{"damage_healed":0,"gold_gain":0,"player_choice":"Obtained Book","damage_taken":16,"max_hp_gain":0,"max_hp_loss":0,"event_name":"Cursed Tome","floor":25,"gold_loss":0}],"is_beta":false,"boss_relics":[{"not_picked":["Philosopher\u0027s Stone","Black Star"],"picked":"Mark of Pain"}],"items_purged_floors":[],"is_endless":false,"potions_floor_spawned":[2,7,10,14,16,21,24,30],"killed_by":"Automaton","ascension_level":2}}