{"host":"pg2biz4zy3df4ctj","time":1608935180,"event":{"mods":["BaseMod","Minty Spire (QoL Compilation)","Quick Restart","Random Character Button"],"gold_per_floor":[113,132,132,156,156,194,215,215,215,234,234,253,21,21,21,21,21],"floor_reached":16,"playtime":519,"items_purged":[],"score":158,"play_id":"e79e060d-e0cd-445a-bd79-ac87f5af3c4a","local_time":"20201225142620","is_ascension_mode":true,"campfire_choices":[{"floor":8.0,"key":"REST"},{"data":"Armaments","floor":11.0,"key":"SMITH"},{"data":"Flex","floor":15,"key":"SMITH"}],"circlet_count":0,"master_deck":["AscendersBane","Strike_R","Strike_R","Strike_R","Strike_R","Defend_R","Defend_R","Defend_R","Bash","Brutality","Clash","Headbutt","Flex+1","Armaments+1","Flame Barrier","Metallicize","Cleave"],"relics":["Burning Blood","Golden Idol","NlothsMask","Anchor","Akabeko"],"acts_visited":["Exordium"],"potions_floor_usage":[16],"damage_taken":[{"damage":13.0,"enemies":"Jaw Worm","floor":1.0,"turns":3.0},{"damage":8.0,"enemies":"2 Louse","floor":2.0,"turns":5.0},{"damage":1.0,"enemies":"Cultist","floor":4.0,"turns":4.0},{"damage":34.0,"enemies":"Gremlin Nob","floor":6.0,"turns":4.0},{"damage":17.0,"enemies":"Exordium Wildlife","floor":7.0,"turns":5.0},{"damage":0.0,"enemies":"Red Slaver","floor":10.0,"turns":3.0},{"damage":5,"enemies":"Large Slime","floor":12,"turns":6},{"damage":61,"enemies":"Slime Boss","floor":16,"turns":11}],"seed_played":"-636659373832686865","potions_obtained":[{"floor":6.0,"key":"Dexterity Potion"},{"floor":10.0,"key":"Explosive Potion"}],"is_trial":false,"path_per_floor":["M","M","?","M","?","E","M","R","T","M","R","M","$","?","R","B"],"character_chosen":"IRONCLAD","items_purchased":["Metallicize","Cleave","Akabeko"],"campfire_rested":1,"item_purchase_floors":[13,13,13],"current_hp_per_floor":[65,63,63,68,68,40,29,51,51,57,57,58,58,58,58,0,0],"gold":21,"neow_bonus":"TRANSFORM_CARD","is_daily":false,"chose_seed":false,"campfire_upgraded":2,"win_rate":0.0,"timestamp":1608935180,"path_taken":["M","M","?","M","?","E","M","R","T","?","R","M","$","?","R","BOSS"],"items_purchased_type":["Card","Card","Relic"],"build_version":"2020-12-22","purchased_purges":0,"victory":false,"max_hp_per_floor":[80,80,74,74,74,74,74,74,74,74,74,74,74,74,74,74,74],"card_choices":[{"not_picked":["Warcry","Clash","Dropkick"],"picked":"SKIP","floor":1.0},{"not_picked":["Havoc","Iron Wave","Flex"],"picked":"SKIP","floor":2.0},{"not_picked":["Sever Soul","Clothesline"],"picked":"Clash","floor":4.0},{"not_picked":["Perfected Strike","Pummel"],"picked":"Headbutt","floor":6.0},{"not_picked":["Wild Strike","Berserk"],"picked":"Flex","floor":7.0},{"not_picked":["Heavy Blade","Clash"],"picked":"Armaments","floor":10.0},{"not_picked":["Clothesline","Rampage"],"picked":"Flame Barrier","floor":12}],"player_experience":576145,"relics_obtained":[{"floor":6.0,"key":"Anchor"}],"event_choices":[{"damage_healed":0.0,"max_hp_gain":0.0,"max_hp_loss":6.0,"gold_gain":0.0,"event_name":"Golden Idol","player_choice":"Lose Max HP","floor":3.0,"gold_loss":0.0,"damage_taken":0.0,"relics_obtained":["Golden Idol"]},{"damage_healed":0.0,"max_hp_gain":0.0,"max_hp_loss":0.0,"gold_gain":0.0,"event_name":"FaceTrader","player_choice":"Trade","floor":5.0,"gold_loss":0.0,"damage_taken":0.0,"relics_obtained":["NlothsMask"]},{"cards_removed":["Defend_R"],"damage_healed":0,"gold_gain":0,"player_choice":"Purged","damage_taken":0,"max_hp_gain":0,"max_hp_loss":0,"event_name":"Purifier","floor":14,"gold_loss":0}],"is_beta":false,"boss_relics":[],"items_purged_floors":[],"is_endless":false,"potions_floor_spawned":[6,10,12],"killed_by":"Slime Boss","ascension_level":11}}