{"host":"qvl114e0jmbc6yhm","time":1608861378,"event":{"mods":["Act Like it!","BaseMod","Hermit","Highlight Path","Hubris","Jedi Mod","Marisa????????","Marked Mod","Minty Spire (QoL Compilation)","Permanent Neow","Random Character Button","Relic Sorter","Relic Stats","Replay The Spire","Shop Mod","Spicy Shops","StSLib","The Jungle","The Runesmith"],"gold_per_floor":[114,131,131,151,103,138,248,276,276,276,276,327,484,495,495,495,495],"floor_reached":16,"playtime":636,"items_purged":[],"score":187,"play_id":"3873bfe4-5b59-4b1b-9d15-df207e6a77f0","local_time":"20201224205618","is_ascension_mode":true,"campfire_choices":[{"data":"Chaos","floor":10,"key":"SMITH"},{"floor":15,"key":"REST"}],"circlet_count":0,"master_deck":["AscendersBane","Strike_B+1","Strike_B+1","Strike_B","Strike_B","Defend_B","Defend_B","Defend_B","Defend_B","Zap","Dualcast","Coolheaded","BootSequence","Sweeping Beam","Chaos+1","Ball Lightning","Chill","Genetic Algorithm","Cold Snap"],"relics":["Cracked Core","hubris:Icosahedron","Akabeko","Prayer Wheel","Whetstone","Juzu Bracelet","MealTicket","Replay:Arrowhead"],"acts_visited":["Exordium"],"potions_floor_usage":[6,8,11,13,13,16],"damage_taken":[{"damage":7,"enemies":"Jaw Worm","floor":1,"turns":3},{"damage":0,"enemies":"Cultist","floor":2,"turns":3},{"damage":10,"enemies":"Small Slimes","floor":4,"turns":5},{"damage":12,"enemies":"Lagavulin","floor":6,"turns":10},{"damage":0,"enemies":"3 Louse","floor":7,"turns":2},{"damage":8,"enemies":"Gremlin Nob","floor":8,"turns":3},{"damage":25,"enemies":"Lagavulin Event","floor":13,"turns":7},{"damage":0,"enemies":"Blue Slaver","floor":14,"turns":3},{"damage":29,"enemies":"Hexaghost","floor":16,"turns":9}],"seed_played":"-3773918747952139605","potions_obtained":[{"floor":4,"key":"jedi:StrikingPotion"},{"floor":7,"key":"SpeedPotion"},{"floor":8,"key":"Block Potion"},{"floor":11,"key":"Fruit Juice"},{"floor":11,"key":"Adrenaline Potion"},{"floor":13,"key":"Strength Potion"}],"is_trial":false,"path_per_floor":["M","M","?","M","$","E","M","E","T","R","?","T","?","M","R","B"],"character_chosen":"DEFECT","items_purchased":["Fire Potion"],"campfire_rested":1,"item_purchase_floors":[5],"current_hp_per_floor":[57,57,57,47,47,35,35,27,27,27,32,32,7,7,29,0,0],"gold":495,"neow_bonus":"RANDOM_COMMON_RELIC","is_daily":false,"chose_seed":false,"campfire_upgraded":1,"win_rate":0.0,"timestamp":1608861378,"path_taken":["M","M","?","M","?","E","M","E","T","R","?","?","?","M","R","BOSS"],"items_purchased_type":["Potion"],"build_version":"2020-12-22","purchased_purges":0,"victory":false,"max_hp_per_floor":[71,71,71,71,71,71,71,71,71,71,76,76,76,76,76,76,76],"relic_stats":{"counters":[9,45],"Prayer Wheel":3,"MealTicket":0,"Juzu Bracelet":2,"Whetstone":["Strike_B","Strike_B"],"obtain_stats":[{"hubris:Icosahedron":3,"Prayer Wheel":4,"MealTicket":12,"Juzu Bracelet":8,"Whetstone":6,"Cracked Core":0,"Akabeko":0,"Replay:Arrowhead":13},{"hubris:Icosahedron":2,"Prayer Wheel":3,"MealTicket":6,"Juzu Bracelet":6,"Whetstone":4,"Cracked Core":0,"Akabeko":0,"Replay:Arrowhead":7},{"hubris:Icosahedron":6,"Prayer Wheel":10,"MealTicket":26,"Juzu Bracelet":26,"Whetstone":21,"Cracked Core":0,"Akabeko":0,"Replay:Arrowhead":33}]},"card_choices":[{"not_picked":["Gash","Force Field"],"picked":"Coolheaded","floor":1},{"not_picked":["Steam","ReplayTheSpireMod:System Scan"],"picked":"BootSequence","floor":2},{"not_picked":["Steam","Sunder"],"picked":"Sweeping Beam","floor":4},{"not_picked":["Gash","jedi:blockon","Hello World"],"picked":"SKIP","floor":4},{"not_picked":["Conserve Battery","Hello World"],"picked":"Chaos","floor":6},{"not_picked":["Cold Snap","Tempest"],"picked":"Ball Lightning","floor":7},{"not_picked":["Steam","Go for the Eyes"],"picked":"Chill","floor":7},{"not_picked":["Gash","Sweeping Beam"],"picked":"Genetic Algorithm","floor":8},{"not_picked":["Compile Driver","jedi:BurstLightning"],"picked":"Cold Snap","floor":14},{"not_picked":["Rebound","Streamline","Fusion"],"picked":"SKIP","floor":14}],"player_experience":2395686,"relics_obtained":[{"floor":6,"key":"Whetstone"},{"floor":8,"key":"Juzu Bracelet"},{"floor":12,"key":"MealTicket"},{"floor":13,"key":"Replay:Arrowhead"}],"event_choices":[{"damage_healed":0,"gold_gain":0,"player_choice":"Got Potions","damage_taken":0,"max_hp_gain":0,"max_hp_loss":0,"event_name":"Lab","floor":11,"gold_loss":0},{"damage_healed":0,"gold_gain":0,"player_choice":"Searched \u00271\u0027 times","damage_taken":0,"max_hp_gain":0,"max_hp_loss":0,"event_name":"Dead Adventurer","floor":13,"gold_loss":0}],"is_beta":false,"boss_relics":[],"items_purged_floors":[],"is_endless":false,"potions_floor_spawned":[4,7,8,13],"killed_by":"Hexaghost","ascension_level":14}}