{"host":"2lo6hma6kymb0g9i","time":1608888445,"event":{"mods":["BaseMod","Colored Map","DeckTracker","Minty Spire (QoL Compilation)"],"gold_per_floor":[114,134,134,146,146,146,176,240,265,112,112,130,148,164,164,236,236,248,248,248,258,278,278,288,288,288],"floor_reached":25,"playtime":1677,"items_purged":["Strike_G"],"score":400,"play_id":"541d650e-617a-4dbd-a7d8-0c22f3254f62","local_time":"20201225182725","is_ascension_mode":true,"campfire_choices":[{"data":"Terror","floor":6.0,"key":"SMITH"},{"data":"Noxious Fumes","floor":11.0,"key":"SMITH"},{"data":"Distraction","floor":15.0,"key":"SMITH"},{"data":"Catalyst","floor":23,"key":"SMITH"}],"circlet_count":0,"master_deck":["AscendersBane","Defend_G","Defend_G","Defend_G+1","Defend_G","Defend_G","Survivor","Neutralize","Terror+1","Poisoned Stab","Cloak And Dagger+1","Quick Slash","Distraction+1","Noxious Fumes+1","PiercingWail","Wraith Form v2","PiercingWail+1","Dagger Throw","Catalyst+1","Distraction","Noxious Fumes"],"relics":["Ring of the Snake","NeowsBlessing","War Paint","Eternal Feather","Toy Ornithopter","Empty Cage"],"acts_visited":["Exordium","TheCity"],"potions_floor_usage":[18,25,25],"damage_taken":[{"damage":0.0,"enemies":"Small Slimes","floor":1.0,"turns":1.0},{"damage":0.0,"enemies":"Cultist","floor":2.0,"turns":1.0},{"damage":0.0,"enemies":"Jaw Worm","floor":4.0,"turns":1.0},{"damage":11.0,"enemies":"Gremlin Nob","floor":7.0,"turns":3.0},{"damage":15.0,"enemies":"3 Sentries","floor":8.0,"turns":10.0},{"damage":0.0,"enemies":"2 Fungi Beasts","floor":12.0,"turns":3.0},{"damage":0.0,"enemies":"Looter","floor":13.0,"turns":2.0},{"damage":6.0,"enemies":"Large Slime","floor":14.0,"turns":5.0},{"damage":10.0,"enemies":"Hexaghost","floor":16.0,"turns":8.0},{"damage":11,"enemies":"Shell Parasite","floor":18,"turns":6},{"damage":13,"enemies":"Spheric Guardian","floor":21,"turns":7},{"damage":12,"enemies":"Centurion and Healer","floor":22,"turns":8},{"damage":18,"enemies":"Shelled Parasite and Fungi","floor":24,"turns":7},{"damage":35,"enemies":"Gremlin Leader","floor":25,"turns":6}],"seed_played":"-6861422527672904698","potions_obtained":[{"floor":1.0,"key":"DuplicationPotion"},{"floor":4.0,"key":"Fire Potion"},{"floor":13.0,"key":"PowerPotion"},{"floor":22,"key":"FearPotion"}],"is_trial":false,"path_per_floor":["M","M","?","M","?","R","E","?","T","$","R","M","M","M","R","B",null,"M","?","?","M","M","R","M","E"],"character_chosen":"THE_SILENT","items_purchased":["Noxious Fumes"],"campfire_rested":0,"item_purchase_floors":[10],"current_hp_per_floor":[59,59,59,59,59,59,48,33,33,33,42,42,42,36,45,35,58,52,52,52,39,27,39,21,0,0],"gold":288,"neow_bonus":"THREE_ENEMY_KILL","is_daily":false,"chose_seed":false,"campfire_upgraded":4,"win_rate":0.0,"timestamp":1608888445,"path_taken":["M","M","?","?","?","R","E","?","T","$","R","M","M","M","R","BOSS","BOSS","M","?","?","M","M","R","M","E"],"items_purchased_type":["Card"],"build_version":"2020-12-22","purchased_purges":1,"victory":false,"max_hp_per_floor":[66,66,66,66,66,66,66,66,66,66,66,66,66,66,66,66,66,66,66,66,66,66,66,66,66,66],"card_choices":[{"not_picked":["Riddle With Holes","Skewer"],"picked":"Terror","floor":1.0},{"not_picked":["Bouncing Flask","Prepared"],"picked":"Poisoned Stab","floor":2.0},{"not_picked":["Underhanded Strike","Riddle With Holes"],"picked":"Cloak And Dagger","floor":4.0},{"not_picked":["Masterful Stab","Deflect"],"picked":"Quick Slash","floor":7.0},{"not_picked":["Catalyst","Endless Agony"],"picked":"Distraction","floor":8.0},{"not_picked":["Bane","Riddle With Holes","Sucker Punch"],"picked":"SKIP","floor":12.0},{"not_picked":["Caltrops","Slice"],"picked":"PiercingWail","floor":13.0},{"not_picked":["Dodge and Roll","Terror","Accuracy"],"picked":"SKIP","floor":14.0},{"not_picked":["Glass Knife","After Image"],"picked":"Wraith Form v2","floor":16},{"not_picked":["Flying Knee","Well Laid Plans"],"picked":"PiercingWail+1","floor":18},{"not_picked":["Finisher","Underhanded Strike"],"picked":"Catalyst","floor":21},{"not_picked":["Slice","Quick Slash"],"picked":"Distraction","floor":22},{"not_picked":["Distraction","PiercingWail"],"picked":"Noxious Fumes","floor":24}],"player_experience":879235,"relics_obtained":[{"floor":7.0,"key":"War Paint"},{"floor":8.0,"key":"Eternal Feather"},{"floor":9.0,"key":"Toy Ornithopter"}],"event_choices":[{"cards_removed":["Strike_G"],"damage_healed":0.0,"max_hp_gain":0.0,"max_hp_loss":0.0,"gold_gain":0.0,"event_name":"Purifier","player_choice":"Purged","floor":3.0,"gold_loss":0.0,"damage_taken":0.0},{"damage_healed":0.0,"max_hp_gain":0.0,"max_hp_loss":0.0,"gold_gain":0.0,"event_name":"Liars Game","player_choice":"Ignored","floor":5.0,"gold_loss":0.0,"damage_taken":0.0},{"damage_healed":0.0,"max_hp_gain":0.0,"max_hp_loss":0.0,"gold_gain":0.0,"event_name":"Dead Adventurer","player_choice":"Searched \u00272\u0027 times","floor":8.0,"gold_loss":0.0,"damage_taken":0.0},{"cards_removed":["Strike_G"],"damage_healed":0,"gold_gain":0,"player_choice":"Elegance","damage_taken":0,"max_hp_gain":0,"max_hp_loss":0,"event_name":"Back to Basics","floor":19,"gold_loss":0},{"damage_healed":0,"gold_gain":0,"player_choice":"Read","damage_taken":0,"max_hp_gain":0,"max_hp_loss":0,"event_name":"The Library","floor":20,"gold_loss":0,"cards_obtained":["Dagger Throw"]}],"is_beta":false,"boss_relics":[{"not_picked":["Sozu","Tiny House"],"picked":"Empty Cage"}],"items_purged_floors":[10],"is_endless":false,"potions_floor_spawned":[1,4,13,16,22,24],"killed_by":"Gremlin Leader","ascension_level":19}}