{"host":"36mulxq349byzoa2","time":1608916184,"event":{"mods":["AchievementEnabler","BaseMod","Better Match","Block Reminder","Colored Map","Colored Powertips","Minty Spire (QoL Compilation)","Rare Cards Sparkle","StSLib","SuperFastMode"],"gold_per_floor":[112,112,132,182,199,199,159,178,201,233,246,264,264,264,264],"floor_reached":14,"playtime":358,"items_purged":[],"score":175,"play_id":"d2d3fabb-281c-429e-a8f2-1be565c080cb","local_time":"20201225120944","is_ascension_mode":true,"campfire_choices":[{"data":"Footwork","floor":6,"key":"SMITH"}],"circlet_count":0,"master_deck":["AscendersBane","Strike_G","Strike_G","Strike_G","Strike_G","Defend_G","Defend_G","Defend_G","Defend_G","Defend_G","Survivor","Neutralize","Footwork+1","Dash","Leg Sweep","Backflip","Blade Dance","Poisoned Stab","Cloak And Dagger"],"relics":["Ring of the Snake","NeowsBlessing","Smiling Mask","Regal Pillow"],"acts_visited":["Exordium"],"potions_floor_usage":[10],"damage_taken":[{"damage":0,"enemies":"Cultist","floor":1,"turns":1},{"damage":0,"enemies":"Jaw Worm","floor":3,"turns":2},{"damage":0,"enemies":"Small Slimes","floor":5,"turns":1},{"damage":0,"enemies":"Looter","floor":7,"turns":4},{"damage":1,"enemies":"Red Slaver","floor":8,"turns":5},{"damage":51,"enemies":"Gremlin Nob","floor":10,"turns":5},{"damage":1,"enemies":"3 Louse","floor":11,"turns":5},{"damage":0,"enemies":"2 Fungi Beasts","floor":12,"turns":4},{"damage":6,"enemies":"Lagavulin","floor":14,"turns":10}],"seed_played":"-2756203436273236507","potions_obtained":[{"floor":3,"key":"Fire Potion"},{"floor":5,"key":"Swift Potion"},{"floor":11,"key":"Swift Potion"}],"is_trial":false,"path_per_floor":["M","$","M","?","M","R","M","M","T","E","M","M","?","E"],"character_chosen":"THE_SILENT","items_purchased":[],"campfire_rested":0,"item_purchase_floors":[],"current_hp_per_floor":[59,59,59,59,59,59,59,58,58,7,6,6,6,0,0],"gold":264,"neow_bonus":"THREE_ENEMY_KILL","is_daily":false,"chose_seed":false,"campfire_upgraded":1,"win_rate":0.0,"timestamp":1608916184,"path_taken":["M","?","M","?","M","R","M","M","T","E","M","?","?","E"],"items_purchased_type":[],"build_version":"2020-12-22","purchased_purges":0,"victory":false,"max_hp_per_floor":[66,66,66,66,66,66,66,66,66,66,66,66,66,66,66],"card_choices":[{"not_picked":["Dodge and Roll","Quick Slash"],"picked":"Footwork","floor":1},{"not_picked":["Endless Agony","Dagger Spray"],"picked":"Dash","floor":3},{"not_picked":["Eviscerate","Reflex"],"picked":"Leg Sweep","floor":5},{"not_picked":["Concentrate","Outmaneuver"],"picked":"Backflip","floor":7},{"not_picked":["Deflect","Dagger Spray"],"picked":"Blade Dance","floor":8},{"not_picked":["Deflect","Well Laid Plans"],"picked":"Poisoned Stab","floor":10},{"not_picked":["Crippling Poison","Unload"],"picked":"Cloak And Dagger","floor":11},{"not_picked":["Quick Slash","Underhanded Strike","Crippling Poison"],"picked":"SKIP","floor":12}],"player_experience":986769,"relics_obtained":[{"floor":9,"key":"Smiling Mask"},{"floor":10,"key":"Regal Pillow"}],"event_choices":[{"damage_healed":0,"gold_gain":50,"player_choice":"Pray","damage_taken":0,"max_hp_gain":0,"max_hp_loss":0,"event_name":"Golden Shrine","floor":4,"gold_loss":0},{"cards_removed":["Strike_G"],"damage_healed":0,"gold_gain":0,"player_choice":"Forget","damage_taken":0,"max_hp_gain":0,"max_hp_loss":0,"event_name":"Living Wall","floor":13,"gold_loss":0}],"is_beta":false,"boss_relics":[],"items_purged_floors":[],"is_endless":false,"potions_floor_spawned":[3,5,8,11,12],"killed_by":"Lagavulin","ascension_level":18}}