{"host":"4w8ocelhatf0iefc","time":1608862356,"event":{"mods":["AchievementEnabler","Act Like it!","Aspiration","BaseMod","Colored Map","Colored Powertips","Hubris","Minty Spire (QoL Compilation)","Replay The Spire","StSLib"],"gold_per_floor":[110,185,185,185,198,232,232,267,317,329,342,375,375,386,386,487,787,798,798,723,723,260,285,271,271,323,339,353,368,368,368],"floor_reached":30,"playtime":1308,"items_purged":["Strike_P"],"score":352,"play_id":"4e9cf90d-c163-4a3f-8beb-7c4a5646c9a2","local_time":"20201225101236","is_ascension_mode":true,"campfire_choices":[{"data":"Eruption","floor":7,"key":"SMITH"},{"floor":13,"key":"REST"},{"floor":15,"key":"REST"},{"floor":25,"key":"REST"}],"circlet_count":0,"master_deck":["Strike_P","Strike_P","Defend_P","Defend_P","Defend_P","Eruption+1","Vigilance+1","CrushJoints","EmptyFist+1","LikeWater","WindmillStrike+1","ForeignInfluence+1","Wireheading","Replay:AtTheReady","FlurryOfBlows","FollowUp","LessonLearned+1","CurseOfTheBell","CrushJoints+1","Necronomicurse","Adaptation+1","Meditate+1","Halt+1"],"relics":["Runic Pyramid","hubris:Towel","Bronze Scales","Pen Nib","PreservedInsect","War Paint","Calling Bell","ReplayFunnel","ReplayTheSpireMod:Ninjato","Old Coin","Necronomicon","hubris:DeckOfHolding","Oddly Smooth Stone","Singing Bowl","aspiration:ChemicalBlood"],"acts_visited":["Exordium","TheCity"],"potions_floor_usage":[6,10,12,24,27,29,30],"damage_taken":[{"damage":0,"enemies":"Cultist","floor":1,"turns":2},{"damage":4,"enemies":"Jaw Worm","floor":5,"turns":2},{"damage":17,"enemies":"Gremlin Nob","floor":6,"turns":4},{"damage":23,"enemies":"Lagavulin","floor":8,"turns":4},{"damage":0,"enemies":"2 Louse","floor":10,"turns":1},{"damage":10,"enemies":"Red Slaver","floor":11,"turns":2},{"damage":0,"enemies":"Gremlin Nob","floor":12,"turns":2},{"damage":0,"enemies":"Blue Slaver","floor":14,"turns":3},{"damage":14,"enemies":"Fading Forest","floor":16,"turns":11},{"damage":1,"enemies":"Spheric Guardian","floor":18,"turns":3},{"damage":33,"enemies":"Slavers","floor":23,"turns":4},{"damage":10,"enemies":"2 Thieves","floor":24,"turns":2},{"damage":6,"enemies":"Cultist and Chosen","floor":27,"turns":3},{"damage":11,"enemies":"Sentry and Sphere","floor":28,"turns":3},{"damage":9,"enemies":"Snake Plant","floor":29,"turns":3},{"damage":20,"enemies":"3 Cultists","floor":30,"turns":3}],"seed_played":"-4472659618624322921","potions_obtained":[{"floor":5,"key":"Strength Potion"},{"floor":6,"key":"Explosive Potion"},{"floor":10,"key":"SmokeBomb"},{"floor":11,"key":"Energy Potion"},{"floor":24,"key":"ColorlessPotion"},{"floor":28,"key":"Weak Potion"}],"is_trial":false,"path_per_floor":["M","?","?","?","M","E","R","E","T","M","M","E","R","M","R","B",null,"M","?","?","?","$","E","M","R","T","M","M","M","M"],"character_chosen":"WATCHER","items_purchased":["hubris:DeckOfHolding","Oddly Smooth Stone"],"campfire_rested":3,"item_purchase_floors":[22,22],"current_hp_per_floor":[72,61,61,61,57,40,40,17,17,17,7,7,28,28,49,45,72,71,55,55,55,55,22,14,36,36,32,21,12,0,0],"gold":368,"neow_bonus":"BOSS_RELIC","is_daily":false,"chose_seed":false,"campfire_upgraded":1,"win_rate":0.0,"timestamp":1608862356,"path_taken":["M","?","?","?","?","E","R","E","T","M","M","E","R","M","R","BOSS","M","?","?","?","$","E","M","R","T","?","M","M","M"],"items_purchased_type":["Relic","Relic"],"build_version":"2020-12-22","purchased_purges":1,"victory":false,"max_hp_per_floor":[72,72,72,72,72,72,72,72,72,72,72,72,72,72,72,72,72,72,72,72,72,72,72,74,74,74,76,76,76,76,76],"card_choices":[{"not_picked":["Crescendo","EmptyFist"],"picked":"CrushJoints","floor":1},{"not_picked":["Nirvana","Prostrate"],"picked":"LikeWater","floor":5},{"not_picked":["EmptyFist","Evaluate"],"picked":"WindmillStrike","floor":6},{"not_picked":["JustLucky","WaveOfTheHand"],"picked":"ForeignInfluence","floor":8},{"not_picked":["Replay:BluntJabs","Weave"],"picked":"Wireheading","floor":10},{"not_picked":["EmptyFist","Evaluate"],"picked":"Replay:AtTheReady","floor":11},{"not_picked":["Protect","FlyingSleeves"],"picked":"FlurryOfBlows","floor":12},{"not_picked":["Replay:Cycle","CutThroughFate"],"picked":"FollowUp","floor":14},{"not_picked":["Judgement","SpiritShield"],"picked":"LessonLearned","floor":16},{"not_picked":["Worship","WheelKick"],"picked":"CrushJoints+1","floor":18},{"not_picked":["Wallop","ConjureBlade"],"picked":"Adaptation","floor":23},{"not_picked":["BowlingBash","FollowUp","Halt"],"picked":"Singing Bowl","floor":24},{"not_picked":["Pray","Replay:AtTheReady+1","Replay:BluntJabs+1"],"picked":"Singing Bowl","floor":27},{"not_picked":["ClearTheMind","Replay:Battleflow"],"picked":"Meditate+1","floor":28},{"not_picked":["SashWhip","ReachHeaven"],"picked":"Halt+1","floor":29}],"player_experience":268758,"relics_obtained":[{"floor":6,"key":"Bronze Scales"},{"floor":8,"key":"Pen Nib"},{"floor":9,"key":"PreservedInsect"},{"floor":12,"key":"War Paint"},{"floor":17,"key":"ReplayFunnel"},{"floor":17,"key":"ReplayTheSpireMod:Ninjato"},{"floor":17,"key":"Old Coin"},{"floor":19,"key":"Necronomicon"},{"floor":23,"key":"Singing Bowl"},{"floor":26,"key":"aspiration:ChemicalBlood"}],"event_choices":[{"damage_healed":0,"gold_gain":75,"player_choice":"Gather Gold","damage_taken":11,"max_hp_gain":0,"max_hp_loss":0,"event_name":"World of Goop","floor":2,"gold_loss":0},{"damage_healed":0,"gold_gain":0,"cards_transformed":["Strike_P"],"player_choice":"Transformed","damage_taken":0,"max_hp_gain":0,"max_hp_loss":0,"event_name":"Transmorgrifier","floor":4,"gold_loss":0,"cards_obtained":["EmptyFist"]},{"damage_healed":0,"gold_gain":0,"player_choice":"Obtained Book","damage_taken":16,"max_hp_gain":0,"max_hp_loss":0,"event_name":"Cursed Tome","floor":19,"gold_loss":0},{"cards_removed":["Defend_P"],"damage_healed":0,"gold_gain":0,"player_choice":"Gave Gold","damage_taken":0,"max_hp_gain":0,"max_hp_loss":0,"event_name":"Beggar","floor":20,"gold_loss":75},{"damage_healed":0,"gold_gain":0,"player_choice":"Forge","damage_taken":0,"max_hp_gain":0,"max_hp_loss":0,"event_name":"Accursed Blacksmith","floor":21,"gold_loss":0,"cards_upgraded":["LessonLearned"]}],"is_beta":false,"boss_relics":[{"not_picked":["Kintsugi","Fusion Hammer"],"picked":"Calling Bell"}],"items_purged_floors":[22],"is_endless":false,"potions_floor_spawned":[5,6,10,11,24,28],"killed_by":"3 Cultists","ascension_level":2}}