{"host":"gopu3kmfaoww0llm","time":1608893876,"event":{"mods":["BaseMod","DeckTracker","Minty Spire (QoL Compilation)","Quick Restart","StSLib","SuperFastMode"],"gold_per_floor":[112,37,112,82,99,99,16,47,98,124,150,162,189,232,244,335,347,371,394,425,437,449,461,473,473],"floor_reached":24,"playtime":544,"items_purged":["Strike_B"],"score":462,"play_id":"e21d8778-9f8a-4082-95e6-030f0604f225","local_time":"20201225195756","is_ascension_mode":true,"campfire_choices":[{"data":"Defragment","floor":6,"key":"SMITH"},{"data":"Dualcast","floor":12,"key":"SMITH"},{"data":"Coolheaded","floor":15,"key":"SMITH"},{"floor":23,"key":"REST"}],"circlet_count":0,"master_deck":["AscendersBane","Defend_B","Defend_B","Defend_B","Defend_B","Zap","Dualcast+1","Defragment+1","Sweeping Beam","Capacitor","Coolheaded+1","Biased Cognition","Ball Lightning+1","Seek+1","Cold Snap","Fusion","Undo"],"relics":["Cracked Core","NeowsBlessing","Bottled Tornado","MawBank","Art of War","Astrolabe"],"acts_visited":["Exordium","TheCity"],"potions_floor_usage":[11,14,16,20],"damage_taken":[{"damage":0,"enemies":"Small Slimes","floor":1,"turns":1},{"damage":0,"enemies":"Jaw Worm","floor":5,"turns":1},{"damage":0,"enemies":"Gremlin Nob","floor":8,"turns":1},{"damage":1,"enemies":"Cultist","floor":10,"turns":3},{"damage":1,"enemies":"2 Fungi Beasts","floor":11,"turns":2},{"damage":10,"enemies":"Exordium Wildlife","floor":13,"turns":4},{"damage":25,"enemies":"3 Sentries","floor":14,"turns":6},{"damage":14,"enemies":"The Guardian","floor":16,"turns":12},{"damage":18,"enemies":"Shell Parasite","floor":18,"turns":5},{"damage":13,"enemies":"Spheric Guardian","floor":19,"turns":4},{"damage":21,"enemies":"Shelled Parasite and Fungi","floor":20,"turns":8},{"damage":26,"enemies":"Slavers","floor":24,"turns":1}],"seed_played":"4712310973195973893","potions_obtained":[{"floor":1,"key":"SteroidPotion"},{"floor":4,"key":"Energy Potion"},{"floor":13,"key":"EssenceOfDarkness"},{"floor":16,"key":"Swift Potion"}],"is_trial":false,"path_per_floor":["M","$","?","?","M","R","$","E","T","M","M","R","M","E","R","B",null,"M","M","M","?","?","R","E"],"character_chosen":"DEFECT","items_purchased":["Capacitor"],"campfire_rested":1,"item_purchase_floors":[7],"current_hp_per_floor":[64,64,53,53,53,53,53,53,53,52,51,51,41,16,16,2,54,36,23,2,2,2,23,0,0],"gold":473,"neow_bonus":"THREE_ENEMY_KILL","is_daily":false,"chose_seed":false,"campfire_upgraded":3,"win_rate":0.0,"timestamp":1608893876,"path_taken":["M","$","?","?","M","R","$","E","T","M","M","R","M","E","R","BOSS","M","M","M","?","?","R","E"],"items_purchased_type":["Card"],"build_version":"2020-12-22","purchased_purges":1,"victory":false,"max_hp_per_floor":[71,71,71,71,71,71,71,71,71,71,71,71,71,71,71,71,71,71,71,71,71,71,71,71,71],"card_choices":[{"not_picked":["Storm","Doom and Gloom"],"picked":"Defragment","floor":1},{"not_picked":["Skim","Doom and Gloom"],"picked":"Sweeping Beam","floor":5},{"not_picked":["Sweeping Beam","Streamline","Fission"],"picked":"SKIP","floor":8},{"not_picked":["Sweeping Beam","Fission"],"picked":"Streamline","floor":8},{"not_picked":["Heatsinks","Streamline","Reinforced Body"],"picked":"SKIP","floor":10},{"not_picked":["Stack","White Noise","Heatsinks"],"picked":"SKIP","floor":11},{"not_picked":["Lockon","Hello World","Recycle"],"picked":"SKIP","floor":13},{"not_picked":["Tempest","Go for the Eyes"],"picked":"Coolheaded","floor":14},{"not_picked":["Machine Learning","Echo Form"],"picked":"Biased Cognition","floor":16},{"not_picked":["Stack","Steam","Static Discharge"],"picked":"SKIP","floor":18},{"not_picked":["Fusion","Redo"],"picked":"Cold Snap","floor":19},{"not_picked":["Compile Driver","Capacitor","Redo"],"picked":"SKIP","floor":20}],"player_experience":2893580,"relics_obtained":[{"floor":8,"key":"Bottled Tornado"},{"floor":9,"key":"MawBank"},{"floor":14,"key":"Art of War"}],"event_choices":[{"damage_healed":0,"gold_gain":75,"player_choice":"Gather Gold","damage_taken":11,"max_hp_gain":0,"max_hp_loss":0,"event_name":"World of Goop","floor":3,"gold_loss":0},{"damage_healed":0,"gold_gain":0,"player_choice":"Bought 2 Potions","damage_taken":0,"max_hp_gain":0,"max_hp_loss":0,"event_name":"The Woman in Blue","floor":4,"gold_loss":0},{"damage_healed":0,"gold_gain":0,"player_choice":"Ignored","damage_taken":0,"max_hp_gain":0,"max_hp_loss":0,"event_name":"The Mausoleum","floor":21,"gold_loss":0},{"damage_healed":0,"gold_gain":0,"cards_transformed":["Streamline","All For One"],"player_choice":"Became Test Subject","damage_taken":0,"max_hp_gain":0,"max_hp_loss":0,"event_name":"Drug Dealer","floor":22,"gold_loss":0,"cards_obtained":["Fusion","Undo"]}],"is_beta":false,"boss_relics":[{"not_picked":["Coffee Dripper","Sozu"],"picked":"Astrolabe"}],"items_purged_floors":[2],"is_endless":false,"potions_floor_spawned":[1,13,16],"killed_by":"Slavers","ascension_level":20}}