{"host":"f1miojwxaupu79sp","time":1608876002,"event":{"mods":["BaseMod","Better Vampires","Minty Spire (QoL Compilation)","Shop Mod"],"gold_per_floor":[109,126,33,108,33,53,71,71,145,145,145,145,180,198,198,276,276,295,245,259,270,296,296,296,296],"floor_reached":24,"playtime":100938,"items_purged":["Strike_G"],"score":323,"play_id":"5fb25fcc-1aed-4ee6-ad06-bb152692a3f2","local_time":"20201225010002","is_ascension_mode":true,"campfire_choices":[{"data":"Storm of Steel","floor":8,"key":"SMITH"},{"data":"Accuracy","floor":10,"key":"SMITH"},{"data":"Dash","floor":12,"key":"SMITH"},{"data":"Bane","floor":15,"key":"SMITH"},{"floor":23,"key":"REST"}],"circlet_count":0,"master_deck":["AscendersBane","Strike_G","Strike_G","Strike_G","Defend_G","Defend_G","Defend_G","Defend_G","Defend_G","Survivor","Neutralize","Storm of Steel+1","Noxious Fumes","Dash+1","Accuracy+1","PiercingWail","Footwork+1","Bane+1","A Thousand Cuts","Riddle With Holes"],"relics":["Ring of the Snake","Eternal Feather","Snake Skull","Busted Crown","Omamori"],"acts_visited":["Exordium","TheCity"],"potions_floor_usage":[18,18,24,24],"damage_taken":[{"damage":7.0,"enemies":"Small Slimes","floor":1.0,"turns":6.0},{"damage":3.0,"enemies":"Jaw Worm","floor":2.0,"turns":5.0},{"damage":0,"enemies":"Cultist","floor":6,"turns":3},{"damage":2,"enemies":"Exordium Thugs","floor":7,"turns":5},{"damage":21,"enemies":"Gremlin Nob","floor":13,"turns":6},{"damage":0,"enemies":"Blue Slaver","floor":14,"turns":4},{"damage":16,"enemies":"The Guardian","floor":16,"turns":12},{"damage":26,"enemies":"3 Byrds","floor":18,"turns":4},{"damage":18,"enemies":"Chosen","floor":20,"turns":7},{"damage":14,"enemies":"Snecko","floor":21,"turns":8},{"damage":29,"enemies":"Gremlin Leader","floor":24,"turns":8}],"seed_played":"2892974980665675715","potions_obtained":[{"floor":1.0,"key":"Strength Potion"},{"floor":6,"key":"Explosive Potion"},{"floor":18,"key":"FearPotion"},{"floor":21,"key":"FearPotion"}],"is_trial":false,"path_per_floor":["M","M","$","?","$","M","M","R","T","R","?","R","E","M","R","B",null,"M","?","M","M","T","R","E"],"character_chosen":"THE_SILENT","items_purchased":["Accuracy","PiercingWail"],"campfire_rested":1,"item_purchase_floors":[3,3],"current_hp_per_floor":[56,53,53,42,42,42,40,40,40,49,49,58,37,37,46,30,60,34,34,16,2,2,35,6,6],"gold":296,"neow_bonus":"TRANSFORM_CARD","is_daily":false,"chose_seed":false,"campfire_upgraded":4,"win_rate":0.0,"timestamp":1608876002,"path_taken":["M","M","$","?","$","M","M","R","T","R","?","R","E","M","R","BOSS","M","?","M","?","?","R","E"],"items_purchased_type":["Card","Card"],"build_version":"2020-12-22","purchased_purges":1,"victory":false,"max_hp_per_floor":[70,70,70,70,70,70,70,70,70,70,70,70,70,70,70,70,70,70,70,70,70,70,70,70,70],"card_choices":[{"not_picked":["Setup","Bane"],"picked":"Noxious Fumes","floor":1.0},{"not_picked":["Bane","Riddle With Holes"],"picked":"Dash","floor":2.0},{"not_picked":["Slice","Calculated Gamble"],"picked":"Footwork","floor":6},{"not_picked":["Skewer","Backflip"],"picked":"Bane","floor":7},{"not_picked":["Setup","Sucker Punch","Blur"],"picked":"SKIP","floor":13},{"not_picked":["Prepared","Dagger Spray","All Out Attack"],"picked":"SKIP","floor":14},{"not_picked":["Unload","Venomology"],"picked":"A Thousand Cuts","floor":16},{"not_picked":["Flying Knee"],"picked":"SKIP","floor":18},{"not_picked":[],"picked":"Riddle With Holes","floor":20},{"not_picked":["Sucker Punch"],"picked":"SKIP","floor":21}],"player_experience":714071,"relics_obtained":[{"floor":9,"key":"Eternal Feather"},{"floor":13,"key":"Snake Skull"},{"floor":22,"key":"Omamori"}],"event_choices":[{"damage_healed":0,"gold_gain":75,"player_choice":"Gather Gold","damage_taken":11,"max_hp_gain":0,"max_hp_loss":0,"event_name":"World of Goop","floor":4,"gold_loss":0},{"damage_healed":0,"gold_gain":0,"player_choice":"Grow","damage_taken":0,"max_hp_gain":0,"max_hp_loss":0,"event_name":"Living Wall","floor":11,"gold_loss":0,"cards_upgraded":["Footwork"]},{"damage_healed":0,"gold_gain":0,"player_choice":"Bet on Murderer","damage_taken":0,"max_hp_gain":0,"max_hp_loss":0,"event_name":"The Joust","floor":19,"gold_loss":50}],"is_beta":false,"boss_relics":[{"not_picked":["Snecko Eye","Fusion Hammer"],"picked":"Busted Crown"}],"items_purged_floors":[5],"is_endless":false,"potions_floor_spawned":[1,6,16,18,21],"killed_by":"Gremlin Leader","ascension_level":13}}