{"host":"oy4pyvr762z5n0bb","time":1608885036,"event":{"mods":["AchievementEnabler","BaseMod","Colored Map","Colored Powertips","Googly Eyes","Key Reminder","Minty Spire (QoL Compilation)","Quick Restart","Relic Sorter","StSLib","SuperFastMode","Unceasing Turn Reminder","slay the spire mod where everything is the same but ironclad has a cowboy hat"],"gold_per_floor":[115,133,133,133,152,152,166,197,220,252,252,263,278,298,298,398,398,410,9,9,9,26,26,42,42,42,42,59,86,105,115,115,211,211,223,73,90,106,122,122,122,122],"floor_reached":41,"playtime":947,"items_purged":[],"score":540,"play_id":"bbea70ac-1af0-48b0-b7a6-e1e15089dbe3","local_time":"20201225003036","is_ascension_mode":true,"campfire_choices":[{"data":"Bash","floor":6,"key":"SMITH"},{"floor":11,"key":"REST"},{"data":"Inflame","floor":15,"key":"SMITH"},{"data":"Seeing Red","floor":23,"key":"SMITH"},{"data":"Immolate","floor":32,"key":"SMITH"},{"data":"Inflame","floor":40,"key":"SMITH"}],"circlet_count":0,"master_deck":["Strike_R","Defend_R+1","Defend_R","Defend_R","Defend_R+1","Bash+1","Wild Strike","Iron Wave","Headbutt","Inflame+1","Impervious","Armaments","Cleave","Twin Strike","Sword Boomerang","Reaper","Flex","Inflame+1","Ghostly Armor","Seeing Red+1","Sentinel","Thunderclap","Sword Boomerang+1","Hemokinesis","Immolate+1","Inflame+1","Exhume","Inflame+1","True Grit+1","Inflame+1"],"relics":["Burning Blood","NeowsBlessing","War Paint","Potion Belt","Anchor","Black Star","Oddly Smooth Stone","DollysMirror","Enchiridion","HornCleat","Question Card","Meat on the Bone","Regal Pillow","Velvet Choker","Bag of Preparation"],"acts_visited":["Exordium","TheCity","TheBeyond"],"potions_floor_usage":[10,10,16,33,33,33,33,41],"damage_taken":[{"damage":0,"enemies":"Jaw Worm","floor":1,"turns":1},{"damage":0,"enemies":"Cultist","floor":2,"turns":1},{"damage":0,"enemies":"2 Louse","floor":5,"turns":1},{"damage":8,"enemies":"Exordium Wildlife","floor":7,"turns":4},{"damage":40,"enemies":"Gremlin Nob","floor":8,"turns":5},{"damage":9,"enemies":"3 Sentries","floor":10,"turns":6},{"damage":8,"enemies":"Blue Slaver","floor":12,"turns":4},{"damage":0,"enemies":"Large Slime","floor":13,"turns":6},{"damage":4,"enemies":"Red Slaver","floor":14,"turns":3},{"damage":42,"enemies":"The Guardian","floor":16,"turns":12},{"damage":17,"enemies":"Shell Parasite","floor":18,"turns":5},{"damage":14,"enemies":"3 Byrds","floor":22,"turns":4},{"damage":24,"enemies":"Snake Plant","floor":24,"turns":5},{"damage":9,"enemies":"Centurion and Healer","floor":28,"turns":9},{"damage":31,"enemies":"Slavers","floor":29,"turns":5},{"damage":8,"enemies":"Shelled Parasite and Fungi","floor":30,"turns":3},{"damage":12,"enemies":"Snecko","floor":31,"turns":4},{"damage":69,"enemies":"Automaton","floor":33,"turns":11},{"damage":0,"enemies":"3 Shapes","floor":35,"turns":2},{"damage":0,"enemies":"Orb Walker","floor":37,"turns":3},{"damage":0,"enemies":"4 Shapes","floor":38,"turns":3},{"damage":29,"enemies":"Writhing Mass","floor":39,"turns":6},{"damage":76,"enemies":"Giant Head","floor":41,"turns":6}],"seed_played":"7211550205315599178","potions_obtained":[{"floor":2,"key":"ColorlessPotion"},{"floor":5,"key":"SpeedPotion"},{"floor":8,"key":"HeartOfIron"},{"floor":12,"key":"Fire Potion"},{"floor":18,"key":"ElixirPotion"},{"floor":24,"key":"Block Potion"},{"floor":30,"key":"Dexterity Potion"},{"floor":37,"key":"Ancient Potion"},{"floor":39,"key":"Block Potion"}],"is_trial":false,"path_per_floor":["M","M","?","?","M","R","M","E","T","E","R","M","M","M","R","B",null,"M","$","?","?","M","R","M","T","T","?","M","E","M","M","R","B",null,"M","$","M","M","M","R","E"],"character_chosen":"IRONCLAD","items_purchased":["Oddly Smooth Stone","DollysMirror","Ghostly Armor","Seeing Red","Bag of Preparation"],"campfire_rested":1,"item_purchase_floors":[19,19,19,19,36],"current_hp_per_floor":[80,80,80,80,80,80,78,44,44,41,65,63,69,71,71,35,80,69,69,53,53,62,62,44,44,44,44,67,70,68,62,62,24,80,80,80,80,80,57,57,0,0],"gold":122,"neow_bonus":"THREE_ENEMY_KILL","is_daily":false,"chose_seed":false,"campfire_upgraded":5,"win_rate":0.0,"timestamp":1608885036,"path_taken":["M","M","?","?","M","R","M","E","T","E","R","?","M","M","R","BOSS","M","$","?","?","M","R","M","?","T","?","M","E","?","M","R","BOSS","M","?","?","M","?","R","E"],"items_purchased_type":["Relic","Relic","Card","Card","Relic"],"build_version":"2020-12-22","purchased_purges":0,"victory":false,"max_hp_per_floor":[80,80,80,80,80,80,80,80,80,80,80,80,80,80,80,80,80,80,80,80,80,80,80,80,80,80,80,80,80,80,80,80,80,80,80,80,80,80,80,80,80,80],"card_choices":[{"not_picked":["Twin Strike","Entrench"],"picked":"Wild Strike","floor":1},{"not_picked":["Anger","Body Slam"],"picked":"Iron Wave","floor":2},{"not_picked":["Dark Embrace","Body Slam"],"picked":"Headbutt","floor":5},{"not_picked":["Twin Strike","Entrench"],"picked":"Inflame","floor":7},{"not_picked":["Searing Blow","Pummel"],"picked":"Impervious","floor":8},{"not_picked":["Uppercut","Spot Weakness"],"picked":"Armaments","floor":10},{"not_picked":["Twin Strike","Clash"],"picked":"Cleave","floor":12},{"not_picked":["Headbutt","Heavy Blade"],"picked":"Twin Strike","floor":13},{"not_picked":["Cleave","Armaments"],"picked":"Sword Boomerang","floor":14},{"not_picked":["Demon Form","Impervious"],"picked":"Reaper","floor":16},{"not_picked":["Uppercut","Heavy Blade"],"picked":"Flex","floor":18},{"not_picked":["Anger","Headbutt"],"picked":"Sword Boomerang+1","floor":22},{"not_picked":["Cleave","Perfected Strike","Havoc"],"picked":"SKIP","floor":24},{"not_picked":["Twin Strike+1","Searing Blow+1","Armaments"],"picked":"Immolate","floor":28},{"not_picked":["Clash","Body Slam","Headbutt"],"picked":"Inflame+1","floor":29},{"not_picked":["Armaments","Havoc","Pummel","Battle Trance"],"picked":"SKIP","floor":30},{"not_picked":["Cleave","Headbutt","Fire Breathing","Armaments"],"picked":"SKIP","floor":31},{"not_picked":["Bludgeon","Brutality","Immolate"],"picked":"Exhume","floor":33},{"not_picked":["Iron Wave","Battle Trance","Heavy Blade"],"picked":"Inflame","floor":35},{"not_picked":["Armaments+1","Wild Strike+1","Thunderclap+1"],"picked":"True Grit+1","floor":37},{"not_picked":["Heavy Blade","Reckless Charge","Rage"],"picked":"Inflame+1","floor":38},{"not_picked":["Second Wind","Shockwave","Twin Strike","Anger+1"],"picked":"SKIP","floor":39}],"player_experience":555365,"relics_obtained":[{"floor":8,"key":"War Paint"},{"floor":9,"key":"Potion Belt"},{"floor":10,"key":"Anchor"},{"floor":20,"key":"Enchiridion"},{"floor":25,"key":"HornCleat"},{"floor":26,"key":"Question Card"},{"floor":29,"key":"Meat on the Bone"},{"floor":29,"key":"Regal Pillow"}],"event_choices":[{"damage_healed":0,"gold_gain":0,"player_choice":"Leave","damage_taken":0,"max_hp_gain":0,"max_hp_loss":0,"event_name":"The Cleric","floor":3,"gold_loss":0},{"cards_removed":["Strike_R"],"damage_healed":0,"gold_gain":0,"player_choice":"Purged","damage_taken":0,"max_hp_gain":0,"max_hp_loss":0,"event_name":"Purifier","floor":4,"gold_loss":0},{"damage_healed":0,"gold_gain":0,"player_choice":"Obtained Book","damage_taken":16,"max_hp_gain":0,"max_hp_loss":0,"event_name":"Cursed Tome","floor":20,"gold_loss":0},{"damage_healed":0,"gold_gain":0,"cards_transformed":["Strike_R","Strike_R"],"player_choice":"Became Test Subject","damage_taken":0,"max_hp_gain":0,"max_hp_loss":0,"event_name":"Drug Dealer","floor":21,"gold_loss":0,"cards_obtained":["Sentinel","Thunderclap"]},{"damage_healed":0,"gold_gain":0,"cards_transformed":["Strike_R"],"player_choice":"Transformed","damage_taken":0,"max_hp_gain":0,"max_hp_loss":0,"event_name":"Transmorgrifier","floor":27,"gold_loss":0,"cards_obtained":["Hemokinesis"]}],"is_beta":false,"boss_relics":[{"not_picked":["Pandora\u0027s Box","Tiny House"],"picked":"Black Star"},{"not_picked":["Snecko Eye","Black Blood"],"picked":"Velvet Choker"}],"items_purged_floors":[],"is_endless":false,"potions_floor_spawned":[2,5,8,12,18,24,30,37,39],"killed_by":"Giant Head","ascension_level":4}}