{"host":"9d83omykrosjn1d3","time":1608892355,"event":{"mods":["AchievementEnabler","BaseMod","BetterRewards","Card Forge","Downfall","Hubris","MarisaÅiñ∂âJÅ@ñÇóùçπÅj","Minty Spire (QoL Compilation)","Permanent Neow","Shop Mod","StSLib","SuperFastMode","The Administrix","The Construct","The Servant 0.9.4"],"gold_per_floor":[99,117,134,134,149,181,181,214,314,346,359,376,118,138,154,256,256,256,272,285,94,94,79,160,194,208,224,244,277,287,141,160,257,257,107,123,123,135,158,83,83,114,129,162,514,514,514,525,539,539,539,573,303,303,303],"floor_reached":56,"playtime":3760,"items_purged":[],"score":1630,"play_id":"37783bec-c6aa-40ab-a446-abb0d9a0de4c","local_time":"20201225193235","is_ascension_mode":true,"campfire_choices":[{"floor":1.0,"key":"RECALL"},{"data":"Guardian:BaubleBeam","floor":35.0,"key":"SMITH"},{"data":"Guardian:Clone","floor":40,"key":"SMITH"},{"data":"Guardian:ConstructionForm","floor":47,"key":"SMITH"},{"data":"Guardian:PrismaticBeam","floor":54,"key":"SMITH"}],"circlet_count":0,"master_deck":["construct:MetalShell+2","Guardian:PrimingBeam+1","Guardian:ConstructionForm+1","Guardian:Clone+1","Guardian:BaubleBeam+1","Guardian:Gem_Synthetic","Guardian:Repulse","Guardian:PrismaticBeam+1"],"relics":["Guardian:ModeShifter","Hammer of Thor","Seething Fire","Anvil of the Gods","hubris:DeckOfHolding","Bottled Tornado","Omamori","Bronze Scales","Membership Card","MerchantsRug","Guardian:PickAxe","hubris:RunicObelisk","Ice Cream","Tiny Chest","hubris:Reverence","Peace Pipe","hubris:SlimyHat","hubris:FunFungus","construct:WeddingRing","downfall:HeartBlessingRed","downfall:HeartBlessingGreen","downfall:HeartBlessingBlue","War Paint","Ancient Tea Set","Bag of Preparation","hubris:Icosahedron","hubris:ToyBattleship","Unceasing Top","Medical Kit"],"acts_visited":["Exordium","TheCity","TheBeyond","TheEnding"],"potions_floor_usage":[],"damage_taken":[{"damage":3.0,"enemies":"Jaw Worm","floor":2.0,"turns":4.0},{"damage":0.0,"enemies":"Cultist","floor":3.0,"turns":4.0},{"damage":0.0,"enemies":"Small Slimes","floor":5.0,"turns":4.0},{"damage":10.0,"enemies":"Gremlin Nob","floor":6.0,"turns":6.0},{"damage":1.0,"enemies":"Lagavulin","floor":8.0,"turns":9.0},{"damage":18.0,"enemies":"Gremlin Nob","floor":10.0,"turns":5.0},{"damage":9.0,"enemies":"3 Louse","floor":11.0,"turns":3.0},{"damage":7.0,"enemies":"Exordium Thugs","floor":12.0,"turns":4.0},{"damage":0.0,"enemies":"downfall:FleeingMerchant","floor":13.0,"turns":4.0},{"damage":0.0,"enemies":"Large Slime","floor":14.0,"turns":4.0},{"damage":4.0,"enemies":"2 Fungi Beasts","floor":15.0,"turns":3.0},{"damage":10.0,"enemies":"downfall:Ironclad","floor":16.0,"turns":10.0},{"damage":4.0,"enemies":"Shell Parasite","floor":19.0,"turns":5.0},{"damage":0.0,"enemies":"Spheric Guardian","floor":20.0,"turns":7.0},{"damage":4.0,"enemies":"downfall:FleeingMerchant","floor":21.0,"turns":4.0},{"damage":9.0,"enemies":"downfall:FleeingMerchant","floor":23.0,"turns":4.0},{"damage":0.0,"enemies":"Gremlin Leader","floor":25.0,"turns":12.0},{"damage":4.0,"enemies":"Snecko","floor":26.0,"turns":5.0},{"damage":13.0,"enemies":"Centurion and Healer","floor":27.0,"turns":9.0},{"damage":13.0,"enemies":"Snake Plant","floor":28.0,"turns":4.0},{"damage":0.0,"enemies":"Book of Stabbing","floor":29.0,"turns":7.0},{"damage":0.0,"enemies":"Snecko","floor":30.0,"turns":7.0},{"damage":14.0,"enemies":"downfall:FleeingMerchant","floor":31.0,"turns":4.0},{"damage":10.0,"enemies":"Shelled Parasite and Fungi","floor":32.0,"turns":13.0},{"damage":2.0,"enemies":"downfall:Silent","floor":33.0,"turns":14.0},{"damage":1.0,"enemies":"3 Darklings","floor":36.0,"turns":4.0},{"damage":0,"enemies":"3 Shapes","floor":38,"turns":6},{"damage":24,"enemies":"Nemesis","floor":42,"turns":7},{"damage":0,"enemies":"Sphere and 2 Shapes","floor":43,"turns":3},{"damage":0,"enemies":"Giant Head","floor":44,"turns":3},{"damage":0,"enemies":"downfall:FleeingMerchant","floor":45,"turns":3},{"damage":0,"enemies":"Jaw Worm Horde","floor":48,"turns":2},{"damage":0,"enemies":"Writhing Mass","floor":49,"turns":3},{"damage":0,"enemies":"downfall:Defect","floor":50,"turns":2},{"damage":4,"enemies":"downfall:CharBossMerchant","floor":52,"turns":3},{"damage":0,"enemies":"downfall:NeowBoss","floor":55,"turns":7}],"seed_played":"-268541120797294782","potions_obtained":[{"floor":4.0,"key":"SkillPotion"},{"floor":4.0,"key":"DuplicationPotion"},{"floor":4.0,"key":"Swift Potion"},{"floor":16.0,"key":"sneckomod:MuddlingPotion"},{"floor":19.0,"key":"LiquidBronze"},{"floor":20.0,"key":"SkillPotion"},{"floor":26.0,"key":"LiquidBronze"},{"floor":28.0,"key":"SpeedPotion"},{"floor":32.0,"key":"SkillPotion"},{"floor":33.0,"key":"Weak Potion"},{"floor":42,"key":"Dexterity Potion"},{"floor":43,"key":"FairyPotion"}],"is_trial":false,"path_per_floor":["R","M","M","?","M","E","T","E","?","E","M","M","$","M","M","B",null,"R","M","M","$","?","$","T","E","M","M","M","E","M","$","M","B",null,"R","M","?","M","T","R","T","E","M","E","$","?","R","M","M","B",null,"E","$","R","B",null],"character_chosen":"GUARDIAN","items_purchased":["Membership Card","MerchantsRug","Guardian:PickAxe","Ice Cream","Tiny Chest","hubris:FunFungus","Guardian:Gem_White","Unceasing Top","Medical Kit","Guardian:PrismaticBeam"],"campfire_rested":0,"item_purchase_floors":[13,13,13,21,21,31,45,53,53,53],"current_hp_per_floor":[80,77,77,77,77,67,67,66,66,48,39,32,32,32,28,18,80,80,76,76,72,64,55,55,55,51,38,25,25,25,11,80,80,80,80,80,80,80,80,90,90,90,90,90,90,90,90,90,90,90,90,88,88,88,90],"gold":303,"neow_bonus":"THREE_CARDS","is_daily":false,"chose_seed":false,"campfire_upgraded":4,"win_rate":0.0,"timestamp":1608892355,"path_taken":["R","M","M","?","?","E","T","E","?","E","M","M","$","M","M","BOSS","R","M","M","$","?","$","T","E","M","M","M","E","M","?","M","BOSS","R","M","?","M","?","R","T","E","M","E","$","?","R","M","M","BOSS","E","$","R","BOSS"],"items_purchased_type":["Relic","Relic","Relic","Relic","Relic","Relic","Card","Relic","Relic","Card"],"build_version":"2020-12-22","purchased_purges":0,"victory":true,"max_hp_per_floor":[80,80,80,80,80,80,80,80,80,80,80,80,80,80,80,80,80,80,80,80,80,80,80,80,80,80,80,80,80,80,80,80,80,80,80,80,80,80,80,90,90,90,90,90,90,90,90,90,90,90,90,90,90,90,90],"card_choices":[{"not_picked":["Guardian:Gem_Cyan","Guardian:ShieldSpikes","Guardian:Recover"],"picked":"SKIP","floor":2.0},{"not_picked":["Guardian:BronzeArmor","Guardian:RollAttack","Guardian:Gem_Crimson"],"picked":"SKIP","floor":3.0},{"not_picked":["Guardian:SpikerProtocol","Guardian:WalkerClaw"],"picked":"Guardian:PrimingBeam","floor":5.0},{"not_picked":["Guardian:SentryBeam","Guardian:ChargeCore"],"picked":"Guardian:ConstructionForm","floor":6.0},{"not_picked":["Guardian:Reroute","Guardian:Orbwalk","Guardian:PrimingBeam"],"picked":"SKIP","floor":8.0},{"not_picked":["Guardian:Gem_Red","Guardian:Reroute","Guardian:Gem_Fragmented"],"picked":"SKIP","floor":10.0},{"not_picked":["Guardian:GemFire","Guardian:WalkerClaw","Guardian:Orbwalk"],"picked":"SKIP","floor":11.0},{"not_picked":["Guardian:PiercingHide","Guardian:SpikerProtocol"],"picked":"Guardian:PolyBeam","floor":12.0},{"not_picked":["Guardian:TemporalStrike","Guardian:Gem_Cyan","Guardian:PiercingHide"],"picked":"SKIP","floor":13.0},{"not_picked":["Guardian:CrystalBeam","Guardian:DonusPower","Guardian:MultiBeam"],"picked":"SKIP","floor":14.0},{"not_picked":["Guardian:Gem_Cyan","Guardian:Incinerate"],"picked":"Guardian:Clone","floor":15.0},{"not_picked":["Guardian:TimeSifter","Guardian:GemFinder"],"picked":"Guardian:BaubleBeam","floor":16.0},{"not_picked":["Guardian:ChargeCore","Guardian:Incinerate","Guardian:Clone"],"picked":"SKIP","floor":19.0},{"not_picked":["Guardian:CrystalBeam+1","Guardian:PiercingHide","Guardian:Preprogram+1"],"picked":"SKIP","floor":20.0},{"not_picked":["Guardian:Reroute","Guardian:CompilePackage","Guardian:Emergency"],"picked":"SKIP","floor":21.0},{"not_picked":["Guardian:Suspension","Guardian:Gem_Yellow","Guardian:Recover"],"picked":"SKIP","floor":23.0},{"not_picked":["Guardian:ChargeCore+1","Guardian:Planning+1","Guardian:PrimingBeam"],"picked":"SKIP","floor":25.0},{"not_picked":["Guardian:SentryBeam+1","Guardian:Planning+1","Guardian:Recover"],"picked":"SKIP","floor":26.0},{"not_picked":["Guardian:Recover+1","Guardian:PrismaticBeam","Guardian:HyperBeam_Guardian"],"picked":"SKIP","floor":27.0},{"not_picked":["Guardian:CrystalBeam","Guardian:VentSteam","Guardian:ShieldCharger"],"picked":"SKIP","floor":28.0},{"not_picked":["Guardian:PiercingHide+1","Guardian:PrismaticBarrier","Guardian:TemporalStrike"],"picked":"SKIP","floor":29.0},{"not_picked":["Guardian:Gem_Red","Guardian:Gem_Green","Guardian:TemporalShield"],"picked":"SKIP","floor":30.0},{"not_picked":["Guardian:ChargeUp","Guardian:Gem_Synthetic","Guardian:ShieldSpikes"],"picked":"SKIP","floor":31.0},{"not_picked":["Guardian:Planning","Guardian:ChargeUp","Guardian:Preprogram+1"],"picked":"SKIP","floor":32.0},{"not_picked":["Guardian:CrystalBeam+1","Guardian:Gem_Green","Guardian:Incinerate+1"],"picked":"SKIP","floor":36.0},{"not_picked":["Guardian:WalkerClaw","Guardian:Suspension","Guardian:FloatingOrbs+1"],"picked":"SKIP","floor":38},{"not_picked":["Guardian:WalkerClaw","Guardian:Suspension","Guardian:FloatingOrbs+1"],"picked":"SKIP","floor":38},{"not_picked":["Guardian:RevengeProtocol","Guardian:PrimingBeam","Guardian:Gem_Crimson"],"picked":"SKIP","floor":42},{"not_picked":["Guardian:Gem_Yellow","Guardian:Recover","Guardian:VentSteam+1"],"picked":"SKIP","floor":43},{"not_picked":["Guardian:ShieldSpikes+1","Guardian:Reroute+1","Guardian:Suspension"],"picked":"SKIP","floor":44},{"not_picked":["Guardian:FloatingOrbs","Guardian:Gem_Cyan","Guardian:Emergency"],"picked":"SKIP","floor":45},{"not_picked":["Guardian:ChargeCore","Guardian:Gem_Green","Guardian:CrystalBeam"],"picked":"SKIP","floor":48},{"not_picked":["Guardian:ChargeCore+1","Guardian:Gem_Yellow"],"picked":"Guardian:Repulse","floor":49},{"not_picked":["Guardian:PiercingHide","Guardian:MultiBeam","Guardian:Gem_Red"],"picked":"SKIP","floor":52}],"player_experience":768774,"relics_obtained":[{"floor":6.0,"key":"hubris:DeckOfHolding"},{"floor":7.0,"key":"Bottled Tornado"},{"floor":8.0,"key":"Omamori"},{"floor":10.0,"key":"Bronze Scales"},{"floor":24.0,"key":"hubris:Reverence"},{"floor":25.0,"key":"Peace Pipe"},{"floor":29.0,"key":"hubris:SlimyHat"},{"floor":41,"key":"War Paint"},{"floor":42,"key":"Ancient Tea Set"},{"floor":44,"key":"Bag of Preparation"},{"floor":52,"key":"hubris:ToyBattleship"}],"event_choices":[{"damage_healed":0.0,"max_hp_gain":0.0,"max_hp_loss":0.0,"gold_gain":0.0,"event_name":"Lab","player_choice":"Got Potions","floor":4.0,"gold_loss":0.0,"damage_taken":0.0}],"is_beta":false,"boss_relics":[{"not_picked":["hubris:BlackHole","SacredBark"],"picked":"hubris:RunicObelisk"},{"not_picked":["hubris:VirtuousBlindfold","hubris:GrandSneckoEye"],"picked":"construct:WeddingRing"}],"items_purged_floors":[],"is_endless":false,"potions_floor_spawned":[6,8,10,11,12,16,19,20,26,28,32,33,42,43,44],"ascension_level":1}}