{"host":"4myl0piycjadqnwl","time":1608938865,"event":{"mods":["BaseMod","Colored Map","Downfall","Minty Spire (QoL Compilation)","StSLib"],"gold_per_floor":[99,111,121,133,233,233,256,256,356,368,241,251,251,276,293,393,393,393,406,416,426,438,438,438,463,563,582,582,596,596,606,625,720,720,720,731,731,750,766,792,863,678,707,727,741,365,32,32,50,50],"floor_reached":51,"playtime":4774,"items_purged":["champ:Execute","champ:Strike","champ:Strike"],"score":1721,"play_id":"7189853f-9f46-41ec-88c4-42909b8d27d6","local_time":"20201226002745","is_ascension_mode":true,"campfire_choices":[{"data":"champ:Taunt","floor":1.0,"key":"SMITH"},{"data":"champ:Duel","floor":6.0,"key":"SMITH"},{"data":"champ:MurderStrike","floor":8.0,"key":"SMITH"},{"floor":13.0,"key":"REST"},{"data":"champ:EnchantCrown","floor":18.0,"key":"SMITH"},{"data":"champ:Duel","floor":30.0,"key":"SMITH"},{"floor":35.0,"key":"RECALL"}],"circlet_count":0,"master_deck":["champ:Defend","champ:Defend","champ:Defend","champ:Taunt+1","champ:MurderStrike+1","champ:Duel+1","champ:DeathBlow","champ:Lariat","champ:RageSigil","champ:Devastate+1","champ:FocusedDefense","champ:DefensiveStyle","champ:Duel+1","champ:EnGarde","champ:EnGarde","champ:EnchantCrown+1","champ:EnGarde+1","champ:RisingSlash","champ:Circumvent+1","champ:EnGarde+1","champ:Circumvent+1","champ:EnchantCrown+1","champ:ShieldSigil+1","champ:SwordSigil+1","champ:Circumvent+1","champ:Duel+1","champ:RageSigil+1","champ:ShieldSigil+1","champ:ShieldThrow","champ:ViciousMockery+1"],"relics":["champ:ChampionCrown","CloakClasp","Omamori","Cursed Key","downfall:RedIOU","Bronze Scales","Bottled Tornado","champ:BlackKnightHelmet","Toxic Egg 2","SlaversCollar","Guardian:PocketSentry","Blue Candle","Orichalcum","ClockworkSouvenir","Question Card"],"acts_visited":["Exordium","TheCity","TheBeyond"],"potions_floor_usage":[],"damage_taken":[{"damage":5.0,"enemies":"Small Slimes","floor":2.0,"turns":3.0},{"damage":9.0,"enemies":"Jaw Worm","floor":3.0,"turns":2.0},{"damage":5.0,"enemies":"Cultist","floor":4.0,"turns":4.0},{"damage":75.0,"enemies":"Cultist","floor":5.0,"turns":11.0},{"damage":25.0,"enemies":"downfall:Heads","floor":9.0,"turns":5.0},{"damage":5.0,"enemies":"Large Slime","floor":10.0,"turns":3.0},{"damage":10.0,"enemies":"downfall:FleeingMerchant","floor":11.0,"turns":4.0},{"damage":11.0,"enemies":"2 Fungi Beasts","floor":12.0,"turns":3.0},{"damage":10.0,"enemies":"Gremlin Nob","floor":14.0,"turns":3.0},{"damage":10.0,"enemies":"3 Louse","floor":15.0,"turns":2.0},{"damage":24.0,"enemies":"downfall:Watcher","floor":16.0,"turns":7.0},{"damage":10.0,"enemies":"Chosen","floor":19.0,"turns":4.0},{"damage":10.0,"enemies":"Snecko","floor":20.0,"turns":3.0},{"damage":15.0,"enemies":"Centurion and Healer","floor":21.0,"turns":9.0},{"damage":16.0,"enemies":"3 Cultists","floor":22.0,"turns":5.0},{"damage":49.0,"enemies":"Slavers","floor":25.0,"turns":5.0},{"damage":9.0,"enemies":"Slavers","floor":26.0,"turns":5.0},{"damage":0.0,"enemies":"Snake Plant","floor":27.0,"turns":3.0},{"damage":11.0,"enemies":"Cultist and Chosen","floor":29.0,"turns":3.0},{"damage":15.0,"enemies":"Centurion and Healer","floor":31.0,"turns":6.0},{"damage":14.0,"enemies":"Snecko","floor":32.0,"turns":3.0},{"damage":10.0,"enemies":"downfall:Defect","floor":33.0,"turns":6.0},{"damage":24.0,"enemies":"3 Darklings","floor":36.0,"turns":5.0},{"damage":0.0,"enemies":"Orb Walker","floor":38.0,"turns":3.0},{"damage":10.0,"enemies":"Maw","floor":39.0,"turns":6.0},{"damage":40.0,"enemies":"Giant Head","floor":40.0,"turns":7.0},{"damage":10.0,"enemies":"downfall:FleeingMerchant","floor":42.0,"turns":4.0},{"damage":2.0,"enemies":"Nemesis","floor":43.0,"turns":7.0},{"damage":5.0,"enemies":"Writhing Mass","floor":44.0,"turns":3.0},{"damage":3.0,"enemies":"Jaw Worm Horde","floor":45.0,"turns":2.0},{"damage":10.0,"enemies":"downfall:FleeingMerchant","floor":46.0,"turns":2.0},{"damage":12.0,"enemies":"Sphere and 2 Shapes","floor":49.0,"turns":3.0},{"damage":10,"enemies":"downfall:Ironclad","floor":50,"turns":4}],"seed_played":"5838753385387319946","potions_obtained":[{"floor":2.0,"key":"Explosive Potion"},{"floor":4.0,"key":"Fire Potion"},{"floor":5.0,"key":"champ:OpenerPotion"},{"floor":12.0,"key":"SpeedPotion"},{"floor":16.0,"key":"BlessingOfTheForge"},{"floor":20.0,"key":"SkillPotion"},{"floor":25.0,"key":"GamblersBrew"},{"floor":27.0,"key":"Swift Potion"},{"floor":31.0,"key":"DuplicationPotion"},{"floor":32.0,"key":"Dexterity Potion"},{"floor":44.0,"key":"Energy Potion"},{"floor":45.0,"key":"Energy Potion"}],"is_trial":false,"path_per_floor":["R","M","M","M","?","R","T","R","?","M","$","M","R","E","M","B",null,"R","M","M","M","M","?","T","E","?","M","?","M","R","M","M","B",null,"R","M","?","M","M","E","T","?","E","M","M","$","?","?","M","B",null],"character_chosen":"THE_CHAMP","items_purchased":["champ:Duel","champ:SwordSigil+1","ClockworkSouvenir","champ:ShieldSigil+1","Question Card","champ:ShieldThrow"],"campfire_rested":1,"item_purchase_floors":[11,42,46,46,46,46],"current_hp_per_floor":[81,81,77,77,27,27,27,27,23,23,23,12,39,39,39,25,74,74,74,74,59,53,53,53,14,5,5,90,79,79,74,70,60,83,83,59,59,59,59,29,29,29,27,22,19,19,101,101,99,99],"gold":50,"neow_bonus":"ONE_RANDOM_RARE_CARD","is_daily":false,"chose_seed":false,"campfire_upgraded":5,"win_rate":0.0,"timestamp":1608938865,"path_taken":["R","M","M","M","?","R","T","R","?","M","$","M","R","E","M","BOSS","R","M","M","M","M","?","T","E","?","M","?","M","R","?","M","BOSS","R","M","?","M","M","E","T","?","E","M","M","$","?","?","M","BOSS"],"items_purchased_type":["Card","Card","Relic","Card","Relic","Card"],"build_version":"2020-12-22","purchased_purges":3,"victory":true,"max_hp_per_floor":[90,90,90,90,90,90,90,90,90,90,90,90,90,90,90,90,90,90,90,90,90,90,90,90,90,90,90,90,90,90,90,90,90,90,90,90,90,90,90,90,90,90,90,90,90,90,101,101,101,101],"card_choices":[{"not_picked":["champ:DefensiveShout","champ:PerfectedStrike"],"picked":"champ:Duel","floor":2.0},{"not_picked":["champ:BladeFlurry","champ:BringItOn"],"picked":"champ:DeathBlow","floor":3.0},{"not_picked":["champ:BringItOn","champ:FlashCut"],"picked":"champ:Lariat","floor":4.0},{"not_picked":["champ:AdrenalArmor","champ:GutPunch"],"picked":"champ:RageSigil","floor":5.0},{"not_picked":["champ:BringItOn","champ:GutPunch"],"picked":"champ:FocusedDefense","floor":9.0},{"not_picked":["champ:IronFortress","champ:FaceSlap"],"picked":"champ:DefensiveStyle","floor":10.0},{"not_picked":["champ:BringItOn","champ:BladeFlurry","champ:EndlessRage"],"picked":"SKIP","floor":11.0},{"not_picked":["champ:DefensiveShout","champ:FanOfKnives"],"picked":"champ:EnGarde","floor":12.0},{"not_picked":["champ:SwordThrow","champ:HeartStrike","champ:FightOn"],"picked":"SKIP","floor":14.0},{"not_picked":["champ:RageSigil","champ:FocusedGladiator"],"picked":"champ:EnGarde","floor":15.0},{"not_picked":["champ:SwordThrow","champ:StrikeOfGenius"],"picked":"champ:EnchantCrown","floor":16.0},{"not_picked":["champ:BladeFlurry+1","champ:GutPunch+1","champ:FlashCut"],"picked":"SKIP","floor":19.0},{"not_picked":["champ:BladeFlurry+1","champ:SwordSigil"],"picked":"champ:EnGarde+1","floor":20.0},{"not_picked":["champ:BerserkerStyle","champ:RecklessLeap","champ:ArenaPreparation"],"picked":"SKIP","floor":21.0},{"not_picked":["champ:BerserkersShout","champ:CalledShot"],"picked":"champ:RisingSlash","floor":22.0},{"not_picked":["champ:IronFortress+1","champ:FlashCut+1","champ:BringItOn"],"picked":"SKIP","floor":25.0},{"not_picked":["champ:Lariat+1","champ:DefensiveShout+1"],"picked":"champ:Circumvent+1","floor":27.0},{"not_picked":["champ:RapidStrikes","champ:BerserkersShout+1"],"picked":"champ:EnGarde+1","floor":29.0},{"not_picked":["champ:BringItOn+1","champ:GutPunch+1","champ:StanceDance+1"],"picked":"SKIP","floor":31.0},{"not_picked":["champ:PreciseThrust+1","champ:RecklessLeap+1"],"picked":"champ:Circumvent+1","floor":32.0},{"not_picked":["champ:StrikeOfGenius","champ:ShieldThrow"],"picked":"champ:EnchantCrown+1","floor":33.0},{"not_picked":["champ:RecklessLeap+1","champ:FightOn","champ:Haymaker"],"picked":"SKIP","floor":36.0},{"not_picked":["champ:Backstep+1","champ:FightOn","champ:GutPunch+1"],"picked":"SKIP","floor":38.0},{"not_picked":["champ:AdrenalArmor+1","champ:GutPunch+1"],"picked":"champ:ShieldSigil+1","floor":39.0},{"not_picked":["champ:PerfectedStrike+1","champ:Balance+1","champ:FanOfKnives"],"picked":"SKIP","floor":40.0},{"not_picked":["champ:DefensiveShout+1","champ:Balance+1","champ:GladiatorStyle"],"picked":"SKIP","floor":42.0},{"not_picked":["champ:FaceSlap+1","champ:GladiatorsShout+1"],"picked":"champ:Circumvent+1","floor":43.0},{"not_picked":["champ:PerfectedStrike","champ:Backstep+1"],"picked":"champ:Duel+1","floor":44.0},{"not_picked":["champ:ShieldSigil+1","champ:Control+1"],"picked":"champ:RageSigil+1","floor":45.0},{"not_picked":["champ:BladeFlurry+1","champ:SwordThrow","champ:BringItOn+1"],"picked":"SKIP","floor":46.0},{"not_picked":["champ:BladeFlurry","champ:ArenaPreparation+1","champ:Shatter+1"],"picked":"champ:ViciousMockery+1","floor":49.0}],"player_experience":1396762,"relics_obtained":[{"floor":5.0,"key":"CloakClasp"},{"floor":7.0,"key":"Omamori"},{"floor":14.0,"key":"champ:FightingForDummies"},{"floor":24.0,"key":"Bronze Scales"},{"floor":25.0,"key":"Bottled Tornado"},{"floor":26.0,"key":"champ:BlackKnightHelmet"},{"floor":26.0,"key":"Toxic Egg 2"},{"floor":40.0,"key":"Guardian:PocketSentry"},{"floor":41.0,"key":"Blue Candle"},{"floor":43.0,"key":"Orichalcum"}],"event_choices":[{"damage_healed":85.0,"max_hp_gain":0.0,"max_hp_loss":0.0,"gold_gain":0.0,"event_name":"Wheel of Change","player_choice":"Full Heal","floor":28.0,"gold_loss":0.0,"damage_taken":0.0},{"cards_removed":["champ:Defend"],"damage_healed":0.0,"max_hp_gain":0.0,"max_hp_loss":0.0,"gold_gain":0.0,"event_name":"Falling","player_choice":"Removed Skill","floor":37.0,"gold_loss":0.0,"damage_taken":0.0}],"is_beta":false,"boss_relics":[{"not_picked":["Tiny House","downfall:Hecktoplasm"],"picked":"Cursed Key"},{"not_picked":["SacredBark","champ:PowerArmor"],"picked":"SlaversCollar"}],"items_purged_floors":[11,42,46],"is_endless":false,"potions_floor_spawned":[2,4,5,12,16,20,21,25,27,31,32,40,44,45],"ascension_level":6}}