{"host":"tiwza2kisyyrpq7h","time":1608917893,"event":{"mods":["BaseMod","Better-Laid Plans","BetterRewards","Colored Powertips","Downfall","Minty Spire (QoL Compilation)","Quick Restart","Rare Cards Sparkle","Shop Mod","StSLib","SuperFastMode","The Servant 0.9.4","óô»ðÖ¸ÄÏ"],"gold_per_floor":[99,99,99,99,99,99,99,127,147,165,194,213,63,83,98,199,199,35,47,66,66,66,86,113,388,419,0,14,24,24,39,50,149,149,74,89,89,89,105,159,159,19,41,64,108,10,10,27,43,43,43,43,43,43],"floor_reached":52,"playtime":3189,"items_purged":["Regret","Slimebound:Schlurp"],"score":904,"play_id":"4a33930c-fe9f-4216-b5a6-2ba5f7c48e29","local_time":"20201226013813","is_ascension_mode":true,"campfire_choices":[{"floor":1,"key":"RECALL"},{"data":"Slimebound:Split","floor":13,"key":"SMITH"},{"data":"Slimebound:DuplicatedForm","floor":35,"key":"SMITH"},{"data":"Apotheosis","floor":47,"key":"SMITH"}],"circlet_count":0,"master_deck":["Slimebound:Tackle+1","Slimebound:Split+1","Slimebound:Gluttony","Slimebound:GrowthPunch+1","Slimebound:DisruptingSlam","Slimebound:SlimeSpikes","Slimebound:LeechLife","Slimebound:SlimeTap","Slimebound:SlimeSpikes","Slimebound:RejuvenatingLick","Slimebound:RallyTheTroops","Slimebound:MassRepurpose","Slimebound:RejuvenatingLick","Slimebound:HungryTackle","Slimebound:ItLooksTasty","Slimebound:Overexert","Slimebound:HungryTackle","Slimebound:Repurpose","Slimebound:SplitAcid+1","Slimebound:SpikyOuterGoop","RitualDagger","Slimebound:RainOfGoop","Slimebound:RejuvenatingLick+1","Slimebound:SelfFormingGoo","Slimebound:LeechLife","Slimebound:Nibble","Slimebound:Chomp+1","Slimebound:Replication","Slimebound:DuplicatedForm+1","Slimebound:RallyTheTroops","CurseOfTheBell","Slimebound:Prepare","Slimebound:LeechingTouch+1","Slimebound:Grow","Slimebound:Overexert","Apotheosis+1","Slimebound:RainOfGoop+1","Slimebound:HungryTackle+1","Slimebound:Gluttony+1","expansioncontent:TimeRipple+1","Slimebound:SpikyOuterGoop","Slimebound:ComboTackle+1","Slimebound:Grow+1"],"relics":["Slimebound:AbsorbEndCombat","downfall:HeartsMalice","CaptainsWheel","Ginger","downfall:HeartBlessingGreen","downfall:HeartBlessingBlue","MerchantsRug","Torii","Bag of Preparation","Molten Egg 2","downfall:HeartBlessingRed","Letter Opener","Meat on the Bone","Oddly Smooth Stone","Mummified Hand"],"acts_visited":["Exordium","TheCity","TheBeyond","TheEnding"],"potions_floor_usage":[11,16,26,26,27,33,33,39,42,43,46,46,50],"damage_taken":[{"damage":0,"enemies":"Small Slimes","floor":2,"turns":1},{"damage":0,"enemies":"Jaw Worm","floor":4,"turns":1},{"damage":0,"enemies":"Lagavulin","floor":8,"turns":1},{"damage":12,"enemies":"2 Louse","floor":9,"turns":3},{"damage":14,"enemies":"Red Slaver","floor":10,"turns":3},{"damage":32,"enemies":"3 Sentries","floor":11,"turns":5},{"damage":24,"enemies":"3 Louse","floor":12,"turns":5},{"damage":10,"enemies":"Gremlin Gang","floor":14,"turns":4},{"damage":15,"enemies":"2 Fungi Beasts","floor":15,"turns":5},{"damage":63,"enemies":"downfall:Defect","floor":16,"turns":8},{"damage":13,"enemies":"Spheric Guardian","floor":19,"turns":4},{"damage":27,"enemies":"3 Cultists","floor":20,"turns":4},{"damage":69,"enemies":"Snecko","floor":23,"turns":7},{"damage":34,"enemies":"Book of Stabbing","floor":26,"turns":4},{"damage":16,"enemies":"downfall:FleeingMerchant","floor":27,"turns":4},{"damage":29,"enemies":"Sentry and Sphere","floor":28,"turns":5},{"damage":21,"enemies":"Cultist and Chosen","floor":29,"turns":4},{"damage":63,"enemies":"Centurion and Healer","floor":31,"turns":8},{"damage":15,"enemies":"Chosen and Byrds","floor":32,"turns":4},{"damage":58,"enemies":"downfall:Ironclad","floor":33,"turns":7},{"damage":20,"enemies":"Orb Walker","floor":36,"turns":3},{"damage":36,"enemies":"3 Darklings","floor":39,"turns":3},{"damage":18,"enemies":"downfall:FleeingMerchant","floor":42,"turns":4},{"damage":28,"enemies":"Transient","floor":43,"turns":5},{"damage":39,"enemies":"Sphere and 2 Shapes","floor":44,"turns":3},{"damage":118,"enemies":"Giant Head","floor":45,"turns":9},{"damage":18,"enemies":"downfall:FleeingMerchant","floor":46,"turns":3},{"damage":71,"enemies":"Jaw Worm Horde","floor":48,"turns":6},{"damage":43,"enemies":"Maw","floor":49,"turns":6},{"damage":36,"enemies":"downfall:Watcher","floor":50,"turns":6},{"damage":170,"enemies":"downfall:CharBossMerchant","floor":52,"turns":7}],"seed_played":"3447080398699491356","potions_obtained":[{"floor":10,"key":"DuplicationPotion"},{"floor":12,"key":"hexamod:EctoCoolerPotion"},{"floor":14,"key":"Weak Potion"},{"floor":19,"key":"Dexterity Potion"},{"floor":28,"key":"FearPotion"},{"floor":29,"key":"SmokeBomb"},{"floor":30,"key":"DuplicationPotion"},{"floor":30,"key":"Block Potion"},{"floor":30,"key":"LiquidBronze"},{"floor":33,"key":"Energy Potion"},{"floor":36,"key":"Ancient Potion"},{"floor":45,"key":"DistilledChaos"},{"floor":49,"key":"Weak Potion"}],"is_trial":false,"path_per_floor":["R","M","?","M","T","?","T","E","M","M","E","M","R","M","M","B",null,"R","M","M","?","?","M","T","?","E","$","M","M","?","M","M","B",null,"R","M","T","?","M","T","T","$","M","M","E","$","R","M","M","B",null,"E"],"character_chosen":"SLIMEBOUND","items_purchased":["MerchantsRug","Slimebound:HungryTackle","Slimebound:Repurpose","DollysMirror","Fruit Juice","Slimebound:Nibble","Apotheosis","Mummified Hand","expansioncontent:TimeRipple+1","Fruit Juice","Slimebound:SpikyOuterGoop"],"campfire_rested":0,"item_purchase_floors":[18,18,18,27,27,27,42,46,46,46,46],"current_hp_per_floor":[60,60,60,60,60,60,60,60,58,54,38,38,48,54,70,39,70,70,70,70,64,64,35,35,35,43,50,64,65,65,68,75,65,75,75,68,68,68,75,75,75,75,75,53,40,51,51,28,64,80,80,0,0,0],"gold":43,"neow_bonus":"THREE_ENEMY_KILL","is_daily":false,"chose_seed":false,"campfire_upgraded":3,"win_rate":0.0,"timestamp":1608917893,"path_taken":["R","M","?","M","?","?","T","E","M","M","E","M","R","M","M","BOSS","R","M","M","?","?","M","T","?","E","$","M","?","?","M","M","BOSS","R","M","?","?","?","?","T","$","?","M","E","$","R","M","M","BOSS","E"],"items_purchased_type":["Relic","Card","Card","Relic","Potion","Card","Card","Relic","Card","Potion","Card"],"build_version":"2020-12-22","purchased_purges":2,"victory":false,"max_hp_per_floor":[60,60,60,60,60,60,60,60,60,60,60,60,70,70,70,70,70,70,70,70,70,70,70,70,70,70,75,75,75,75,75,75,75,75,75,75,75,75,75,75,75,75,75,75,75,80,80,80,80,80,80,80,80,80],"card_choices":[{"not_picked":["Slimebound:ViciousTackle","Slimebound:SamplingLick"],"picked":"Slimebound:Gluttony","floor":2},{"not_picked":["Slimebound:SamplingLick","Slimebound:LeechEnergy"],"picked":"Slimebound:GrowthPunch","floor":4},{"not_picked":["Slimebound:LeechingTouch","Slimebound:FinishingTackle"],"picked":"Slimebound:Schlurp","floor":8},{"not_picked":["Slimebound:SlimeSpikes","Slimebound:ComboTackle"],"picked":"Slimebound:DisruptingSlam","floor":9},{"not_picked":["Slimebound:GoopSpray","Slimebound:DisruptingSlam"],"picked":"Slimebound:SlimeSpikes","floor":10},{"not_picked":["Slimebound:ItLooksTasty","Slimebound:SpikyOuterGoop"],"picked":"Slimebound:LeechLife","floor":11},{"not_picked":["Slimebound:PressTheAttack","Slimebound:ComboTackle"],"picked":"Slimebound:SlimeTap","floor":12},{"not_picked":["Slimebound:SlimeBarrage","Slimebound:Schlurp"],"picked":"Slimebound:SlimeSpikes","floor":14},{"not_picked":["Slimebound:SplitLeeching","Slimebound:PressTheAttack"],"picked":"Slimebound:RejuvenatingLick","floor":15},{"not_picked":["Slimebound:OneTwoCombo","Slimebound:WasteNot"],"picked":"Slimebound:RallyTheTroops","floor":16},{"not_picked":["Slimebound:SlimeBrawl","Slimebound:SplitLeeching"],"picked":"Slimebound:SplitAcid+1","floor":19},{"not_picked":["Slimebound:GoopSpray","Slimebound:Repurpose"],"picked":"Slimebound:SpikyOuterGoop","floor":20},{"not_picked":["Slimebound:Schlurp","Slimebound:FinishingTackle"],"picked":"Slimebound:RainOfGoop","floor":23},{"not_picked":["Slimebound:RollThrough+1","Slimebound:SamplingLick+1"],"picked":"Slimebound:RejuvenatingLick+1","floor":26},{"not_picked":["Slimebound:Equalize","Slimebound:SamplingLick"],"picked":"Slimebound:SelfFormingGoo","floor":27},{"not_picked":["Slimebound:RejuvenatingLick+1","Slimebound:SplitBruiser"],"picked":"Slimebound:Chomp+1","floor":28},{"not_picked":["Slimebound:SplitLeeching","Slimebound:GoopSpray","Slimebound:PressTheAttack"],"picked":"SKIP","floor":29},{"not_picked":["Slimebound:PressTheAttack","Slimebound:DisruptingSlam+1"],"picked":"Slimebound:Replication","floor":31},{"not_picked":["Slimebound:LeechingTouch","Slimebound:SlimeSpikes"],"picked":"Slimebound:DuplicatedForm","floor":32},{"not_picked":["Slimebound:OneTwoCombo","Slimebound:MassRepurpose"],"picked":"Slimebound:RallyTheTroops","floor":33},{"not_picked":["Slimebound:SplitLeeching","Slimebound:ViciousTackle+1"],"picked":"Slimebound:Prepare","floor":36},{"not_picked":["Slimebound:Repurpose+1","Slimebound:SamplingLick"],"picked":"Slimebound:Grow","floor":39},{"not_picked":["Slimebound:RollThrough+1","Slimebound:Grow+1"],"picked":"Slimebound:Overexert","floor":42},{"not_picked":["Slimebound:RollThrough+1","Slimebound:ViciousTackle+1"],"picked":"Slimebound:RainOfGoop+1","floor":43},{"not_picked":["Slimebound:GoopTackle+1","Slimebound:ViciousTackle+1"],"picked":"Slimebound:HungryTackle+1","floor":44},{"not_picked":["Slimebound:GrowthPunch+1","Slimebound:SplitLeeching"],"picked":"Slimebound:Gluttony+1","floor":45},{"not_picked":["Slimebound:MassFeed+1","Slimebound:GoopSpray+1","Slimebound:SlimeSpikes"],"picked":"SKIP","floor":46},{"not_picked":["Slimebound:Prepare+1","Slimebound:SplitBruiser"],"picked":"Slimebound:ComboTackle+1","floor":48},{"not_picked":["Slimebound:FlameTackle+1","Slimebound:SplitAcid+1"],"picked":"Slimebound:Grow+1","floor":49}],"player_experience":930775,"relics_obtained":[{"floor":7,"key":"CaptainsWheel"},{"floor":8,"key":"Ginger"},{"floor":11,"key":"Whetstone"},{"floor":24,"key":"Akabeko"},{"floor":26,"key":"Torii"},{"floor":34,"key":"Bag of Preparation"},{"floor":34,"key":"Molten Egg 2"},{"floor":34,"key":"Lizard Tail"},{"floor":37,"key":"Letter Opener"},{"floor":40,"key":"CeramicFish"},{"floor":41,"key":"Meat on the Bone"},{"floor":45,"key":"Oddly Smooth Stone"}],"event_choices":[{"cards_removed":["Slimebound:Defend_Slimebound"],"damage_healed":0,"gold_gain":0,"player_choice":"Purged","damage_taken":0,"max_hp_gain":0,"max_hp_loss":0,"event_name":"Purifier","floor":6,"gold_loss":0},{"damage_healed":0,"gold_gain":0,"player_choice":"Ignored","damage_taken":0,"max_hp_gain":0,"max_hp_loss":0,"event_name":"Ghosts","floor":22,"gold_loss":0},{"damage_healed":0,"gold_gain":0,"player_choice":"Got Potions","damage_taken":0,"max_hp_gain":0,"max_hp_loss":0,"event_name":"Lab","floor":30,"gold_loss":0},{"damage_healed":0,"gold_gain":0,"cards_transformed":["Slimebound:CorrosiveSpit"],"player_choice":"Transformed","damage_taken":0,"max_hp_gain":0,"max_hp_loss":0,"event_name":"Transmorgrifier","floor":38,"gold_loss":0,"cards_obtained":["Slimebound:LeechingTouch"]}],"is_beta":false,"boss_relics":[{"not_picked":["Empty Cage","Coffee Dripper"],"picked":"Pandora\u0027s Box"},{"not_picked":["Black Star","Slimebound:AbsorbEndCombatUpgraded"],"picked":"Calling Bell"}],"items_purged_floors":[27,46],"is_endless":false,"potions_floor_spawned":[10,12,14,19,28,29,31,32,33,36,45,49],"killed_by":"downfall:CharBossMerchant","ascension_level":4}}