{"host":"hfxp6ue4pvwo3fit","time":1608888692,"event":{"mods":["AchievementEnabler","BaseMod","Colored Map","Colored Powertips","Highlight Path","Minty Spire (QoL Compilation)","StSLib","SuperFastMode"],"gold_per_floor":[109,109,3,3,19,49,49,75,75,106,106,139,139,156,156,229,229,249,164,25,25,43,43,43,73,97,97,97,116,41,71,71,143,143,158,158,158,21,35,35,68,80,92,119,143,155,167,259,271,283],"floor_reached":51,"playtime":1642,"items_purged":["Strike_B","Strike_B"],"score":1532,"play_id":"cc0cb34f-e72d-48e4-a5a3-453e8b063337","local_time":"20201225033132","is_ascension_mode":true,"campfire_choices":[{"data":"Dualcast","floor":7,"key":"SMITH"},{"data":"Electrodynamics","floor":11,"key":"SMITH"},{"data":"Ball Lightning","floor":13,"key":"SMITH"},{"data":"Cold Snap","floor":15,"key":"SMITH"},{"floor":23,"key":"REST"},{"floor":27,"key":"REST"},{"data":"Compile Driver","floor":32,"key":"SMITH"},{"floor":40,"key":"REST"},{"floor":42,"key":"REST"},{"floor":47,"key":"REST"},{"floor":49,"key":"REST"}],"circlet_count":0,"master_deck":["AscendersBane","Strike_B","Strike_B","Defend_B","Defend_B","Defend_B","Defend_B","Zap+1","Dualcast+1","Ball Lightning+1","Beam Cell+1","Compile Driver+1","Cold Snap+1","Hologram+1","Electrodynamics+1","Genetic Algorithm+1","Chill+1","Core Surge","Cold Snap+1","Defragment+1","Leap+1","Necronomicurse","Coolheaded+1","Coolheaded+1","Creative AI+1","Darkness+1","Glacier+1","Reinforced Body+1"],"relics":["Cracked Core","NeowsBlessing","Toxic Egg 2","Cables","Tiny Chest","Du-Vu Doll","Akabeko","Velvet Choker","Kunai","Necronomicon","Frozen Egg 2","PreservedInsect","Ornamental Fan","CaptainsWheel","Fusion Hammer","MawBank","Letter Opener","HornCleat"],"acts_visited":["Exordium","TheCity","TheBeyond"],"potions_floor_usage":[8,10,12,25,33,33,50,50],"damage_taken":[{"damage":0,"enemies":"Jaw Worm","floor":1,"turns":1},{"damage":0,"enemies":"Cultist","floor":5,"turns":1},{"damage":0,"enemies":"3 Sentries","floor":6,"turns":1},{"damage":13,"enemies":"Lagavulin","floor":8,"turns":5},{"damage":8,"enemies":"Gremlin Nob","floor":10,"turns":3},{"damage":11,"enemies":"Lagavulin","floor":12,"turns":5},{"damage":0,"enemies":"Small Slimes","floor":14,"turns":2},{"damage":30,"enemies":"The Guardian","floor":16,"turns":9},{"damage":12,"enemies":"2 Thieves","floor":18,"turns":4},{"damage":0,"enemies":"Spheric Guardian","floor":22,"turns":3},{"damage":4,"enemies":"Slavers","floor":25,"turns":3},{"damage":0,"enemies":"Cultist and Chosen","floor":29,"turns":4},{"damage":0,"enemies":"Gremlin Leader","floor":31,"turns":4},{"damage":19,"enemies":"Collector","floor":33,"turns":8},{"damage":0,"enemies":"3 Shapes","floor":35,"turns":3},{"damage":0,"enemies":"Orb Walker","floor":39,"turns":2},{"damage":60,"enemies":"Giant Head","floor":41,"turns":7},{"damage":0,"enemies":"Sphere and 2 Shapes","floor":44,"turns":5},{"damage":2,"enemies":"3 Darklings","floor":45,"turns":3},{"damage":31,"enemies":"Awakened One","floor":50,"turns":20}],"seed_played":"8476329093539920642","potions_obtained":[{"floor":5,"key":"Swift Potion"},{"floor":6,"key":"LiquidMemories"},{"floor":8,"key":"DistilledChaos"},{"floor":10,"key":"Weak Potion"},{"floor":25,"key":"Fire Potion"},{"floor":29,"key":"DistilledChaos"},{"floor":35,"key":"Fire Potion"},{"floor":45,"key":"Strength Potion"}],"is_trial":false,"path_per_floor":["M","?","$","?","M","E","R","E","T","E","R","E","R","M","R","B",null,"M","?","$","?","M","R","?","E","T","R","T","M","$","E","R","B",null,"M","?","?","$","M","R","E","R","T","M","M","?","R","T","R","B",null],"character_chosen":"DEFECT","items_purchased":["Beam Cell","Explosive Potion","Defragment","Leap+1","Darkness+1"],"campfire_rested":6,"item_purchase_floors":[3,3,20,20,38],"current_hp_per_floor":[64,64,64,64,64,64,64,51,51,43,43,32,32,32,32,2,54,42,42,42,21,21,42,42,38,38,59,59,59,59,59,59,40,63,63,63,63,63,63,67,7,27,27,27,25,25,45,45,65,34],"gold":295,"neow_bonus":"THREE_ENEMY_KILL","is_daily":false,"chose_seed":false,"campfire_upgraded":5,"win_rate":0.0,"timestamp":1608888692,"path_taken":["M","?","?","?","M","E","R","E","T","E","R","E","R","M","R","BOSS","M","?","$","?","M","R","?","E","T","R","?","M","$","E","R","BOSS","M","?","?","$","M","R","E","R","T","M","M","?","R","?","R","BOSS"],"items_purchased_type":["Card","Potion","Card","Card","Card"],"build_version":"2020-12-22","purchased_purges":2,"victory":true,"max_hp_per_floor":[71,71,71,71,71,71,71,71,71,71,71,71,71,71,71,71,71,71,71,71,71,71,71,71,71,71,71,71,71,71,71,71,71,71,71,71,67,67,67,67,67,67,67,67,67,67,67,67,67,67],"card_choices":[{"not_picked":["Static Discharge","Go for the Eyes"],"picked":"Ball Lightning","floor":1},{"not_picked":["Hello World","Auto Shields"],"picked":"Compile Driver","floor":5},{"not_picked":["Sweeping Beam","Ball Lightning"],"picked":"Cold Snap","floor":6},{"not_picked":["Leap+1","Beam Cell"],"picked":"Hologram+1","floor":8},{"not_picked":["Go for the Eyes","Beam Cell"],"picked":"Electrodynamics","floor":10},{"not_picked":["Compile Driver","Core Surge"],"picked":"Genetic Algorithm+1","floor":12},{"not_picked":["Darkness+1","Hologram+1"],"picked":"Chill+1","floor":14},{"not_picked":["Hyperbeam","Meteor Strike"],"picked":"Core Surge","floor":16},{"not_picked":["Reprogram+1","Compile Driver"],"picked":"Cold Snap+1","floor":18},{"not_picked":["Ball Lightning","Hologram+1"],"picked":"Coolheaded+1","floor":22},{"not_picked":["Cold Snap","Gash","Go for the Eyes"],"picked":"SKIP","floor":25},{"not_picked":["Stack+1","Sunder"],"picked":"Coolheaded+1","floor":29},{"not_picked":["Cold Snap","Redo+1","Melter+1"],"picked":"SKIP","floor":31},{"not_picked":["Thunder Strike","Buffer+1"],"picked":"Creative AI+1","floor":33},{"not_picked":["Reprogram+1","Coolheaded+1","Sunder+1"],"picked":"SKIP","floor":35},{"not_picked":["Streamline","Beam Cell"],"picked":"Glacier+1","floor":39},{"not_picked":["Beam Cell+1","Rebound+1","Static Discharge+1"],"picked":"SKIP","floor":41},{"not_picked":["Steam+1","Ball Lightning","Double Energy+1"],"picked":"SKIP","floor":44},{"not_picked":["Beam Cell+1","Go for the Eyes"],"picked":"Reinforced Body+1","floor":45}],"player_experience":430694,"relics_obtained":[{"floor":6,"key":"Toxic Egg 2"},{"floor":8,"key":"Cables"},{"floor":9,"key":"Tiny Chest"},{"floor":10,"key":"Du-Vu Doll"},{"floor":12,"key":"Akabeko"},{"floor":21,"key":"Necronomicon"},{"floor":25,"key":"Frozen Egg 2"},{"floor":26,"key":"PreservedInsect"},{"floor":28,"key":"Ornamental Fan"},{"floor":31,"key":"CaptainsWheel"},{"floor":41,"key":"MawBank"},{"floor":43,"key":"Letter Opener"},{"floor":48,"key":"HornCleat"}],"event_choices":[{"damage_healed":0,"gold_gain":0,"player_choice":"Forge","damage_taken":0,"max_hp_gain":0,"max_hp_loss":0,"event_name":"Accursed Blacksmith","floor":2,"gold_loss":0,"cards_upgraded":["Zap"]},{"damage_healed":0,"gold_gain":0,"player_choice":"Grow","damage_taken":0,"max_hp_gain":0,"max_hp_loss":0,"event_name":"Living Wall","floor":4,"gold_loss":0,"cards_upgraded":["Beam Cell"]},{"damage_healed":0,"gold_gain":0,"player_choice":"Obtained Relic","damage_taken":0,"relics_obtained":["Kunai"],"max_hp_gain":0,"max_hp_loss":0,"event_name":"Addict","floor":19,"gold_loss":85},{"damage_healed":0,"gold_gain":0,"player_choice":"Obtained Book","damage_taken":21,"max_hp_gain":0,"max_hp_loss":0,"event_name":"Cursed Tome","floor":21,"gold_loss":0},{"damage_healed":0,"gold_gain":0,"player_choice":"Upgraded","damage_taken":0,"max_hp_gain":0,"max_hp_loss":0,"event_name":"Upgrade Shrine","floor":24,"gold_loss":0,"cards_upgraded":["Defragment"]},{"damage_healed":0,"gold_gain":0,"player_choice":"Ignored","damage_taken":0,"max_hp_gain":0,"max_hp_loss":0,"event_name":"Tomb of Lord Red Mask","floor":36,"gold_loss":0},{"damage_healed":0,"gold_gain":0,"player_choice":"Max HP","damage_taken":0,"max_hp_gain":0,"max_hp_loss":4,"event_name":"Winding Halls","floor":37,"gold_loss":0},{"damage_healed":0,"gold_gain":0,"player_choice":"0 cards matched","damage_taken":0,"max_hp_gain":0,"max_hp_loss":0,"event_name":"Match and Keep!","floor":46,"gold_loss":0,"cards_obtained":[]}],"is_beta":false,"boss_relics":[{"not_picked":["SacredBark","FrozenCore"],"picked":"Velvet Choker"},{"not_picked":["Philosopher\u0027s Stone","Busted Crown"],"picked":"Fusion Hammer"}],"items_purged_floors":[30,38],"is_endless":false,"potions_floor_spawned":[5,6,8,10,25,29,35,45],"ascension_level":19}}