{"host":"q9718omregw4er46","time":1608899744,"event":{"mods":["BaseMod","Colored Powertips","Minty Spire (QoL Compilation)","Quick Restart","Relic Stats"],"gold_per_floor":[10,24,24,36,53,83,101,101,101,121,121,149,74,107,107,183,183,195,213,213,49,49,49,65,94,165,196,215,215,255,274,274,274,274],"floor_reached":33,"playtime":1483,"items_purged":[],"score":663,"play_id":"b06c9f99-d7ef-4b90-9a96-9157557ac8f0","local_time":"20201225173544","is_ascension_mode":true,"campfire_choices":[{"data":"Clothesline","floor":8.0,"key":"SMITH"},{"data":"Spot Weakness","floor":11.0,"key":"SMITH"},{"data":"Cleave","floor":15.0,"key":"SMITH"},{"floor":23.0,"key":"REST"},{"floor":32,"key":"REST"}],"circlet_count":0,"master_deck":["AscendersBane","Defend_R","Defend_R","Defend_R","Defend_R","Bash+1","Reaper","Cleave+1","Iron Wave","Wild Strike+1","Clothesline+1","Spot Weakness+1","Battle Trance","Offering","Sword Boomerang+1","Corruption+1","Feed","Warcry+1","Dark Embrace+1","Bite","Bite","Bite","Bite","Bite","Battle Trance","True Grit"],"relics":["Burning Blood","Frozen Egg 2","Question Card","StrikeDummy","Kunai","Fusion Hammer","Whetstone","HornCleat","Strawberry","CeramicFish"],"acts_visited":["Exordium","TheCity"],"potions_floor_usage":[30,31],"damage_taken":[{"damage":11.0,"enemies":"Jaw Worm","floor":1.0,"turns":5.0},{"damage":11.0,"enemies":"Small Slimes","floor":2.0,"turns":5.0},{"damage":0.0,"enemies":"2 Louse","floor":4.0,"turns":3.0},{"damage":17.0,"enemies":"2 Fungi Beasts","floor":5.0,"turns":3.0},{"damage":24.0,"enemies":"3 Sentries","floor":6.0,"turns":7.0},{"damage":7.0,"enemies":"Blue Slaver","floor":7.0,"turns":5.0},{"damage":29.0,"enemies":"Exordium Wildlife","floor":10.0,"turns":5.0},{"damage":24.0,"enemies":"Gremlin Nob","floor":12.0,"turns":4.0},{"damage":38.0,"enemies":"3 Sentries","floor":14.0,"turns":6.0},{"damage":40.0,"enemies":"The Guardian","floor":16.0,"turns":11.0},{"damage":16.0,"enemies":"Spheric Guardian","floor":18.0,"turns":4.0},{"damage":25.0,"enemies":"3 Byrds","floor":19.0,"turns":6.0},{"damage":26.0,"enemies":"Centurion and Healer","floor":24.0,"turns":7.0},{"damage":13.0,"enemies":"Gremlin Leader","floor":25.0,"turns":5.0},{"damage":16.0,"enemies":"Book of Stabbing","floor":27.0,"turns":3.0},{"damage":24.0,"enemies":"Sentry and Sphere","floor":28.0,"turns":4.0},{"damage":20,"enemies":"Slavers","floor":30,"turns":3},{"damage":22,"enemies":"Snake Plant","floor":31,"turns":5},{"damage":65,"enemies":"Collector","floor":33,"turns":5}],"seed_played":"-1095101996174200439","potions_obtained":[{"floor":1.0,"key":"BlessingOfTheForge"},{"floor":6.0,"key":"PowerPotion"},{"floor":7.0,"key":"Explosive Potion"},{"floor":10.0,"key":"CultistPotion"},{"floor":14.0,"key":"Explosive Potion"},{"floor":24.0,"key":"Explosive Potion"},{"floor":25.0,"key":"AttackPotion"},{"floor":30,"key":"Strength Potion"},{"floor":31,"key":"Block Potion"}],"is_trial":false,"path_per_floor":["M","M","?","M","M","E","M","R","T","M","R","E","?","E","R","B",null,"M","M","?","$","?","R","M","E","T","E","M","?","E","M","R","B"],"character_chosen":"IRONCLAD","items_purchased":["Corruption+1"],"campfire_rested":2,"item_purchase_floors":[21],"current_hp_per_floor":[67,70,70,75,74,64,63,63,63,59,59,45,45,29,29,19,61,63,52,31,31,31,55,41,44,44,44,29,29,27,24,45,0,0],"gold":274,"neow_bonus":"THREE_RARE_CARDS","is_daily":false,"chose_seed":false,"campfire_upgraded":3,"win_rate":0.0,"timestamp":1608899744,"path_taken":["M","M","?","M","M","E","M","R","T","M","R","E","?","E","R","BOSS","M","M","?","$","?","R","M","E","T","E","M","?","E","?","R","BOSS"],"items_purchased_type":["Card"],"build_version":"2020-12-22","purchased_purges":0,"victory":false,"max_hp_per_floor":[75,75,75,75,75,75,75,75,75,75,75,75,75,75,75,75,75,75,75,80,80,80,80,80,80,80,90,93,65,68,71,71,71,71],"relic_stats":{"counters":[19,96],"CeramicFish":18,"Kunai":[21],"Whetstone":["Wild Strike","Sword Boomerang"],"Question Card":12,"obtain_stats":[{"HornCleat":26,"Strawberry":27,"CeramicFish":30,"Fusion Hammer":17,"Kunai":14,"Whetstone":25,"Frozen Egg 2":6,"Question Card":9,"StrikeDummy":12,"Burning Blood":0},{"HornCleat":14,"Strawberry":15,"CeramicFish":17,"Fusion Hammer":10,"Kunai":9,"Whetstone":14,"Frozen Egg 2":5,"Question Card":6,"StrikeDummy":8,"Burning Blood":0},{"HornCleat":76,"Strawberry":79,"CeramicFish":86,"Fusion Hammer":54,"Kunai":43,"Whetstone":76,"Frozen Egg 2":23,"Question Card":28,"StrikeDummy":37,"Burning Blood":0}],"Burning Blood":102},"card_choices":[{"not_picked":["Exhume","Limit Break"],"picked":"Reaper","floor":0.0},{"not_picked":["Havoc","Pommel Strike"],"picked":"Cleave","floor":1.0},{"not_picked":["Evolve","True Grit"],"picked":"Iron Wave","floor":2.0},{"not_picked":["Sentinel","Clash"],"picked":"Wild Strike","floor":4.0},{"not_picked":["Cleave","Flame Barrier"],"picked":"Clothesline","floor":5.0},{"not_picked":["Rampage","Exhume"],"picked":"Spot Weakness","floor":6.0},{"not_picked":["Anger","Blood for Blood","Sever Soul"],"picked":"SKIP","floor":7.0},{"not_picked":["Flex","Pommel Strike","Wild Strike","True Grit"],"picked":"SKIP","floor":10.0},{"not_picked":["Heavy Blade","Clothesline","Reckless Charge"],"picked":"Battle Trance","floor":12.0},{"not_picked":["Intimidate","Body Slam","Clash","Power Through"],"picked":"SKIP","floor":14.0},{"not_picked":["Limit Break","Impervious","Feed"],"picked":"Offering","floor":16.0},{"not_picked":["Iron Wave","Intimidate","Clothesline","Power Through"],"picked":"SKIP","floor":18.0},{"not_picked":["Perfected Strike","Body Slam","Cleave"],"picked":"Sword Boomerang","floor":19.0},{"not_picked":["Brutality+1","Flex","Warcry","Perfected Strike+1"],"picked":"SKIP","floor":24.0},{"not_picked":["Shrug It Off","Reckless Charge","Second Wind"],"picked":"Feed","floor":25.0},{"not_picked":["Evolve+1","Body Slam","Carnage"],"picked":"Warcry+1","floor":27.0},{"not_picked":["Combust+1","Searing Blow","Twin Strike+1"],"picked":"Dark Embrace+1","floor":28.0},{"not_picked":["Perfected Strike","Havoc","Iron Wave"],"picked":"Battle Trance","floor":30},{"not_picked":["Warcry","Whirlwind","Pommel Strike"],"picked":"True Grit","floor":31}],"player_experience":1110821,"relics_obtained":[{"floor":6.0,"key":"Frozen Egg 2"},{"floor":9.0,"key":"Question Card"},{"floor":12.0,"key":"StrikeDummy"},{"floor":14.0,"key":"Kunai"},{"floor":25.0,"key":"Whetstone"},{"floor":26.0,"key":"HornCleat"},{"floor":27.0,"key":"Strawberry"},{"floor":30,"key":"CeramicFish"}],"event_choices":[{"damage_healed":0.0,"max_hp_gain":0.0,"max_hp_loss":0.0,"gold_gain":0.0,"event_name":"Living Wall","player_choice":"Grow","floor":3.0,"gold_loss":0.0,"damage_taken":0.0,"cards_upgraded":["Bash"]},{"cards_removed":["Strike_R"],"damage_healed":0.0,"max_hp_gain":0.0,"max_hp_loss":0.0,"gold_gain":0.0,"event_name":"The Cleric","player_choice":"Card Removal","floor":13.0,"gold_loss":75.0,"damage_taken":0.0},{"damage_healed":0.0,"max_hp_gain":5.0,"max_hp_loss":0.0,"gold_gain":0.0,"event_name":"Forgotten Altar","player_choice":"Shed Blood","floor":20.0,"gold_loss":0.0,"damage_taken":26.0},{"damage_healed":0.0,"max_hp_gain":0.0,"max_hp_loss":28.0,"gold_gain":0.0,"event_name":"Vampires","player_choice":"Became a vampire","floor":29.0,"gold_loss":0.0,"damage_taken":0.0,"cards_obtained":["Bite","Bite","Bite","Bite","Bite"]}],"is_beta":false,"boss_relics":[{"not_picked":["Calling Bell","Empty Cage"],"picked":"Fusion Hammer"}],"items_purged_floors":[],"is_endless":false,"potions_floor_spawned":[1,6,7,10,14,24,25,27,30,31],"killed_by":"Collector","ascension_level":19}}