{"host":"cjhtzh7tp54jdfyv","time":1608940451,"event":{"mods":["AchievementEnabler","BaseMod","Colored Map","Colored Powertips","Curses Come First","DeckTracker","Filter the Spire","Minty Spire (QoL Compilation)","RNG Fix","Relic Sorter","Relic Stats","StSLib","The Cursed","The Marked","UnlockEverythingMod","Waifu the Spire","ojb\u0027s Better Paths Mod","ojb\u0027s Info Mod"],"gold_per_floor":[117,134,59,59,75,107,122,172,172,189,189,189,189,154,154,247,247,270,284,284,30,42,70,70,83,83,83,533,548,560,587,587,587,587],"floor_reached":33,"playtime":1959,"items_purged":["theMarked:Strike"],"score":574,"play_id":"3a7aa526-f487-4027-9db3-975645ddc5aa","local_time":"20201225185411","is_ascension_mode":true,"campfire_choices":[{"data":"theMarked:Challenge","floor":12,"key":"SMITH"},{"data":"theMarked:SoldierOfQuellstein","floor":15,"key":"SMITH"},{"data":"theMarked:Defy","floor":24,"key":"SMITH"},{"data":"theMarked:MagicAdept","floor":27,"key":"SMITH"},{"data":"theMarked:ResourceFulStrike","floor":32,"key":"SMITH"}],"circlet_count":0,"master_deck":["AscendersBane","theMarked:Defend","theMarked:Defend","theMarked:Defend","theMarked:Defend","theMarked:SoldierOfQuellstein+1","theMarked:Challenge+1","theMarked:TunnelVision","theMarked:Improvise+1","theMarked:ResourceFulStrike+1","theMarked:Defy+1","theMarked:SuspiciousRaven+1","theMarked:WastefulDefense+1","theMarked:Snap+1","theMarked:MagicAdept+1","theMarked:Static+1","theMarked:Aftermath+1","theMarked:HeightenedSenses+1","theMarked:Generate+1"],"relics":["Coffee Dripper","Toxic Egg 2","Bloody Idol","Astrolabe","OrangePellets","Mummified Hand","Pear","Eternal Feather"],"acts_visited":["Exordium","TheCity"],"potions_floor_usage":[6,7,33],"damage_taken":[{"damage":8,"enemies":"Small Slimes","floor":1,"turns":3},{"damage":4,"enemies":"2 Louse","floor":2,"turns":2},{"damage":0,"enemies":"Jaw Worm","floor":5,"turns":4},{"damage":38,"enemies":"Gremlin Nob","floor":6,"turns":5},{"damage":0,"enemies":"Exordium Wildlife","floor":7,"turns":3},{"damage":0,"enemies":"Looter","floor":10,"turns":3},{"damage":12,"enemies":"Slime Boss","floor":16,"turns":8},{"damage":0,"enemies":"Chosen","floor":18,"turns":3},{"damage":0,"enemies":"Spheric Guardian","floor":19,"turns":3},{"damage":0,"enemies":"Snake Plant","floor":22,"turns":3},{"damage":13,"enemies":"Gremlin Leader","floor":23,"turns":5},{"damage":7,"enemies":"Centurion and Healer","floor":25,"turns":5},{"damage":0,"enemies":"3 Cultists","floor":29,"turns":2},{"damage":1,"enemies":"Cultist and Chosen","floor":30,"turns":3},{"damage":7,"enemies":"Slavers","floor":31,"turns":2},{"damage":82,"enemies":"Automaton","floor":33,"turns":6}],"seed_played":"1482923340001616450","potions_obtained":[{"floor":2,"key":"SpeedPotion"},{"floor":5,"key":"Fire Potion"},{"floor":16,"key":"EssenceOfSteel"},{"floor":22,"key":"GamblersBrew"},{"floor":23,"key":"GamblersBrew"},{"floor":25,"key":"FearPotion"}],"is_trial":false,"path_per_floor":["M","M","$","?","M","E","M","?","T","M","?","R","?","?","R","B",null,"M","M","?","$","M","E","R","M","T","R","?","M","M","E","R","B"],"character_chosen":"THE_DEFAULT","items_purchased":["OrangePellets","theMarked:MagicAdept"],"campfire_rested":0,"item_purchase_floors":[21,21],"current_hp_per_floor":[51,47,47,40,40,2,2,2,2,2,2,2,2,17,17,5,46,46,46,46,46,51,43,43,41,51,51,30,35,39,37,46,0,0],"gold":587,"neow_bonus":"BOSS_RELIC","is_daily":false,"chose_seed":false,"campfire_upgraded":5,"win_rate":0.0,"timestamp":1608940451,"path_taken":["M","M","$","?","M","E","?","?","T","M","?","R","?","?","R","BOSS","M","M","?","$","M","E","R","M","T","R","?","M","?","E","R","BOSS"],"items_purchased_type":["Relic","Card"],"build_version":"2020-12-22","purchased_purges":1,"victory":false,"max_hp_per_floor":[66,66,66,66,66,66,66,66,66,66,60,60,60,60,60,60,60,60,60,60,60,60,60,60,60,70,70,70,70,70,70,70,70,70],"relic_stats":{"OrangePellets":[3],"counters":[16,60],"Mummified Hand":[0],"Bloody Idol":55,"Astrolabe":["theMarked:SuspiciousRaven","theMarked:WastefulDefense","theMarked:Snap"],"Eternal Feather":9,"obtain_stats":[{"theMarked:ArtifactOfAir":0,"OrangePellets":21,"Pear":26,"Golden Idol":11,"Mummified Hand":23,"Astrolabe":17,"Bloody Idol":20,"Eternal Feather":31,"Coffee Dripper":0,"Toxic Egg 2":6},{"theMarked:ArtifactOfAir":0,"OrangePellets":9,"Pear":12,"Golden Idol":6,"Mummified Hand":11,"Astrolabe":7,"Bloody Idol":9,"Eternal Feather":15,"Coffee Dripper":0,"Toxic Egg 2":4},{"theMarked:ArtifactOfAir":0,"OrangePellets":34,"Pear":47,"Golden Idol":20,"Mummified Hand":42,"Astrolabe":28,"Bloody Idol":34,"Eternal Feather":54,"Coffee Dripper":0,"Toxic Egg 2":14}]},"card_choices":[{"not_picked":["theMarked:Static","theMarked:TwofoldDefense","theMarked:ElectricStrings"],"picked":"SKIP","floor":1},{"not_picked":["theMarked:Improvise","theMarked:BanishingStrike"],"picked":"theMarked:Challenge","floor":2},{"not_picked":["theMarked:BanishingStrike","theMarked:TwofoldDefense"],"picked":"theMarked:TunnelVision","floor":5},{"not_picked":["theMarked:HeightenedSenses+1","theMarked:RepellingDischarge+1"],"picked":"theMarked:Improvise+1","floor":6},{"not_picked":["theMarked:Parkour","theMarked:MagicAdept"],"picked":"theMarked:ResourceFulStrike","floor":7},{"not_picked":["theMarked:Aftermath+1","theMarked:KeepCalmAndFightOn","theMarked:SwordAndMagic"],"picked":"SKIP","floor":10},{"not_picked":["theMarked:BindingBlade+1","theMarked:SummonStrength"],"picked":"theMarked:Defy","floor":16},{"not_picked":["theMarked:TunnelVision+1","theMarked:Static+1","theMarked:Aftermath+1"],"picked":"SKIP","floor":18},{"not_picked":["theMarked:ElectricStrings","theMarked:BanishingStrike","theMarked:TunnelVision+1"],"picked":"SKIP","floor":19},{"not_picked":["theMarked:Parkour","theMarked:ParalyzingBlade+1"],"picked":"theMarked:Static+1","floor":22},{"not_picked":["theMarked:HeightenedSenses+1","theMarked:ChannelForce+1"],"picked":"theMarked:Aftermath+1","floor":23},{"not_picked":["theMarked:ChainLightning","theMarked:EmpowerWeapon+1"],"picked":"theMarked:HeightenedSenses+1","floor":25},{"not_picked":["theMarked:Parkour","theMarked:BanishingStrike","theMarked:Aftermath+1"],"picked":"SKIP","floor":29},{"not_picked":["theMarked:ResourceFulStrike","theMarked:SwordAndMagic"],"picked":"theMarked:Generate+1","floor":30},{"not_picked":["theMarked:HeightenedSenses+1","theMarked:Generate+1","theMarked:Aftermath+1"],"picked":"SKIP","floor":31}],"player_experience":4423643,"relics_obtained":[{"floor":6,"key":"Toxic Egg 2"},{"floor":23,"key":"Mummified Hand"},{"floor":26,"key":"Pear"},{"floor":31,"key":"Eternal Feather"}],"event_choices":[{"cards_removed":["theMarked:Strike"],"damage_healed":0,"gold_gain":0,"player_choice":"Card Removal","damage_taken":7,"max_hp_gain":0,"max_hp_loss":0,"event_name":"Golden Wing","floor":4,"gold_loss":0},{"damage_healed":0,"gold_gain":50,"player_choice":"Pray","damage_taken":0,"max_hp_gain":0,"max_hp_loss":0,"event_name":"Golden Shrine","floor":8,"gold_loss":0},{"damage_healed":0,"gold_gain":0,"player_choice":"Lose Max HP","damage_taken":0,"relics_obtained":["Golden Idol"],"max_hp_gain":0,"max_hp_loss":6,"event_name":"Golden Idol","floor":11,"gold_loss":0},{"damage_healed":0,"gold_gain":0,"player_choice":"Ignored","damage_taken":0,"max_hp_gain":0,"max_hp_loss":0,"event_name":"Shining Light","floor":13,"gold_loss":0},{"damage_healed":15,"gold_gain":0,"player_choice":"Healed","damage_taken":0,"max_hp_gain":0,"max_hp_loss":0,"event_name":"The Cleric","floor":14,"gold_loss":35},{"damage_healed":0,"gold_gain":0,"player_choice":"Gave Idol","damage_taken":0,"relics_obtained":["Bloody Idol"],"max_hp_gain":0,"max_hp_loss":0,"event_name":"Forgotten Altar","floor":20,"relics_lost":["Golden Idol"],"gold_loss":0},{"damage_healed":0,"gold_gain":450,"player_choice":"GOLD GOLD GOLD GOLD GOLD ","damage_taken":46,"max_hp_gain":0,"max_hp_loss":0,"event_name":"Knowing Skull","floor":28,"potions_obtained":[],"gold_loss":0,"cards_obtained":[]}],"is_beta":false,"boss_relics":[{"not_picked":["Fusion Hammer","Cursed Key"],"picked":"Astrolabe"}],"items_purged_floors":[3],"is_endless":false,"potions_floor_spawned":[2,5,16,22,23,25,29],"killed_by":"Automaton","ascension_level":20}}