{"host":"w31as9kcl9qjbzmo","time":1608923704,"event":{"mods":["BaseMod","Friendly Minions","Lobotomy","Minty Spire (QoL Compilation)","StSLib"],"gold_per_floor":[119,119,119,131,131,160,173,186,186,196,196,196,196],"floor_reached":12,"playtime":785,"items_purged":[],"score":80,"play_id":"714a14f7-6cbf-48bf-bd0b-1413c19710c6","local_time":"20201226041504","is_ascension_mode":false,"campfire_choices":[{"data":"Dark Embrace","floor":11,"key":"SMITH"}],"circlet_count":0,"master_deck":["Strike_R","Strike_R","Strike_R","Strike_R","Defend_R","Defend_R","Defend_R","Iron Wave","QueenBee","Wild Strike","Dark Embrace+1","Funeral","GreedKing","ShyLook","Twin Strike","Havoc","MeatLantern"],"relics":["Burning Blood","CogitoBucket","RabbitCall","Art of War","Pocketwatch","Self Forming Clay","FleshIdol"],"acts_visited":["Exordium"],"potions_floor_usage":[10],"damage_taken":[{"damage":11,"enemies":"Jaw Worm","floor":1,"turns":2},{"damage":2,"enemies":"Small Slimes","floor":4,"turns":3},{"damage":19,"enemies":"Gremlin Nob","floor":6,"turns":4},{"damage":0,"enemies":"Cultist","floor":7,"turns":2},{"damage":21,"enemies":"Large Slime","floor":8,"turns":3},{"damage":18,"enemies":"Looter","floor":10,"turns":9},{"damage":56,"enemies":"3 Sentries","floor":12,"turns":2}],"seed_played":"-3013013845392469243","potions_obtained":[{"floor":1,"key":"ColorlessPotion"},{"floor":4,"key":"Dexterity Potion"},{"floor":7,"key":"Dexterity Potion"}],"is_trial":false,"path_per_floor":["M","?","?","M","?","E","M","M","T","M","R","E"],"character_chosen":"IRONCLAD","items_purchased":[],"campfire_rested":0,"item_purchase_floors":[],"current_hp_per_floor":[75,75,75,79,79,66,73,59,59,53,53,0,0],"gold":196,"neow_bonus":"","is_daily":false,"chose_seed":false,"campfire_upgraded":1,"win_rate":0.0,"timestamp":1608923704,"path_taken":["M","?","?","M","?","E","?","M","T","M","R","E"],"items_purchased_type":[],"build_version":"2020-12-22","purchased_purges":0,"victory":false,"max_hp_per_floor":[80,80,80,80,80,80,80,80,80,80,80,80,80],"card_choices":[{"not_picked":["Clash","Sword Boomerang"],"picked":"Iron Wave","floor":1},{"not_picked":["CherryBlossoms","WallGazer"],"picked":"QueenBee","floor":4},{"not_picked":["Clash","Carnage"],"picked":"Wild Strike","floor":4},{"not_picked":["Immolate","Armaments"],"picked":"Dark Embrace","floor":6},{"not_picked":["FairyFestival","LittlePrince"],"picked":"Funeral","floor":6},{"not_picked":["RedShoes","FairyFestival"],"picked":"GreedKing","floor":7},{"not_picked":["Rampage","Dual Wield"],"picked":"Seeing Red","floor":7},{"not_picked":["MeatLantern","PunishingBird"],"picked":"ShyLook","floor":8},{"not_picked":["Clash","Shockwave"],"picked":"Twin Strike","floor":8},{"not_picked":["True Grit","Whirlwind"],"picked":"Havoc","floor":10},{"not_picked":["UniverseFragment","FieryBird"],"picked":"MeatLantern","floor":10}],"player_experience":330707,"relics_obtained":[{"floor":6,"key":"Pocketwatch"},{"floor":9,"key":"Self Forming Clay"}],"event_choices":[{"cards_removed":["Strike_R"],"damage_healed":0,"gold_gain":0,"player_choice":"Forget","damage_taken":0,"max_hp_gain":0,"max_hp_loss":0,"event_name":"Living Wall","floor":2,"gold_loss":0},{"damage_healed":0,"gold_gain":0,"player_choice":"Ignored","damage_taken":0,"max_hp_gain":0,"max_hp_loss":0,"event_name":"Liars Game","floor":3,"gold_loss":0},{"damage_healed":0,"gold_gain":0,"player_choice":"Gave Potion","damage_taken":0,"relics_obtained":["Art of War"],"max_hp_gain":0,"max_hp_loss":0,"event_name":"WeMeetAgain","floor":5,"gold_loss":0}],"is_beta":false,"boss_relics":[],"items_purged_floors":[],"is_endless":false,"potions_floor_spawned":[1,4,7],"killed_by":"3 Sentries","ascension_level":0}}