{"host":"lreod2rejfd0az5i","time":1608886949,"event":{"mods":["AchievementEnabler","Aspiration","BaseMod","Colored Powertips","Conspire","Downfall","Highlight Path","Hubris","Infinite Spire","Mad Scientist","Minty Spire (QoL Compilation)","Rare Cards Sparkle","Relic Stats","Replay The Spire","StSLib","The Bug Knight","The Jungle"],"gold_per_floor":[118,61,61,61,74,74,88,106,106,106,106,129,145,7,7,81,81,92,92,3,22,22,22,41,53,53,53,67,67,67,102,102,178,178,194,194,206,206,224,224,224,224],"floor_reached":41,"playtime":1861,"items_purged":["Chrysalis"],"score":856,"play_id":"0b81687d-fc39-4d22-9ad0-827762dae329","local_time":"20201225020229","is_ascension_mode":true,"campfire_choices":[{"data":"Body Slam","floor":6.0,"key":"SMITH"},{"data":"True Grit","floor":10.0,"key":"SMITH"},{"floor":15.0,"key":"REST"},{"floor":23.0,"key":"REST"},{"floor":27.0,"key":"REST"},{"floor":30.0,"key":"REST"},{"floor":32.0,"key":"REST"},{"floor":40.0,"key":"REST"}],"circlet_count":0,"master_deck":["AscendersBane","Strike_R","Strike_R+1","Strike_R","Strike_R+1","Defend_R","Defend_R","Defend_R","Defend_R","Bash","Defend_R","hubris:MerchantsHand","Barricade+1","Battle Trance","Body Slam+1","True Grit+1","Ghostly Armor","Flame Barrier","Chrysalis","Mayhem","Necronomicurse","Enlightenment","infinitespire:Fortify","Impervious","Replay:Undeath\u0027s Touch","Body Slam"],"relics":["Burning Blood","Whetstone","Regal Pillow","ReplayTheSpireMod:ShopPack","Necronomicon","aspiration:DSix","HornCleat","aspiration:RitualStick","hubris:BundleOfHerbs","aspiration:FutureDiary"],"acts_visited":["Exordium","TheCity","TheBeyond"],"potions_floor_usage":[41],"damage_taken":[{"damage":7.0,"enemies":"2 Louse","floor":1.0,"turns":3.0},{"damage":7.0,"enemies":"Cultist","floor":5.0,"turns":4.0},{"damage":14.0,"enemies":"Jaw Worm","floor":7.0,"turns":4.0},{"damage":17.0,"enemies":"Red Slaver","floor":8.0,"turns":6.0},{"damage":28.0,"enemies":"Exordium Thugs","floor":12.0,"turns":5.0},{"damage":20.0,"enemies":"Lots of Slimes","floor":13.0,"turns":8.0},{"damage":43.0,"enemies":"The Guardian","floor":16.0,"turns":12.0},{"damage":16.0,"enemies":"3 Byrds","floor":18.0,"turns":7.0},{"damage":34.0,"enemies":"Chosen","floor":21.0,"turns":6.0},{"damage":18.0,"enemies":"Snecko","floor":24.0,"turns":7.0},{"damage":37.0,"enemies":"Snake Plant","floor":25.0,"turns":5.0},{"damage":0.0,"enemies":"conspire:HollyBat","floor":28.0,"turns":8.0},{"damage":66.0,"enemies":"Book of Stabbing","floor":31.0,"turns":6.0},{"damage":15.0,"enemies":"conspire:MysteriousRune","floor":33.0,"turns":11.0},{"damage":54.0,"enemies":"3 Darklings","floor":35.0,"turns":13.0},{"damage":6.0,"enemies":"3 Shapes","floor":37.0,"turns":8.0},{"damage":58.0,"enemies":"Jaw Worm Horde","floor":39.0,"turns":8.0},{"damage":57,"enemies":"Maw","floor":41,"turns":10}],"seed_played":"363593239737955990","potions_obtained":[{"floor":1.0,"key":"PowerPotion"},{"floor":7.0,"key":"Milkshake"},{"floor":16.0,"key":"ColorlessPotion"},{"floor":18.0,"key":"Regen Potion"},{"floor":28.0,"key":"Adrenaline Potion"},{"floor":33.0,"key":"Energy Potion"},{"floor":39.0,"key":"Languid Potion"}],"is_trial":false,"path_per_floor":["M","$","?","$","M","R","M","M","T","R","T","M","M","$","R","B",null,"M","?","$","M","AVR","R","M","M","T","R","M","?","R","E","R","B",null,"M","?","M","?","M","R","M"],"character_chosen":"IRONCLAD","items_purchased":["Body Slam","ReplayTheSpireMod:ShopPack","Enlightenment"],"campfire_rested":6,"item_purchase_floors":[2,14,20],"current_hp_per_floor":[67,67,67,67,66,66,58,47,47,47,47,25,11,11,48,11,59,49,28,28,15,15,52,40,9,9,46,52,33,70,10,47,38,66,18,18,18,22,12,49,0,0],"gold":224,"neow_bonus":"THREE_RARE_CARDS","is_daily":false,"chose_seed":false,"campfire_upgraded":2,"win_rate":0.0,"timestamp":1608886949,"path_taken":["M","$","?","?","M","R","?","M","T","R","?","M","?","$","R","BOSS","M","?","$","M","AVR","R","M","M","T","R","M","?","R","E","R","BOSS","M","?","?","?","M","R","M"],"items_purchased_type":["Card","Relic","Card"],"build_version":"2020-12-22","purchased_purges":1,"victory":false,"max_hp_per_floor":[75,75,75,75,75,75,75,75,75,75,75,75,75,75,75,75,75,75,75,75,75,75,75,75,75,75,75,75,75,75,75,75,75,75,75,75,75,75,75,75,75,75],"relic_stats":{"Regal Pillow":90,"counters":[18,131],"Necronomicon":[23],"Whetstone":["Strike_R","Strike_R"],"obtain_stats":[{"Regal Pillow":11,"HornCleat":26,"hubris:BundleOfHerbs":31,"Necronomicon":19,"Whetstone":9,"aspiration:FutureDiary":34,"aspiration:DSix":22,"Burning Blood":0,"aspiration:RitualStick":29,"ReplayTheSpireMod:ShopPack":14},{"Regal Pillow":4,"HornCleat":11,"hubris:BundleOfHerbs":13,"Necronomicon":8,"Whetstone":4,"aspiration:FutureDiary":14,"aspiration:DSix":9,"Burning Blood":0,"aspiration:RitualStick":12,"ReplayTheSpireMod:ShopPack":6},{"Regal Pillow":17,"HornCleat":67,"hubris:BundleOfHerbs":81,"Necronomicon":49,"Whetstone":17,"aspiration:FutureDiary":92,"aspiration:DSix":55,"Burning Blood":0,"aspiration:RitualStick":75,"ReplayTheSpireMod:ShopPack":30}],"Burning Blood":102,"aspiration:RitualStick":[2]},"card_choices":[{"not_picked":["Eclipse","conspire:HitWhereItHurts"],"picked":"Barricade","floor":0.0},{"not_picked":["Cleave","Wild Strike"],"picked":"Battle Trance","floor":1.0},{"not_picked":["Inflame","Armaments","Sever Soul"],"picked":"SKIP","floor":5.0},{"not_picked":["Warcry","Spot Weakness"],"picked":"True Grit","floor":7.0},{"not_picked":["Iron Wave","Pommel Strike"],"picked":"Ghostly Armor","floor":8.0},{"not_picked":["Demonic Infusion","Perfected Strike","hubris:ReadiedAction"],"picked":"SKIP","floor":12.0},{"not_picked":["ReplayTheSpireMod:Strike From Hell","Thunderclap"],"picked":"Flame Barrier","floor":13.0},{"not_picked":["expansioncontent:Corrupt","Master of Strategy"],"picked":"Chrysalis","floor":14.0},{"not_picked":["expansioncontent:BronzeBeam","Purity"],"picked":"Chrysalis","floor":14.0},{"not_picked":["Specialist","expansioncontent:HyperBeam"],"picked":"Mayhem","floor":14.0},{"not_picked":["Pommel Strike","Cleave","ReplayTheSpireMod:Muscle Training"],"picked":"SKIP","floor":18.0},{"not_picked":["ReplayTheSpireMod:Strike From Hell","Perfected Strike","Headbutt+1"],"picked":"SKIP","floor":21.0},{"not_picked":["True Grit","Demonic Infusion","ReplayTheSpireMod:Limb From Limb"],"picked":"SKIP","floor":24.0},{"not_picked":["Cleave","Clothesline","Twin Strike"],"picked":"SKIP","floor":25.0},{"not_picked":["Perfected Strike","Warcry","Clothesline"],"picked":"SKIP","floor":28.0},{"not_picked":["Armaments","Evolve","Heavy Blade"],"picked":"SKIP","floor":31.0},{"not_picked":["conspire:HitWhereItHurts","Brutality"],"picked":"Impervious","floor":33.0},{"not_picked":["Perfected Strike+1","Iron Wave","Run Through"],"picked":"SKIP","floor":35.0},{"not_picked":["Wild Strike+1","Armaments"],"picked":"Body Slam","floor":37.0},{"not_picked":["Flex","Cleave","Body Slam"],"picked":"SKIP","floor":39.0}],"player_experience":864410,"relics_obtained":[{"floor":9.0,"key":"Whetstone"},{"floor":11.0,"key":"Regal Pillow"},{"floor":19.0,"key":"Necronomicon"},{"floor":26.0,"key":"HornCleat"},{"floor":31.0,"key":"hubris:BundleOfHerbs"}],"event_choices":[{"damage_healed":0.0,"max_hp_gain":0.0,"max_hp_loss":0.0,"gold_gain":0.0,"event_name":"Upgrade Shrine","player_choice":"Upgraded","floor":3.0,"gold_loss":0.0,"damage_taken":0.0,"cards_upgraded":["Barricade"]},{"damage_healed":0.0,"max_hp_gain":0.0,"max_hp_loss":0.0,"gold_gain":0.0,"event_name":"Cursed Tome","player_choice":"Obtained Book","floor":19.0,"gold_loss":0.0,"damage_taken":21.0},{"damage_healed":0.0,"max_hp_gain":0.0,"max_hp_loss":0.0,"gold_gain":0.0,"cards_transformed":["Strike_R"],"event_name":"Transmorgrifier","player_choice":"Transformed","floor":36.0,"gold_loss":0.0,"damage_taken":0.0,"cards_obtained":["Replay:Undeath\u0027s Touch"]}],"is_beta":false,"boss_relics":[{"not_picked":["conspire:RoyalGoblet","Kintsugi","Replay:Fungal Core"]},{"not_picked":["aspiration:RitualDagger","aspiration:SilentSkillbook"],"picked":"aspiration:FutureDiary"}],"items_purged_floors":[22],"is_endless":false,"potions_floor_spawned":[1,7,12,16,18,28,33,39],"killed_by":"Maw","ascension_level":20}}