{"host":"foq4mrde4mssg7vt","time":1608897310,"event":{"mods":["AchievementEnabler","BaseMod","Colored Map","Colored Powertips","Highlight Path","Minty Spire (QoL Compilation)","Relic Stats","everything is the same but u backflip on backflip"],"gold_per_floor":[109,120,139,2,2,2,12,12,12,46,46,76,93,158,158,255,255,265,265,7,26,42,42,68,38,38,12,12,28,28,45,45,145,145,157,175,19,19,19,19],"floor_reached":39,"playtime":1417,"items_purged":["Zap"],"score":614,"play_id":"a7c29314-4a7a-4098-b2c8-7c162ba70998","local_time":"20201225195510","is_ascension_mode":true,"campfire_choices":[{"data":"Fission","floor":6.0,"key":"SMITH"},{"data":"Defragment","floor":8.0,"key":"SMITH"},{"data":"Defragment","floor":15.0,"key":"SMITH"},{"floor":23.0,"key":"REST"},{"floor":28.0,"key":"REST"},{"floor":30.0,"key":"REST"},{"data":"Loop","floor":32.0,"key":"SMITH"}],"circlet_count":0,"master_deck":["AscendersBane","Dualcast","Ball Lightning","Defragment+1","Barrage","Fission+1","Sweeping Beam","Biased Cognition","Lockon","Defragment+1","Cold Snap","Reinforced Body","Compile Driver","Loop+1","Auto Shields","Skim+1","Go for the Eyes","Hologram","Leap","Echo Form","Amplify","Lockon","Skim","Loop","Rainbow","Echo Form","Chill","Coolheaded"],"relics":["Cursed Key","Pantograph","Ice Cream","CaptainsWheel","Empty Cage","Runic Capacitor","Bottled Lightning","Pandora\u0027s Box"],"acts_visited":["Exordium","TheCity","TheBeyond"],"potions_floor_usage":[39],"damage_taken":[{"damage":0.0,"enemies":"Cultist","floor":1.0,"turns":4.0},{"damage":0.0,"enemies":"Small Slimes","floor":2.0,"turns":3.0},{"damage":2.0,"enemies":"2 Louse","floor":3.0,"turns":2.0},{"damage":5.0,"enemies":"Gremlin Gang","floor":7.0,"turns":4.0},{"damage":25.0,"enemies":"Lagavulin","floor":10.0,"turns":6.0},{"damage":24.0,"enemies":"Gremlin Nob","floor":12.0,"turns":4.0},{"damage":9.0,"enemies":"2 Fungi Beasts","floor":13.0,"turns":4.0},{"damage":0.0,"enemies":"Lagavulin Event","floor":14.0,"turns":2.0},{"damage":29.0,"enemies":"The Guardian","floor":16.0,"turns":9.0},{"damage":11.0,"enemies":"Spheric Guardian","floor":18.0,"turns":4.0},{"damage":22.0,"enemies":"2 Thieves","floor":21.0,"turns":4.0},{"damage":12.0,"enemies":"Chosen and Byrds","floor":22.0,"turns":6.0},{"damage":33.0,"enemies":"Book of Stabbing","floor":24.0,"turns":6.0},{"damage":13.0,"enemies":"3 Cultists","floor":29.0,"turns":4.0},{"damage":18.0,"enemies":"Centurion and Healer","floor":31.0,"turns":6.0},{"damage":33.0,"enemies":"Automaton","floor":33.0,"turns":12.0},{"damage":6.0,"enemies":"Orb Walker","floor":35.0,"turns":6.0},{"damage":46.0,"enemies":"3 Darklings","floor":36.0,"turns":7.0},{"damage":24,"enemies":"4 Shapes","floor":39,"turns":1}],"seed_played":"236050770233696015","potions_obtained":[{"floor":2.0,"key":"DuplicationPotion"},{"floor":5.0,"key":"Regen Potion"},{"floor":5.0,"key":"PowerPotion"},{"floor":10.0,"key":"SmokeBomb"},{"floor":12.0,"key":"EssenceOfDarkness"},{"floor":22.0,"key":"LiquidBronze"},{"floor":24.0,"key":"BlessingOfTheForge"},{"floor":25.0,"key":"PowerPotion"},{"floor":25.0,"key":"LiquidBronze"},{"floor":29.0,"key":"SteroidPotion"},{"floor":33.0,"key":"Regen Potion"},{"floor":35.0,"key":"LiquidMemories"},{"floor":36.0,"key":"PotionOfCapacity"}],"is_trial":false,"path_per_floor":["M","M","M","$","?","R","M","R","T","E","$","E","M","?","R","B",null,"M","?","$","M","M","R","E","?","T","$","R","M","R","M","R","B",null,"M","M","$","?","M"],"character_chosen":"DEFECT","items_purchased":["Fission","Runic Capacitor","SkillPotion","Compile Driver","Go for the Eyes","Chill"],"campfire_rested":3,"item_purchase_floors":[4,20,20,20,27,37],"current_hp_per_floor":[68,68,66,66,66,66,61,61,61,36,36,12,15,15,15,11,59,48,48,48,26,14,36,3,3,3,3,25,12,34,16,16,8,58,52,21,21,21,0,0],"gold":19,"neow_bonus":"BOSS_RELIC","is_daily":false,"chose_seed":false,"campfire_upgraded":4,"win_rate":0.0,"timestamp":1608897310,"path_taken":["M","M","M","$","?","R","M","R","T","E","?","E","?","?","R","BOSS","M","?","$","M","M","R","E","?","T","$","R","M","R","M","R","BOSS","M","?","$","?","M"],"items_purchased_type":["Card","Relic","Potion","Card","Card","Card"],"build_version":"2020-12-22","purchased_purges":1,"victory":false,"max_hp_per_floor":[75,75,75,75,75,75,75,75,75,75,75,75,75,75,75,75,75,75,75,75,75,75,75,75,75,75,75,75,75,75,75,75,75,75,75,75,75,75,75,75],"relic_stats":{"counters":[19,94],"Pantograph":50,"Pandora\u0027s Box":["Amplify","Lockon","Skim","Loop","Rainbow","Echo Form"],"Cursed Key":0,"obtain_stats":[{"Ice Cream":12,"CaptainsWheel":14,"Pantograph":10,"Pandora\u0027s Box":34,"Runic Capacitor":20,"Bottled Lightning":24,"Cracked Core":0,"Cursed Key":0,"Empty Cage":17},{"Ice Cream":6,"CaptainsWheel":7,"Pantograph":5,"Pandora\u0027s Box":16,"Runic Capacitor":10,"Bottled Lightning":13,"Cracked Core":0,"Cursed Key":0,"Empty Cage":9},{"Ice Cream":23,"CaptainsWheel":27,"Pantograph":19,"Pandora\u0027s Box":80,"Runic Capacitor":42,"Bottled Lightning":58,"Cracked Core":0,"Cursed Key":0,"Empty Cage":38}]},"card_choices":[{"not_picked":["Conserve Battery","Redo"],"picked":"Ball Lightning","floor":1.0},{"not_picked":["Fusion","Steam"],"picked":"Defragment","floor":2.0},{"not_picked":["Coolheaded","Hologram"],"picked":"Barrage","floor":3.0},{"not_picked":["Compile Driver","Thunder Strike"],"picked":"Sweeping Beam","floor":7.0},{"not_picked":["Go for the Eyes","Streamline"],"picked":"Biased Cognition","floor":10.0},{"not_picked":["Redo","Rebound"],"picked":"Lockon","floor":12.0},{"not_picked":["Coolheaded","Turbo"],"picked":"Defragment","floor":13.0},{"not_picked":["Rip and Tear","Chaos"],"picked":"Cold Snap","floor":14.0},{"not_picked":["Ball Lightning+1","Rip and Tear"],"picked":"Reinforced Body","floor":18.0},{"not_picked":["Beam Cell","Defragment+1"],"picked":"Loop","floor":21.0},{"not_picked":["Steam+1","Redo"],"picked":"Auto Shields","floor":22.0},{"not_picked":["Leap","Genetic Algorithm"],"picked":"Skim+1","floor":24.0},{"not_picked":["Barrage","Heatsinks"],"picked":"Hologram","floor":29.0},{"not_picked":["Sweeping Beam","Hologram"],"picked":"Leap","floor":31.0},{"not_picked":["Thunder Strike","Rainbow"],"picked":"Echo Form","floor":33.0},{"not_picked":["Redo","Reprogram","Go for the Eyes"],"picked":"SKIP","floor":35.0},{"not_picked":["Compile Driver+1","Lockon","Turbo"],"picked":"SKIP","floor":36.0}],"player_experience":263434,"relics_obtained":[{"floor":10.0,"key":"Pantograph"},{"floor":12.0,"key":"Ice Cream"},{"floor":24.0,"key":"Bottled Lightning"}],"event_choices":[{"damage_healed":0.0,"max_hp_gain":0.0,"max_hp_loss":0.0,"gold_gain":0.0,"event_name":"Lab","player_choice":"Got Potions","floor":5.0,"gold_loss":0.0,"damage_taken":0.0},{"damage_healed":0.0,"max_hp_gain":0.0,"max_hp_loss":0.0,"gold_gain":0.0,"event_name":"Dead Adventurer","player_choice":"Searched \u00273\u0027 times","floor":14.0,"gold_loss":0.0,"damage_taken":0.0,"relics_obtained":["CaptainsWheel"]},{"damage_healed":0.0,"max_hp_gain":0.0,"max_hp_loss":0.0,"gold_gain":0.0,"event_name":"Ghosts","player_choice":"Ignored","floor":19.0,"gold_loss":0.0,"damage_taken":0.0},{"damage_healed":0.0,"max_hp_gain":0.0,"max_hp_loss":0.0,"gold_gain":0.0,"event_name":"The Woman in Blue","player_choice":"Bought 2 Potions","floor":25.0,"gold_loss":0.0,"damage_taken":0.0},{"damage_healed":0.0,"max_hp_gain":0.0,"max_hp_loss":0.0,"gold_gain":0.0,"event_name":"Match and Keep!","player_choice":"1 cards matched","floor":38.0,"gold_loss":0.0,"damage_taken":0.0,"cards_obtained":["Coolheaded"]}],"is_beta":false,"boss_relics":[{"not_picked":["Coffee Dripper","Philosopher\u0027s Stone"],"picked":"Empty Cage"},{"not_picked":["Velvet Choker","Tiny House"],"picked":"Pandora\u0027s Box"}],"items_purged_floors":[37],"is_endless":false,"potions_floor_spawned":[2,10,12,22,24,29,33,35,36],"killed_by":"4 Shapes","ascension_level":10}}