{"host":"5bdt6s51dmpd4l3v","time":1608903054,"event":{"mods":["AchievementEnabler","BaseMod","Colored Map","Colored Powertips","Highlight Path","Minty Spire (QoL Compilation)","Quick Restart","Rare Cards Sparkle","StSLib"],"gold_per_floor":[112,124,124,140,290,325,325,335,335,24,24,24,24,50,50,127,127,140,34,34,34,48,48,48,48,130,146,172,172,183,194,194,272,272,285,285,285],"floor_reached":36,"playtime":769,"items_purged":["Doubt"],"score":837,"play_id":"62ad9641-7de7-4e19-8eb3-41d5961a8c53","local_time":"20201225213054","is_ascension_mode":true,"campfire_choices":[{"data":"Flex","floor":7.0,"key":"SMITH"},{"data":"Whirlwind","floor":11.0,"key":"SMITH"},{"data":"Spot Weakness","floor":13.0,"key":"SMITH"},{"floor":15.0,"key":"REST"},{"data":"Limit Break","floor":23.0,"key":"SMITH"},{"floor":25.0,"key":"REST"},{"data":"Heavy Blade","floor":29.0,"key":"SMITH"},{"floor":32.0,"key":"REST"}],"circlet_count":0,"master_deck":["AscendersBane","Strike_R","Strike_R","Strike_R","Strike_R","Strike_R","Defend_R","Defend_R","Defend_R","Defend_R","Bash","Pummel+1","Rampage","Flex+1","Spot Weakness+1","Whirlwind+1","Flex+1","Limit Break+1","Battle Trance","Twin Strike","Heavy Blade+1","Sword Boomerang","True Grit+1","Double Tap"],"relics":["Burning Blood","NeowsBlessing","Red Skull","InkBottle","DollysMirror","TungstenRod","Black Star","Mummified Hand","Dream Catcher","Pear","Mark of Pain"],"acts_visited":["Exordium","TheCity","TheBeyond"],"potions_floor_usage":[33,33,36],"damage_taken":[{"damage":0.0,"enemies":"Jaw Worm","floor":1.0,"turns":1.0},{"damage":1.0,"enemies":"2 Louse","floor":2.0,"turns":2.0},{"damage":0.0,"enemies":"Small Slimes","floor":4.0,"turns":1.0},{"damage":48.0,"enemies":"3 Sentries","floor":6.0,"turns":10.0},{"damage":14.0,"enemies":"Red Slaver","floor":8.0,"turns":2.0},{"damage":15.0,"enemies":"Lagavulin","floor":14.0,"turns":3.0},{"damage":0.0,"enemies":"Slime Boss","floor":16.0,"turns":6.0},{"damage":47.0,"enemies":"2 Thieves","floor":18.0,"turns":4.0},{"damage":11.0,"enemies":"Shell Parasite","floor":22.0,"turns":2.0},{"damage":10.0,"enemies":"Cultist and Chosen","floor":27.0,"turns":3.0},{"damage":18.0,"enemies":"Slavers","floor":28.0,"turns":2.0},{"damage":13.0,"enemies":"Centurion and Healer","floor":30.0,"turns":3.0},{"damage":0.0,"enemies":"Shelled Parasite and Fungi","floor":31.0,"turns":2.0},{"damage":74,"enemies":"Collector","floor":33,"turns":5},{"damage":0,"enemies":"Orb Walker","floor":35,"turns":2},{"damage":82,"enemies":"2 Orb Walkers","floor":36,"turns":4}],"seed_played":"2139476317968556294","potions_obtained":[{"floor":2.0,"key":"EntropicBrew"},{"floor":4.0,"key":"SpeedPotion"},{"floor":14.0,"key":"SpeedPotion"},{"floor":18.0,"key":"Energy Potion"},{"floor":30.0,"key":"Explosive Potion"},{"floor":31.0,"key":"Weak Potion"},{"floor":35,"key":"Strength Potion"}],"is_trial":false,"path_per_floor":["M","M","$","M","?","E","R","M","T","$","R","$","R","E","R","B",null,"M","$","?","?","M","R","?","R","T","M","E","R","M","M","R","B",null,"M","?"],"character_chosen":"IRONCLAD","items_purchased":["Whirlwind","DollysMirror","Twin Strike","BloodPotion"],"campfire_rested":3,"item_purchase_floors":[10,10,19,19],"current_hp_per_floor":[74,75,75,75,75,48,48,40,40,40,40,40,40,31,53,59,71,30,30,30,30,25,25,25,47,47,43,41,41,34,40,65,14,67,73,0,0],"gold":285,"neow_bonus":"THREE_ENEMY_KILL","is_daily":false,"chose_seed":false,"campfire_upgraded":5,"win_rate":0.0,"timestamp":1608903054,"path_taken":["M","M","$","M","?","E","R","M","T","$","R","$","R","E","R","BOSS","M","$","?","?","M","R","?","R","T","?","E","R","?","M","R","BOSS","M","?"],"items_purchased_type":["Card","Relic","Card","Potion"],"build_version":"2020-12-22","purchased_purges":1,"victory":false,"max_hp_per_floor":[75,75,75,75,75,75,75,75,75,75,75,75,75,75,75,75,75,75,75,75,75,75,75,75,75,75,75,85,85,85,85,85,85,85,85,85,85],"card_choices":[{"not_picked":["Anger","Perfected Strike"],"picked":"Pummel","floor":1.0},{"not_picked":["Flame Barrier","Power Through"],"picked":"Rampage","floor":2.0},{"not_picked":["Burning Pact","Clothesline"],"picked":"Flex","floor":4.0},{"not_picked":["Power Through","Thunderclap","Body Slam"],"picked":"SKIP","floor":6.0},{"not_picked":["Sentinel","Headbutt"],"picked":"Spot Weakness","floor":8.0},{"not_picked":["Pommel Strike","Anger","Feel No Pain"],"picked":"SKIP","floor":14.0},{"not_picked":["Reaper","Double Tap"],"picked":"Limit Break","floor":16.0},{"not_picked":["Armaments","Pommel Strike"],"picked":"Battle Trance","floor":18.0},{"not_picked":["Hemokinesis","Sentinel","Flex"],"picked":"SKIP","floor":22.0},{"not_picked":["Body Slam","Havoc","True Grit"],"picked":"SKIP","floor":27.0},{"not_picked":["Iron Wave","Wild Strike"],"picked":"Heavy Blade","floor":28.0},{"not_picked":["Armaments","Cleave"],"picked":"Sword Boomerang","floor":30.0},{"not_picked":["Armaments","Twin Strike","Clash"],"picked":"SKIP","floor":31.0},{"not_picked":["Reckless Charge","Wild Strike+1"],"picked":"True Grit+1","floor":32.0},{"not_picked":["Juggernaut","Feed"],"picked":"Double Tap","floor":33},{"not_picked":["Thunderclap","Pommel Strike","Anger"],"picked":"SKIP","floor":35}],"player_experience":237298,"relics_obtained":[{"floor":6.0,"key":"Red Skull"},{"floor":9.0,"key":"InkBottle"},{"floor":14.0,"key":"TungstenRod"},{"floor":26.0,"key":"Mummified Hand"},{"floor":28.0,"key":"Dream Catcher"},{"floor":28.0,"key":"Pear"}],"event_choices":[{"damage_healed":0.0,"max_hp_gain":0.0,"max_hp_loss":0.0,"gold_gain":150.0,"event_name":"Liars Game","player_choice":"AGREE","floor":5.0,"gold_loss":0.0,"damage_taken":0.0,"cards_obtained":["Doubt"]},{"damage_healed":0.0,"max_hp_gain":0.0,"max_hp_loss":0.0,"gold_gain":0.0,"event_name":"Vampires","player_choice":"Ignored","floor":20.0,"gold_loss":0.0,"damage_taken":0.0},{"damage_healed":0.0,"max_hp_gain":0.0,"max_hp_loss":0.0,"gold_gain":0.0,"event_name":"Ghosts","player_choice":"Ignored","floor":21.0,"gold_loss":0.0,"damage_taken":0.0},{"damage_healed":0.0,"max_hp_gain":0.0,"max_hp_loss":0.0,"gold_gain":0.0,"event_name":"Accursed Blacksmith","player_choice":"Forge","floor":24.0,"gold_loss":0.0,"damage_taken":0.0,"cards_upgraded":["Pummel"]},{"damage_healed":0,"gold_gain":0,"player_choice":"Fight","damage_taken":0,"max_hp_gain":0,"max_hp_loss":0,"event_name":"Mysterious Sphere","floor":36,"gold_loss":0}],"is_beta":false,"boss_relics":[{"not_picked":["Empty Cage","Runic Cube"],"picked":"Black Star"},{"not_picked":["Astrolabe","Fusion Hammer"],"picked":"Mark of Pain"}],"items_purged_floors":[10],"is_endless":false,"potions_floor_spawned":[2,4,14,18,30,31,35],"killed_by":"2 Orb Walkers","ascension_level":16}}