{"host":"03a85bwj0a5skoit","time":1608907066,"event":{"mods":["BaseMod","Block Reminder","Minty Spire (QoL Compilation)","Relic Stats","StSLib"],"gold_per_floor":[113,126,143,159,170,170,185,185,185,185,185,185],"floor_reached":11,"playtime":409,"items_purged":[],"score":134,"play_id":"db675408-d7f4-45e2-a084-29a3e5616ce7","local_time":"20201226010746","is_ascension_mode":true,"campfire_choices":[{"data":"Recycle","floor":6,"key":"SMITH"},{"data":"Conserve Battery","floor":8,"key":"SMITH"},{"floor":10,"key":"REST"}],"circlet_count":0,"master_deck":["AscendersBane","Strike_B","Strike_B","Defend_B","Defend_B","Defend_B","Defend_B","Zap","Dualcast","Static Discharge","Conserve Battery+1","BootSequence","Recycle+1","Echo Form","BootSequence"],"relics":["Empty Cage","Torii"],"acts_visited":["Exordium"],"potions_floor_usage":[5,5,5,5],"damage_taken":[{"damage":24,"enemies":"Cultist","floor":1,"turns":6},{"damage":1,"enemies":"2 Louse","floor":2,"turns":3},{"damage":0,"enemies":"Jaw Worm","floor":3,"turns":6},{"damage":4,"enemies":"Blue Slaver","floor":4,"turns":5},{"damage":15,"enemies":"Exordium Wildlife","floor":5,"turns":7},{"damage":14,"enemies":"2 Fungi Beasts","floor":7,"turns":6},{"damage":31,"enemies":"3 Sentries","floor":11,"turns":6}],"seed_played":"4798241411318444916","potions_obtained":[{"floor":1,"key":"BlessingOfTheForge"},{"floor":3,"key":"EntropicBrew"}],"is_trial":false,"path_per_floor":["M","M","M","M","M","R","M","R","T","R","E"],"character_chosen":"DEFECT","items_purchased":[],"campfire_rested":1,"item_purchase_floors":[],"current_hp_per_floor":[40,39,39,35,20,20,6,6,6,27,0,0],"gold":185,"neow_bonus":"BOSS_RELIC","is_daily":false,"chose_seed":false,"campfire_upgraded":2,"win_rate":0.0,"timestamp":1608907066,"path_taken":["M","M","?","M","M","R","M","R","T","R","E"],"items_purchased_type":[],"build_version":"2020-12-22","purchased_purges":0,"victory":false,"max_hp_per_floor":[71,71,71,71,71,71,71,71,71,71,71,71],"relic_stats":{"Torii":4,"counters":[7,39],"obtain_stats":[{"Torii":9,"Cracked Core":0,"Empty Cage":0},{"Torii":6,"Cracked Core":0,"Empty Cage":0},{"Torii":33,"Cracked Core":0,"Empty Cage":0}]},"card_choices":[{"not_picked":["Barrage","Darkness"],"picked":"Static Discharge","floor":1},{"not_picked":["Hologram","Force Field"],"picked":"Conserve Battery","floor":2},{"not_picked":["Coolheaded","Redo"],"picked":"BootSequence","floor":3},{"not_picked":["Chill","Cold Snap"],"picked":"Recycle","floor":4},{"not_picked":["Barrage","Leap"],"picked":"Echo Form","floor":5},{"not_picked":["Stack","Steam"],"picked":"BootSequence","floor":7}],"player_experience":2309910,"relics_obtained":[{"floor":9,"key":"Torii"}],"event_choices":[],"is_beta":false,"boss_relics":[],"items_purged_floors":[],"is_endless":false,"potions_floor_spawned":[1,3],"killed_by":"3 Sentries","ascension_level":20}}