{"host":"kiauivt48syq9iz6","time":1608929831,"event":{"mods":["BaseMod","Conspire","Downfall","Hermit","Minty Spire (QoL Compilation)","Replay The Spire","SIMod","StSLib","The Animator","The Construct","The Cursed","The Runesmith","The Servant 0.9.4"],"gold_per_floor":[110,130,130,43,59,59,74,74,74,74,110,110,21,44,44,149,149,189,189,114,114,145,145,57,57,57,57,81,94,94,108,108,213,213,232,232,232,232,252,252,283,283,308,308,74,125,125,145,145,145],"floor_reached":51,"playtime":2415,"items_purged":[],"score":796,"play_id":"727dd1f1-0440-4a5a-b3f2-65d73e056c9c","local_time":"20201225135711","is_ascension_mode":false,"campfire_choices":[{"floor":6,"key":"REST"},{"data":"Midas Touch","floor":10,"key":"SMITH"},{"floor":15,"key":"REST"},{"floor":23,"key":"REST"},{"floor":27,"key":"REST"},{"floor":30,"key":"REST"},{"data":"expansioncontent:Chronoboost","floor":32,"key":"SMITH"},{"floor":40,"key":"REST"},{"data":"hermit:DeadOrAlive","floor":44,"key":"SMITH"},{"floor":47,"key":"REST"}],"circlet_count":0,"master_deck":["hermit:Strike_Hermit","hermit:Strike_Hermit","hermit:Strike_Hermit","hermit:Strike_Hermit","hermit:Snapshot","expansioncontent:Collect+1","hermit:Headshot","hermit:WideOpen","Looming Evil","hermit:Adapt","expansioncontent:Chronoboost+1","hermit:ShadowCloak","hermit:DeadOrAlive+1","expansioncontent:TimeRipple","hermit:ItchyTrigger+1","hermit:Shortfuse+1","hermit:TakeAim+1","hermit:RoundhouseKick+1","hermit:Roulette","hermit:Manifest+1","hermit:FromBeyond+1","hermit:TakeCover+1","hermit:Vantage+1","hermit:Horror+1","hermit:LoneWolf+1","The Bomb+1","hermit:BodyArmor+1","hermit:Feint+1","hermit:Maintenance+1","Madness","Madness","hermit:HighCaliber+1","hermit:SprayPray+1","Doubt","hermit:DeadMansHand","hermit:SprayPray+1","hermit:Virtue+1","hermit:OverwhelmingPower","hermit:Vantage"],"relics":["hermit:Momento","ReplayTheSpireMod:CursedCoin","Ring of Peace","Replay:Ringing Soul","Runesmith:Nanobots","Replay:Grab Bag","Philosopher\u0027s Stone","Replay:Bronze Core","SlaversCollar","construct:ClawGrip","conspire:Flyswatter","conspire:DecoderRing","hermit:BartenderGlass","Thread and Needle","Dream Catcher","Happy Flower","HandDrill","construct:BoolHorns"],"acts_visited":["Exordium","TheCity","TheBeyond"],"potions_floor_usage":[18,18,31,39,39,41,41,41,46,46,48,50,50],"damage_taken":[{"damage":4,"enemies":"Small Slimes","floor":1,"turns":5},{"damage":1,"enemies":"conspire:RoseBush","floor":2,"turns":1},{"damage":13,"enemies":"2 Louse","floor":5,"turns":3},{"damage":12,"enemies":"Blue Slaver","floor":7,"turns":4},{"damage":23,"enemies":"3 Sentries","floor":11,"turns":11},{"damage":11,"enemies":"Lots of Slimes","floor":14,"turns":7},{"damage":21,"enemies":"Slime Boss","floor":16,"turns":10},{"damage":63,"enemies":"3 Byrds","floor":18,"turns":8},{"damage":0,"enemies":"Chosen","floor":22,"turns":7},{"damage":0,"enemies":"Centurion and Healer","floor":28,"turns":8},{"damage":18,"enemies":"Snake Plant","floor":29,"turns":6},{"damage":6,"enemies":"Snecko","floor":31,"turns":6},{"damage":6,"enemies":"Automaton","floor":33,"turns":12},{"damage":11,"enemies":"3 Darklings","floor":35,"turns":8},{"damage":20,"enemies":"Orb Walker","floor":39,"turns":6},{"damage":83,"enemies":"Reptomancer","floor":41,"turns":11},{"damage":70,"enemies":"2 Orb Walkers","floor":46,"turns":8},{"damage":24,"enemies":"Transient","floor":48,"turns":5},{"damage":124,"enemies":"conspire:OrnateMirror","floor":50,"turns":9}],"seed_played":"9166552835851789955","potions_obtained":[{"floor":1,"key":"Languid Potion"},{"floor":5,"key":"Doom Potion"},{"floor":16,"key":"Strength Potion"},{"floor":18,"key":"ColorlessPotion"},{"floor":29,"key":"hermit:BlackBile"},{"floor":33,"key":"SteroidPotion"},{"floor":39,"key":"Explosive Potion"}],"is_trial":false,"path_per_floor":["M","M","?","$","M","R","M","?","T","R","E","?","$","M","R","B",null,"M","?","?","T","M","R","$","?","T","R","M","M","R","M","R","B",null,"M","?","?","?","M","R","E","?","T","R","$","?","R","M","R","B",null],"character_chosen":"HERMIT","items_purchased":["hermit:Glare","ReplayTheSpireMod:CursedCoin","Midas Touch","expansioncontent:Chronoboost","expansioncontent:TimeRipple","HandDrill","hermit:DeadMansHand","Adrenaline Potion"],"campfire_rested":7,"item_purchase_floors":[4,4,4,13,24,45,45,45],"current_hp_per_floor":[71,70,70,70,57,75,63,63,63,63,43,27,30,22,47,29,87,27,27,27,27,30,57,60,60,60,88,91,76,102,99,99,96,108,100,103,92,92,75,111,31,126,126,126,129,62,104,83,127,3],"gold":145,"neow_bonus":"RANDOM_COLORLESS","is_daily":false,"chose_seed":false,"campfire_upgraded":3,"win_rate":0.0,"timestamp":1608929831,"path_taken":["M","M","?","$","?","R","M","?","T","R","E","?","?","?","R","BOSS","M","?","?","?","?","R","?","?","T","R","M","?","R","M","R","BOSS","M","?","?","?","?","R","E","?","T","R","$","?","R","M","R","BOSS"],"items_purchased_type":["Card","Relic","Card","Card","Card","Relic","Card","Potion"],"build_version":"2020-12-22","purchased_purges":0,"victory":true,"max_hp_per_floor":[75,75,75,75,75,75,75,75,75,75,78,78,81,84,84,87,87,90,90,90,90,93,93,96,96,96,96,99,102,102,105,105,108,108,111,114,117,117,120,120,123,126,126,126,129,132,135,138,141,141],"card_choices":[{"not_picked":["Replay:BasicMightCard","PanicButton"],"picked":"expansioncontent:Collect","floor":0},{"not_picked":["hermit:Desperado","hermit:NoHoldsBarred"],"picked":"hermit:Headshot","floor":1},{"not_picked":["hermit:LowProfile","hermit:Scavenge"],"picked":"hermit:Vantage","floor":2},{"not_picked":["hermit:Manifest","hermit:Ricochet"],"picked":"hermit:Scavenge","floor":5},{"not_picked":["hermit:Misfire","hermit:Headshot"],"picked":"hermit:WideOpen","floor":7},{"not_picked":["hermit:Malice","hermit:Roulette"],"picked":"hermit:Adapt","floor":11},{"not_picked":["hermit:CursedWeapon","hermit:Dive"],"picked":"hermit:ShadowCloak","floor":14},{"not_picked":["hermit:FatalDesire","hermit:HighNoon"],"picked":"hermit:DeadOrAlive","floor":16},{"not_picked":["hermit:Dive","hermit:Desperado"],"picked":"hermit:FlashPowder","floor":18},{"not_picked":["hermit:Coalescence+1","hermit:Spite"],"picked":"hermit:FlashPowder","floor":22},{"not_picked":["hermit:Maintenance","hermit:Glare+1"],"picked":"hermit:ItchyTrigger+1","floor":28},{"not_picked":["hermit:ShadowCloak","hermit:Glare"],"picked":"hermit:Shortfuse+1","floor":29},{"not_picked":["hermit:FlashPowder","hermit:Combo+1"],"picked":"hermit:TakeAim+1","floor":31},{"not_picked":["hermit:Adapt","hermit:FromBeyond"],"picked":"hermit:RoundhouseKick","floor":33},{"not_picked":["hermit:Malice+1","hermit:TrackingShot+1"],"picked":"hermit:Roulette","floor":35},{"not_picked":["hermit:Glare","hermit:ShadowCloak+1"],"picked":"hermit:HighCaliber+1","floor":39},{"not_picked":["hermit:LoneWolf+1","hermit:Gestalt"],"picked":"hermit:SprayPray+1","floor":41},{"not_picked":["hermit:OverwhelmingPower","hermit:Headshot+1"],"picked":"hermit:SprayPray+1","floor":46},{"not_picked":["hermit:Deadeye","hermit:Snipe"],"picked":"hermit:Virtue+1","floor":47},{"not_picked":["hermit:Headshot+1","hermit:Dive"],"picked":"hermit:OverwhelmingPower","floor":48},{"not_picked":["hermit:Snipe","hermit:WideOpen+1"],"picked":"hermit:Vantage","floor":49}],"player_experience":84962,"relics_obtained":[{"floor":8,"key":"Ring of Peace"},{"floor":9,"key":"Replay:Ringing Soul"},{"floor":11,"key":"Runesmith:Nanobots"},{"floor":21,"key":"conspire:Flyswatter"},{"floor":26,"key":"conspire:DecoderRing"},{"floor":41,"key":"Dream Catcher"},{"floor":43,"key":"Happy Flower"},{"floor":46,"key":"construct:BoolHorns"}],"event_choices":[{"damage_healed":0,"gold_gain":0,"player_choice":"Ignored","damage_taken":0,"max_hp_gain":0,"max_hp_loss":0,"event_name":"NoteForYourself","floor":3,"gold_loss":0},{"damage_healed":0,"gold_gain":0,"player_choice":"Entered Light","damage_taken":16,"max_hp_gain":0,"max_hp_loss":0,"event_name":"Shining Light","floor":12,"gold_loss":0,"cards_upgraded":["hermit:Covet","expansioncontent:Collect"]},{"cards_removed":["sneckomod:Bewildered"],"damage_healed":0,"gold_gain":0,"player_choice":"Gave Gold","damage_taken":0,"max_hp_gain":0,"max_hp_loss":0,"event_name":"Beggar","floor":20,"gold_loss":75},{"damage_healed":0,"gold_gain":0,"player_choice":"Embrace Madness","damage_taken":14,"max_hp_gain":0,"max_hp_loss":0,"event_name":"Winding Halls","floor":37,"gold_loss":0,"cards_obtained":["Madness","Madness"]},{"cards_removed":["hermit:Coalescence"],"damage_healed":0,"gold_gain":0,"player_choice":"Gave Card","damage_taken":0,"relics_obtained":["Thread and Needle"],"max_hp_gain":0,"max_hp_loss":0,"event_name":"WeMeetAgain","floor":38,"gold_loss":0},{"damage_healed":92,"gold_gain":0,"player_choice":"Heal","damage_taken":0,"max_hp_gain":0,"max_hp_loss":0,"event_name":"MindBloom","floor":42,"gold_loss":0,"cards_obtained":["Doubt"]},{"damage_healed":0,"gold_gain":0,"player_choice":"Fight","damage_taken":0,"max_hp_gain":0,"max_hp_loss":0,"event_name":"Mysterious Sphere","floor":46,"gold_loss":0}],"is_beta":false,"boss_relics":[{"not_picked":["Honey Jar","Kintsugi"],"picked":"Replay:Grab Bag"},{"not_picked":["conspire:SeveredTorchhead","ReplayTheSpireMod:DimensionalGlitch"],"picked":"Philosopher\u0027s Stone"},{"not_picked":["Cursed Key","Sozu"],"picked":"Replay:Bronze Core"},{"not_picked":["Replay:Drink Me","Ring of Chaos"],"picked":"SlaversCollar"},{"not_picked":["Empty Cage","construct:WeddingRing"],"picked":"construct:ClawGrip"},{"not_picked":["Runic Pyramid","Replay:Ancient Bell"],"picked":"hermit:BartenderGlass"}],"items_purged_floors":[],"is_endless":false,"potions_floor_spawned":[1,5,16,18,29,33,39],"ascension_level":0}}