{"host":"pletss163z7s8pvv","time":1608856336,"event":{"mods":["AchievementEnabler","BaseMod","Colored Map","Colored Powertips","Minty Spire (QoL Compilation)"],"gold_per_floor":[114,129,144,159,159,159,189,189,189,219,234,264,264,279,279,379,379,394,409,30,30,30,30,60,60,110,209,209,234,273,273,273,373,373,397,412,430,430,430,469,469,508,533,533,572,12,12,51,51,51],"floor_reached":51,"playtime":1402,"items_purged":[],"score":1190,"play_id":"de1fdd20-4a9e-4558-955d-5a972f7bb63e","local_time":"20201224183216","daily_mods":["Draft","Hoarder","Elite Swarm"],"is_ascension_mode":false,"campfire_choices":[{"data":"Seeing Red","floor":6,"key":"SMITH"},{"data":"Limit Break","floor":8,"key":"SMITH"},{"data":"Seeing Red","floor":13,"key":"SMITH"},{"data":"Inflame","floor":15,"key":"SMITH"},{"data":"Limit Break","floor":23,"key":"SMITH"},{"data":"Limit Break","floor":25,"key":"SMITH"},{"floor":32,"key":"REST"},{"floor":41,"key":"REST"},{"data":"Demon Form","floor":44,"key":"SMITH"},{"data":"1","floor":47,"key":"LIFT"},{"data":"2","floor":49,"key":"LIFT"}],"circlet_count":0,"master_deck":["Iron Wave","Iron Wave","Iron Wave","Seeing Red","Seeing Red","Seeing Red","Thunderclap","Thunderclap","Thunderclap","Iron Wave","Iron Wave","Iron Wave","Clothesline+1","Clothesline","Clothesline","Cleave","Cleave","Cleave","Cleave","Cleave","Cleave","Flex","Flex","Flex","Seeing Red","Seeing Red+1","Seeing Red+1","Clash+1","Clash","Clash","Thunderclap","Thunderclap","Thunderclap","Dropkick","Dropkick","Dropkick","Cleave","Cleave","Cleave","Disarm+1","Disarm","Clash","Clash","Clash","Thunderclap","Thunderclap","Thunderclap","Limit Break+1","Limit Break+1","Limit Break+1","Reaper","Reaper","Reaper","Power Through","Power Through","Power Through+1","Exhume","Exhume","Exhume","Inflame+1","Inflame","Inflame","Double Tap","Double Tap","Double Tap","Sword Boomerang","Sword Boomerang","Sword Boomerang","Warcry+1","Warcry+1","Warcry+1","Inflame","Inflame","Inflame","Infernal Blade","Infernal Blade","Infernal Blade","Impervious","Impervious","Impervious","Corruption","Corruption","Corruption","Anger+1","Anger+1","Anger+1","Madness","Madness","Madness","Madness","Madness","Madness","Feed","Feed","Feed","Demon Form+1","Demon Form","Demon Form","Demon Form","Demon Form","Demon Form","Sadistic Nature","Sadistic Nature","Sadistic Nature","Burning Pact","Burning Pact","Burning Pact","Shockwave","Shockwave","Shockwave","Wild Strike","Wild Strike","Wild Strike","Headbutt","Headbutt","Headbutt","Fire Breathing","Fire Breathing","Fire Breathing","Demon Form","Demon Form","Demon Form"],"relics":["Burning Blood","Vajra","Pear","Potion Belt","InkBottle","Black Star","Membership Card","Juzu Bracelet","Ancient Tea Set","Red Skull","Centennial Puzzle","CeramicFish","Bronze Scales","HornCleat","Magic Flower","Enchiridion","Busted Crown","Orichalcum","CaptainsWheel","Blue Candle","Anchor","Whetstone","Strawberry","Girya","Du-Vu Doll","ClockworkSouvenir","Champion Belt","War Paint","Bag of Marbles","Torii"],"acts_visited":["Exordium","TheCity","TheBeyond"],"potions_floor_usage":[16,16,16,30,30],"damage_taken":[{"damage":0,"enemies":"Small Slimes","floor":1,"turns":1},{"damage":0,"enemies":"Cultist","floor":2,"turns":2},{"damage":7,"enemies":"2 Louse","floor":3,"turns":2},{"damage":16,"enemies":"Large Slime","floor":4,"turns":3},{"damage":4,"enemies":"3 Sentries","floor":7,"turns":3},{"damage":8,"enemies":"Gremlin Nob","floor":10,"turns":3},{"damage":0,"enemies":"Exordium Wildlife","floor":11,"turns":2},{"damage":7,"enemies":"Lagavulin","floor":12,"turns":5},{"damage":16,"enemies":"Blue Slaver","floor":14,"turns":3},{"damage":0,"enemies":"Slime Boss","floor":16,"turns":5},{"damage":8,"enemies":"Shell Parasite","floor":18,"turns":4},{"damage":10,"enemies":"Spheric Guardian","floor":19,"turns":3},{"damage":21,"enemies":"Gremlin Leader","floor":24,"turns":5},{"damage":29,"enemies":"Book of Stabbing","floor":30,"turns":4},{"damage":45,"enemies":"Champ","floor":33,"turns":10},{"damage":3,"enemies":"3 Darklings","floor":35,"turns":5},{"damage":0,"enemies":"Orb Walker","floor":36,"turns":4},{"damage":34,"enemies":"Reptomancer","floor":40,"turns":6},{"damage":18,"enemies":"Nemesis","floor":42,"turns":5},{"damage":27,"enemies":"Reptomancer","floor":45,"turns":6},{"damage":1,"enemies":"Giant Head","floor":48,"turns":6},{"damage":14,"enemies":"Donu and Deca","floor":50,"turns":5}],"seed_played":"-567031674859551473","potions_obtained":[{"floor":3,"key":"SteroidPotion"},{"floor":4,"key":"ColorlessPotion"},{"floor":7,"key":"Energy Potion"},{"floor":12,"key":"FearPotion"},{"floor":14,"key":"Regen Potion"},{"floor":18,"key":"Block Potion"},{"floor":35,"key":"LiquidMemories"},{"floor":40,"key":"LiquidMemories"}],"is_trial":false,"path_per_floor":["M","M","M","M","?","R","E","R","T","E","M","E","R","M","R","B",null,"M","M","$","?","?","R","E","R","T","?","?","T","E","?","R","B",null,"M","M","?","T","?","E","R","E","T","R","E","$","R","E","R","B",null],"character_chosen":"IRONCLAD","items_purchased":["Membership Card","Juzu Bracelet","Ancient Tea Set","Inflame","Infernal Blade","ClockworkSouvenir","Champion Belt","War Paint","Sadistic Nature","LiquidMemories","LiquidMemories","Burning Pact","Shockwave","Wild Strike","Headbutt","Fire Breathing"],"campfire_rested":2,"item_purchase_floors":[20,20,20,20,20,46,46,46,46,46,46,46,46,46,46,46],"current_hp_per_floor":[80,80,79,69,80,80,80,80,90,88,90,89,89,88,88,90,90,88,84,84,84,84,84,75,75,75,75,75,75,57,41,68,32,90,90,90,79,79,70,45,72,78,85,85,87,87,87,97,97,97],"gold":51,"neow_bonus":"","is_daily":true,"chose_seed":false,"campfire_upgraded":7,"win_rate":0.0,"timestamp":1608856336,"path_taken":["M","M","M","M","?","R","E","R","T","E","M","E","R","M","R","BOSS","M","?","$","?","?","R","E","R","T","?","?","?","E","?","R","BOSS","M","M","?","?","?","E","R","E","T","R","E","$","R","E","R","BOSS"],"items_purchased_type":["Relic","Relic","Relic","Card","Card","Relic","Relic","Relic","Card","Potion","Potion","Card","Card","Card","Card","Card"],"build_version":"2020-12-22","purchased_purges":0,"victory":true,"max_hp_per_floor":[80,80,80,80,80,80,80,80,90,90,90,90,90,90,90,90,90,90,90,90,90,90,90,90,90,90,90,90,90,90,90,90,90,90,90,90,90,90,90,90,90,90,97,97,97,97,97,97,97,97],"card_choices":[{"not_picked":["Havoc","Warcry"],"picked":"Iron Wave","floor":0},{"not_picked":["Reckless Charge","Pommel Strike"],"picked":"Seeing Red","floor":0},{"not_picked":["Searing Blow","Flame Barrier"],"picked":"Thunderclap","floor":0},{"not_picked":["Sentinel","Heavy Blade"],"picked":"Iron Wave","floor":0},{"not_picked":["Heavy Blade","Bloodletting"],"picked":"Clothesline","floor":0},{"not_picked":["Dual Wield","Heavy Blade"],"picked":"Cleave","floor":0},{"not_picked":["Heavy Blade","Clash"],"picked":"Cleave","floor":0},{"not_picked":["Power Through","Shrug It Off"],"picked":"Flex","floor":0},{"not_picked":["Heavy Blade","Combust"],"picked":"Seeing Red","floor":0},{"not_picked":["Armaments","Sword Boomerang"],"picked":"Clash","floor":0},{"not_picked":["Seeing Red","Perfected Strike"],"picked":"Thunderclap","floor":0},{"not_picked":["Wild Strike","Dual Wield"],"picked":"Dropkick","floor":0},{"not_picked":["Iron Wave","Havoc"],"picked":"Cleave","floor":0},{"not_picked":["Havoc","Body Slam"],"picked":"Disarm","floor":0},{"not_picked":["Armaments","Rupture"],"picked":"Clash","floor":0},{"not_picked":["Combust","Sentinel"],"picked":"Thunderclap","floor":1},{"not_picked":["Entrench","Shrug It Off","Heavy Blade"],"picked":"SKIP","floor":2},{"not_picked":["Shrug It Off","Seeing Red","Heavy Blade"],"picked":"SKIP","floor":3},{"not_picked":["Clothesline","Searing Blow","Heavy Blade"],"picked":"SKIP","floor":4},{"not_picked":["Impervious","Exhume"],"picked":"Limit Break","floor":7},{"not_picked":["Fiend Fire","Offering"],"picked":"Reaper","floor":10},{"not_picked":["Shrug It Off","Twin Strike"],"picked":"Power Through","floor":11},{"not_picked":["Fiend Fire","Offering"],"picked":"Exhume","floor":12},{"not_picked":["Sentinel","True Grit"],"picked":"Inflame","floor":14},{"not_picked":["Limit Break","Berserk"],"picked":"Double Tap","floor":16},{"not_picked":["Disarm","Dual Wield+1"],"picked":"Sword Boomerang","floor":18},{"not_picked":["Anger+1","Clothesline+1"],"picked":"Warcry+1","floor":19},{"not_picked":["Berserk","Feed"],"picked":"Impervious","floor":24},{"not_picked":["Impervious","Brutality"],"picked":"Corruption","floor":30},{"not_picked":[],"picked":"Anger+1","floor":35},{"not_picked":["Perfected Strike"],"picked":"SKIP","floor":36},{"not_picked":[],"picked":"Feed","floor":40},{"not_picked":[],"picked":"Demon Form","floor":42},{"not_picked":[],"picked":"Demon Form","floor":45},{"not_picked":[],"picked":"Demon Form","floor":48}],"player_experience":397503,"relics_obtained":[{"floor":7,"key":"Vajra"},{"floor":9,"key":"Pear"},{"floor":10,"key":"Potion Belt"},{"floor":12,"key":"InkBottle"},{"floor":24,"key":"Red Skull"},{"floor":24,"key":"Centennial Puzzle"},{"floor":26,"key":"CeramicFish"},{"floor":29,"key":"Bronze Scales"},{"floor":30,"key":"HornCleat"},{"floor":30,"key":"Magic Flower"},{"floor":31,"key":"Enchiridion"},{"floor":38,"key":"Orichalcum"},{"floor":40,"key":"CaptainsWheel"},{"floor":40,"key":"Blue Candle"},{"floor":42,"key":"Anchor"},{"floor":42,"key":"Whetstone"},{"floor":43,"key":"Strawberry"},{"floor":45,"key":"Girya"},{"floor":45,"key":"Du-Vu Doll"},{"floor":48,"key":"Bag of Marbles"},{"floor":48,"key":"Torii"}],"event_choices":[{"damage_healed":11,"gold_gain":0,"player_choice":"Full Heal","damage_taken":0,"max_hp_gain":0,"max_hp_loss":0,"event_name":"Wheel of Change","floor":5,"gold_loss":0},{"damage_healed":0,"gold_gain":0,"player_choice":"Ignored","damage_taken":0,"max_hp_gain":0,"max_hp_loss":0,"event_name":"Ghosts","floor":21,"gold_loss":0},{"damage_healed":0,"gold_gain":99,"player_choice":"Stole From Cult","damage_taken":0,"max_hp_gain":0,"max_hp_loss":0,"event_name":"Nest","floor":27,"gold_loss":0},{"cards_removed":["Disarm"],"damage_healed":0,"gold_gain":0,"player_choice":"Elegance","damage_taken":0,"max_hp_gain":0,"max_hp_loss":0,"event_name":"Back to Basics","floor":28,"gold_loss":0},{"damage_healed":0,"gold_gain":0,"player_choice":"Obtained Book","damage_taken":16,"max_hp_gain":0,"max_hp_loss":0,"event_name":"Cursed Tome","floor":31,"gold_loss":0},{"damage_healed":0,"gold_gain":0,"player_choice":"Embrace Madness","damage_taken":11,"max_hp_gain":0,"max_hp_loss":0,"event_name":"Winding Halls","floor":37,"gold_loss":0,"cards_obtained":["Madness","Madness"]},{"damage_healed":0,"gold_gain":0,"player_choice":"Damaged","damage_taken":9,"max_hp_gain":0,"max_hp_loss":0,"event_name":"Wheel of Change","floor":39,"gold_loss":0}],"is_beta":false,"boss_relics":[{"not_picked":["SacredBark","Astrolabe"],"picked":"Black Star"},{"not_picked":["Cursed Key","Coffee Dripper"],"picked":"Busted Crown"}],"items_purged_floors":[],"is_endless":false,"potions_floor_spawned":[3,4,7,12,14,18,35,40],"ascension_level":0}}