{"host":"ymmeoa1x24ihslbm","time":1608879354,"event":{"mods":["AchievementEnabler","BaseMod","Colored Map","Colored Powertips","Defuse TimeMaze Blight","Highlight Path","Minty Spire (QoL Compilation)","Permanent Neow","Quick Restart","StSLib","Unceasing Turn Reminder"],"gold_per_floor":[109,284,284,303,83,118,118,118,145,145,171,171,203,215,227,343,355,393,417,429,456,484,496,521,574,586,598,638,650,761,791,803,913,975,1002,1031,1327,1367,1133,1133,1152,1152,1152,234,263,273,273,293,293,293,293],"floor_reached":50,"playtime":2105,"items_purged":["Doubt","Regret","Parasite"],"score":740,"play_id":"55de8e0e-9951-4bad-8915-f6f1086abc9f","local_time":"20201225075554","is_ascension_mode":true,"campfire_choices":[{"data":"WheelKick","floor":7.0,"key":"SMITH"},{"data":"Vigilance","floor":10.0,"key":"SMITH"},{"data":"Conclude","floor":12.0,"key":"SMITH"},{"data":"Defend_P","floor":15.0,"key":"SMITH"},{"data":"Brilliance","floor":23.0,"key":"SMITH"},{"data":"FlurryOfBlows","floor":27.0,"key":"SMITH"},{"data":"Strike_P","floor":29.0,"key":"SMITH"},{"data":"Defend_P","floor":32.0,"key":"SMITH"},{"data":"Strike_P","floor":40.0,"key":"SMITH"},{"floor":42.0,"key":"RECALL"},{"data":"Devotion","floor":47.0,"key":"SMITH"}],"circlet_count":0,"master_deck":["Strike_P+1","Strike_P+1","Strike_P+1","Strike_P+1","Defend_P+1","Defend_P+1","Defend_P+1","Eruption+1","Vigilance+1","WheelKick+1","Conclude+1","FlurryOfBlows+1","Brilliance+1","Protect+1","ForeignInfluence+1","FollowUp+1","DeceiveReality+1","Devotion+1"],"relics":["PureWater","Sling","Ancient Tea Set","CeramicFish","MawBank","Coffee Dripper","MutagenicStrength","Pear","Kunai","Red Mask","Tiny House","Bag of Marbles","Toxic Egg 2","Happy Flower","Melange","Molten Egg 2","Question Card"],"acts_visited":["Exordium","TheCity","TheBeyond"],"potions_floor_usage":[50,50],"damage_taken":[{"damage":0.0,"enemies":"Cultist","floor":1.0,"turns":2.0},{"damage":0.0,"enemies":"2 Louse","floor":4.0,"turns":2.0},{"damage":28.0,"enemies":"Gremlin Nob","floor":6.0,"turns":3.0},{"damage":1.0,"enemies":"Small Slimes","floor":11.0,"turns":3.0},{"damage":18.0,"enemies":"Lagavulin","floor":13.0,"turns":4.0},{"damage":0.0,"enemies":"Slime Boss","floor":16.0,"turns":2.0},{"damage":6.0,"enemies":"2 Thieves","floor":18.0,"turns":2.0},{"damage":0.0,"enemies":"3 Byrds","floor":19.0,"turns":3.0},{"damage":0.0,"enemies":"Centurion and Healer","floor":21.0,"turns":1.0},{"damage":0.0,"enemies":"Snecko","floor":22.0,"turns":1.0},{"damage":9.0,"enemies":"Snake Plant","floor":24.0,"turns":5.0},{"damage":0.0,"enemies":"Book of Stabbing","floor":25.0,"turns":2.0},{"damage":0.0,"enemies":"Masked Bandits","floor":28.0,"turns":2.0},{"damage":0.0,"enemies":"Centurion and Healer","floor":31.0,"turns":1.0},{"damage":0.0,"enemies":"Collector","floor":33.0,"turns":5.0},{"damage":0.0,"enemies":"3 Shapes","floor":35.0,"turns":2.0},{"damage":0.0,"enemies":"Orb Walker","floor":36.0,"turns":3.0},{"damage":61.0,"enemies":"Writhing Mass","floor":38.0,"turns":6.0},{"damage":0.0,"enemies":"Sphere and 2 Shapes","floor":41.0,"turns":3.0},{"damage":0.0,"enemies":"Nemesis","floor":45.0,"turns":5.0},{"damage":0.0,"enemies":"3 Darklings","floor":46.0,"turns":3.0},{"damage":1,"enemies":"Writhing Mass","floor":48,"turns":5},{"damage":5,"enemies":"Donu and Deca","floor":50,"turns":4}],"seed_played":"-8898555755360423317","potions_obtained":[{"floor":4.0,"key":"CultistPotion"},{"floor":6.0,"key":"Weak Potion"},{"floor":16.0,"key":"AttackPotion"},{"floor":21.0,"key":"FearPotion"},{"floor":22.0,"key":"SmokeBomb"},{"floor":28.0,"key":"EssenceOfSteel"},{"floor":33.0,"key":"CultistPotion"},{"floor":34.0,"key":"SpeedPotion"},{"floor":35.0,"key":"Dexterity Potion"},{"floor":46.0,"key":"Swift Potion"},{"floor":48,"key":"Energy Potion"}],"is_trial":false,"path_per_floor":["M","?","?","M","$","E","R","?","T","R","M","R","E","$","R","B",null,"M","M","?","M","M","R","M","E","T","R","?","R","?","M","R","B",null,"M","M","?","M","$","R","M","R","T","$","E","M","R","M","R","B"],"character_chosen":"WATCHER","items_purchased":["Sling","Bag of Marbles","Happy Flower","Melange","Molten Egg 2","FollowUp+1","DeceiveReality+1","Devotion"],"campfire_rested":0,"item_purchase_floors":[5,39,44,44,44,44,44,44],"current_hp_per_floor":[72,72,58,58,58,30,30,30,30,30,29,29,11,11,11,11,72,66,66,66,66,66,66,57,67,67,67,67,67,67,67,67,67,87,87,87,87,26,26,26,26,26,26,26,26,26,26,25,25,20,20],"gold":293,"neow_bonus":"TRANSFORM_CARD","is_daily":false,"chose_seed":false,"campfire_upgraded":10,"win_rate":0.0,"timestamp":1608879354,"path_taken":["M","?","?","M","$","E","R","?","T","R","M","R","E","$","R","BOSS","M","M","?","M","M","R","M","E","T","R","?","R","?","?","R","BOSS","M","M","?","M","$","R","M","R","T","$","E","M","R","M","R","BOSS"],"items_purchased_type":["Relic","Relic","Relic","Relic","Relic","Card","Card","Card"],"build_version":"2020-12-22","purchased_purges":3,"victory":false,"max_hp_per_floor":[72,72,72,72,72,72,72,72,72,72,72,72,72,72,72,72,72,72,72,72,72,72,72,72,82,82,82,82,82,82,82,82,82,87,87,87,87,87,87,87,87,87,87,84,84,84,84,84,84,84,84],"card_choices":[{"not_picked":["Prostrate","ThirdEye","SandsOfTime"],"picked":"SKIP","floor":1.0},{"not_picked":["BattleHymn","Protect","Halt"],"picked":"SKIP","floor":4.0},{"not_picked":["EmptyMind","Indignation"],"picked":"Conclude","floor":6.0},{"not_picked":["ClearTheMind","CrushJoints"],"picked":"FlurryOfBlows","floor":11.0},{"not_picked":["LikeWater","FlurryOfBlows","Adaptation"],"picked":"SKIP","floor":13.0},{"not_picked":["LessonLearned","Vault"],"picked":"Brilliance","floor":16.0},{"not_picked":["CrushJoints","JustLucky"],"picked":"Protect+1","floor":18.0},{"not_picked":["FlyingSleeves","TalkToTheHand","CrushJoints"],"picked":"SKIP","floor":19.0},{"not_picked":["ThirdEye","WaveOfTheHand","SandsOfTime"],"picked":"SKIP","floor":21.0},{"not_picked":["WreathOfFlame","EmptyBody","Study+1"],"picked":"SKIP","floor":22.0},{"not_picked":["ThirdEye","EmptyBody+1","Prostrate"],"picked":"SKIP","floor":24.0},{"not_picked":["Consecrate","PathToVictory"],"picked":"ForeignInfluence+1","floor":25.0},{"not_picked":["Halt","Crescendo+1","Prostrate"],"picked":"SKIP","floor":31.0},{"not_picked":["Collect+1","PathToVictory+1","JustLucky+1"],"picked":"SKIP","floor":35.0},{"not_picked":["SashWhip+1","CutThroughFate+1","Halt+1"],"picked":"SKIP","floor":36.0},{"not_picked":["FlyingSleeves","Perseverance","Halt"],"picked":"SKIP","floor":38.0},{"not_picked":["JustLucky+1","Protect","Evaluate"],"picked":"SKIP","floor":41.0},{"not_picked":["EmptyBody+1","Consecrate+1","Weave+1"],"picked":"SKIP","floor":45.0},{"not_picked":["EmptyBody+1","Consecrate+1","Weave+1"],"picked":"SKIP","floor":45.0},{"not_picked":["ThirdEye+1","Halt+1","CarveReality+1","ClearTheMind+1"],"picked":"SKIP","floor":46.0},{"not_picked":["ThirdEye+1","Halt+1","CarveReality+1","ClearTheMind+1"],"picked":"SKIP","floor":46.0},{"not_picked":["SashWhip+1","TalkToTheHand+1","Weave+1","Crescendo+1"],"picked":"SKIP","floor":48}],"player_experience":597391,"relics_obtained":[{"floor":6.0,"key":"Ancient Tea Set"},{"floor":9.0,"key":"CeramicFish"},{"floor":13.0,"key":"MawBank"},{"floor":25.0,"key":"Pear"},{"floor":26.0,"key":"Kunai"},{"floor":28.0,"key":"Red Mask"},{"floor":43.0,"key":"Toxic Egg 2"},{"floor":45.0,"key":"Question Card"}],"event_choices":[{"damage_healed":0.0,"max_hp_gain":0.0,"max_hp_loss":0.0,"gold_gain":175.0,"event_name":"Liars Game","player_choice":"AGREE","floor":2.0,"gold_loss":0.0,"damage_taken":0.0,"cards_obtained":["Doubt"]},{"damage_healed":0.0,"max_hp_gain":0.0,"max_hp_loss":0.0,"gold_gain":0.0,"event_name":"Shining Light","player_choice":"Entered Light","floor":3.0,"gold_loss":0.0,"damage_taken":14.0,"cards_upgraded":["Strike_P","Strike_P"]},{"damage_healed":0.0,"max_hp_gain":0.0,"max_hp_loss":0.0,"gold_gain":0.0,"event_name":"Living Wall","player_choice":"Grow","floor":8.0,"gold_loss":0.0,"damage_taken":0.0,"cards_upgraded":["Eruption"]},{"damage_healed":0.0,"max_hp_gain":0.0,"max_hp_loss":0.0,"gold_gain":0.0,"event_name":"Drug Dealer","player_choice":"Inject Mutagens","floor":20.0,"gold_loss":0.0,"damage_taken":0.0,"relics_obtained":["MutagenicStrength"]},{"damage_healed":0.0,"max_hp_gain":0.0,"max_hp_loss":0.0,"gold_gain":0.0,"event_name":"Masked Bandits","player_choice":"Fought Bandits","floor":28.0,"gold_loss":0.0,"damage_taken":0.0},{"damage_healed":0.0,"max_hp_gain":0.0,"max_hp_loss":0.0,"gold_gain":99.0,"event_name":"Nest","player_choice":"Stole From Cult","floor":30.0,"gold_loss":0.0,"damage_taken":0.0},{"damage_healed":0.0,"max_hp_gain":0.0,"max_hp_loss":0.0,"gold_gain":275.0,"event_name":"Golden Shrine","player_choice":"Desecrate","floor":37.0,"gold_loss":0.0,"damage_taken":0.0,"cards_obtained":["Regret"]}],"is_beta":false,"boss_relics":[{"not_picked":["Ectoplasm","Calling Bell"],"picked":"Coffee Dripper"},{"not_picked":["Busted Crown","Snecko Eye"],"picked":"Tiny House"}],"items_purged_floors":[5,39,44],"is_endless":false,"potions_floor_spawned":[4,6,16,21,22,28,33,35,46,48],"killed_by":"Donu and Deca","ascension_level":2}}