{"host":"yb1yv0i4ygq2c9jc","time":1608913512,"event":{"mods":["2.2 Compatiblity","AchievementEnabler","Act Like it!","Alarm Clock","Aspiration","BaseMod","Bestiary","Better Altar","Better Match","Better Note","Better Sensory Stone","Better Skull","Better Third Choice","CCEM","CapriCore","ChefMod","Colored Powertips","Displayed Cursed Tome","Elementarium","Energized Spire","Fiend Mod","GifTheSpireLib","Hermit","Infinite Spire","JesterMod","Luminous","Magitek Elite","Marisa????????","Marked Mod","Mimic Mod","Minty Spire (QoL Compilation)","Pale of the Ancients","Puzzle Mod","Rare Cards Sparkle","Relic Stats","Remilia??????","Replay The Spire","Robot Space Explorer","SOS???????","Shade Mod","Slumbering Mod","Spicy Shops","StSLib","The Animator","The Clintock","The Dragon Tamer","The Edgeheg","The Elementalist","The Forsaken","The Hayseed","The Immortal","The Marked","The Necromancer","The Problem Sleuth","The Runesmith","The Senshi","The Servant 0.9.4","TheArtist","TheBandit","TheFirefly","TheVacant","Thieving Mod","Wandering Minibosses"],"gold_per_floor":[109,109,109,109,109,129,148,148,179,179,179,189,236,236,236,246,246,348,348,367,378,378,378,49,49,64,64,64,94,111,129,129,149,149],"floor_reached":33,"playtime":2516,"items_purged":["clintock:ClintockStrike"],"score":269,"play_id":"7fd179f1-b283-47a1-b610-1a23e0c7b102","local_time":"20201225082512","is_ascension_mode":false,"campfire_choices":[{"data":"clintock:Fluorescein","floor":8.0,"key":"SMITH"},{"data":"clintock:BaseSynthesis","floor":10.0,"key":"SMITH"},{"data":"clintock:DegradedPrimer","floor":15.0,"key":"SMITH"},{"data":"clintock:SinsheimerT3","floor":25.0,"key":"SMITH"},{"data":"Elementarium:VoidblessedBlade","floor":27.0,"key":"SMITH"}],"circlet_count":0,"master_deck":["clintock:ClintockDefend","clintock:ClintockDefend","clintock:ClintockDefend","clintock:ClintockDefend","clintock:BaseSynthesis+1","clintock:Replenish","clintock:Eureka","Decay","clintock:DegradedPrimer+1","clintock:Fluorescein+1","clintock:Deoxyadenosine","clintock:DCMP","clintock:MineAndDine+1","clintock:BruteForce","clintock:SinsheimerT3+1","clintock:Deoxyadenosine+1","clintock:Efflux+1","clintock:BruteForce+1","Elementarium:VoidblessedBlade+1","clintock:Fluorescein+1","clintock:Eureka","Apotheosis+1","Swift Strike+1"],"relics":["clintock:BiomoleculePool","Guard_Bracelet","Eternal Feather","Astrolabe","theSenshi:SuperSailorFukuRelic","Replay:WaspNest","CCEMRelics:FestiveHat"],"acts_visited":["Exordium","Exordium"],"potions_floor_usage":[],"damage_taken":[{"damage":6.0,"enemies":"Jaw Worm","floor":1.0,"turns":5.0},{"damage":2.0,"enemies":"2 Louse","floor":6.0,"turns":4.0},{"damage":2.0,"enemies":"Cultist","floor":7.0,"turns":5.0},{"damage":25.0,"enemies":"3 Sentries","floor":9.0,"turns":7.0},{"damage":3.0,"enemies":"Looter","floor":12.0,"turns":4.0},{"damage":17.0,"enemies":"Red Slaver","floor":13.0,"turns":8.0},{"damage":5.0,"enemies":"Gremlin Gang","floor":16.0,"turns":5.0},{"damage":28.0,"enemies":"Hexaghost","floor":18.0,"turns":15.0},{"damage":13.0,"enemies":"Elementarium:2_ELEMENTALS","floor":20.0,"turns":5.0},{"damage":16.0,"enemies":"Elementarium:VoidCorruption","floor":21.0,"turns":12.0},{"damage":0.0,"enemies":"Elementarium:VoidBeast","floor":26.0,"turns":8.0},{"damage":12.0,"enemies":"Elementarium:FIRE_NOBILITY","floor":29.0,"turns":25.0},{"damage":0.0,"enemies":"Elementarium:CYCLONE_AND_ORB_OF_FIRE","floor":30.0,"turns":10.0},{"damage":0.0,"enemies":"Elementarium:RubyGolem","floor":31.0,"turns":6.0},{"damage":0,"enemies":"Elementarium:STONE_GOLEMS","floor":33,"turns":11}],"seed_played":"7589558704862674118","potions_obtained":[{"floor":1.0,"key":"Dexterity Potion"},{"floor":12.0,"key":"Block Potion"},{"floor":16.0,"key":"FearPotion"},{"floor":17.0,"key":"SteroidPotion"},{"floor":17.0,"key":"AttackPotion"},{"floor":20.0,"key":"SpeedPotion"},{"floor":29.0,"key":"SkillPotion"},{"floor":30.0,"key":"Strength Potion"}],"is_trial":false,"path_per_floor":["M","?","PTL","PTL","?","M","M","R","E","R","T","M","M","?","R","M","R","B",null,"M","M","?","?","$","R","M","R","T","E","M","M","$","M"],"character_chosen":"CLINTOCK_CLASS","items_purchased":["theSenshi:SuperSailorFukuRelic"],"campfire_rested":0,"item_purchase_floors":[24],"current_hp_per_floor":[82,79,79,79,79,77,75,75,50,59,59,56,39,39,48,43,52,24,88,75,59,59,59,59,68,68,80,80,88,88,88,88,88,88],"gold":149,"neow_bonus":"TEN_PERCENT_HP_BONUS","is_daily":false,"chose_seed":false,"campfire_upgraded":5,"win_rate":0.0,"timestamp":1608913512,"path_taken":["M","?","PTL","PTL","?","M","M","R","E","R","T","?","M","?","R","?","R","BOSS","M","M","?","?","?","R","?","R","T","E","?","M","$","M"],"items_purchased_type":["Relic"],"build_version":"2020-12-22","purchased_purges":1,"victory":false,"max_hp_per_floor":[88,88,88,88,88,88,88,88,88,88,88,88,88,88,88,88,88,88,88,88,88,88,88,88,88,88,88,88,88,88,88,88,88,88],"relic_stats":{"counters":[15,130],"Astrolabe":["clintock:Deoxyadenosine","clintock:Efflux","clintock:BruteForce"],"Eternal Feather":48,"obtain_stats":[{"theSenshi:SuperSailorFukuRelic":24,"clintock:BiomoleculePool":0,"CCEMRelics:FestiveHat":29,"Astrolabe":19,"Eternal Feather":9,"Replay:WaspNest":28,"Guard_Bracelet":2},{"theSenshi:SuperSailorFukuRelic":10,"clintock:BiomoleculePool":0,"CCEMRelics:FestiveHat":12,"Astrolabe":8,"Eternal Feather":4,"Replay:WaspNest":11,"Guard_Bracelet":1},{"theSenshi:SuperSailorFukuRelic":70,"clintock:BiomoleculePool":0,"CCEMRelics:FestiveHat":103,"Astrolabe":53,"Eternal Feather":21,"Replay:WaspNest":78,"Guard_Bracelet":5}]},"card_choices":[{"not_picked":["clintock:VectorFlow","clintock:Jab"],"picked":"clintock:Eureka","floor":1.0},{"not_picked":["clintock:Eureka","clintock:Interrupt"],"picked":"clintock:DegradedPrimer","floor":6.0},{"not_picked":["clintock:VectorFlow","clintock:MineAndDine"],"picked":"clintock:Fluorescein","floor":7.0},{"not_picked":["clintock:Excavate","clintock:Alkylation"],"picked":"clintock:Deoxyadenosine","floor":9.0},{"not_picked":["clintock:GeneticsLab","clintock:EnergyDrink"],"picked":"clintock:DCMP","floor":12.0},{"not_picked":["clintock:Epidemic","clintock:Efflux"],"picked":"clintock:MineAndDine","floor":13.0},{"not_picked":["clintock:Recombination","clintock:SampleSwap"],"picked":"clintock:BruteForce","floor":16.0},{"not_picked":["clintock:GeneAmplification","clintock:SuperSeqX1"],"picked":"clintock:SinsheimerT3","floor":18.0},{"not_picked":["clintock:Immunodeficiency","clintock:GeneticPollution","clintock:Epidemic+1"],"picked":"SKIP","floor":20.0},{"not_picked":["clintock:ImpulsiveShot","clintock:ATPReserves","clintock:VectorFlow+1"],"picked":"SKIP","floor":21.0},{"not_picked":["clintock:Epidemic","clintock:Excavate"],"picked":"clintock:Fluorescein+1","floor":26.0},{"not_picked":["clintock:DegradedPrimer+1","clintock:Efflux+1","clintock:ATPReserves"],"picked":"SKIP","floor":29.0},{"not_picked":["clintock:PurineMetabolism","clintock:SuperSeqX1"],"picked":"clintock:Eureka","floor":30.0},{"not_picked":["Impatience+1","Deep Breath+1","theSlumbering:BombToss+1"],"picked":"SKIP","floor":30.0},{"not_picked":["Enlightenment+1","Dramatic Entrance+1"],"picked":"Apotheosis+1","floor":31.0},{"not_picked":["clintock:Excavate","clintock:ATPReserves","clintock:Polymerize"],"picked":"SKIP","floor":31.0},{"not_picked":["Transmutation+1","Apotheosis+1"],"picked":"Swift Strike+1","floor":33}],"player_experience":484762,"relics_obtained":[{"floor":9.0,"key":"Eternal Feather"},{"floor":28.0,"key":"Replay:WaspNest"},{"floor":29.0,"key":"CCEMRelics:FestiveHat"}],"event_choices":[{"damage_healed":0.0,"max_hp_gain":0.0,"max_hp_loss":0.0,"gold_gain":0.0,"event_name":"Wheel of Change","player_choice":"Cursed","floor":5.0,"gold_loss":0.0,"damage_taken":0.0,"cards_obtained":["Decay"]},{"damage_healed":0.0,"max_hp_gain":0.0,"max_hp_loss":0.0,"gold_gain":0.0,"event_name":"Upgrade Shrine","player_choice":"Upgraded","floor":14.0,"gold_loss":0.0,"damage_taken":0.0,"cards_upgraded":["clintock:MineAndDine"]},{"damage_healed":0.0,"max_hp_gain":0.0,"max_hp_loss":0.0,"gold_gain":0.0,"event_name":"Lab","player_choice":"Got Potions","floor":17.0,"gold_loss":0.0,"damage_taken":0.0},{"damage_healed":0.0,"max_hp_gain":0.0,"max_hp_loss":0.0,"gold_gain":0.0,"event_name":"Elementarium:BladeSeller","player_choice":"Take","floor":22.0,"gold_loss":0.0,"damage_taken":0.0,"cards_obtained":["Elementarium:VoidblessedBlade"]},{"damage_healed":0.0,"max_hp_gain":0.0,"max_hp_loss":0.0,"gold_gain":0.0,"event_name":"Elementarium:ElementalBlades","player_choice":"Ignored","floor":23.0,"gold_loss":0.0,"damage_taken":0.0}],"is_beta":false,"boss_relics":[{"not_picked":["Sozu","Honey Jar"],"picked":"Astrolabe"}],"items_purged_floors":[24],"is_endless":false,"potions_floor_spawned":[1,12,16,18,20,29,30],"killed_by":"Elementarium:STONE_GOLEMS","ascension_level":0}}