{"host":"0jlfan32iuvwyrwn","time":1608864872,"event":{"mods":["BaseMod","Colored Map","Downfall","Googly Eyes","Minty Spire (QoL Compilation)","StSLib"],"gold_per_floor":[99,115,215,215,232,232,259,359,371,399,399,413,413,563,583,683,683,683,694,705,396,408,441,468,568,568,493,525,181,181,193,210,210,210,210],"floor_reached":33,"playtime":1835,"items_purged":["Slimebound:Icky"],"score":378,"play_id":"3b96b60c-6bad-4894-ae1a-a63293c10e75","local_time":"20201224215432","is_ascension_mode":true,"campfire_choices":[{"data":"champ:Taunt","floor":1,"key":"SMITH"},{"data":"champ:PreciseThrust","floor":6,"key":"SMITH"},{"data":"champ:PreciseThrust","floor":11,"key":"SMITH"},{"floor":13,"key":"REST"},{"data":"champ:StrikeOfGenius","floor":18,"key":"SMITH"},{"floor":27,"key":"REST"}],"circlet_count":0,"master_deck":["champ:Strike","champ:Defend","champ:Defend","champ:Defend","champ:Execute","champ:Taunt+1","champ:GladiatorsShout+1","champ:Devastate+1","champ:SteelEdge+1","champ:PreciseThrust+1","champ:FaceSlap","champ:PreciseThrust+1","champ:ArenaPreparation","champ:Shatter","champ:Balance","champ:StrikeOfGenius+1","champ:RageSigil+1","champ:CheapShot","champ:FaceSlap+1","champ:BladeFlurry+1","champ:Haymaker","champ:Shatter","expansioncontent:DonusPower","champ:BladeFlurry"],"relics":["Astrolabe","Potion Belt","White Beast Statue","Strawberry","Philosopher\u0027s Stone","Darkstone Periapt","Eternal Feather","champ:BlackKnightHelmet","downfall:RedIOU","downfall:HeartBlessingBlue","Bag of Marbles","Lantern","ClockworkSouvenir","champ:FightingForDummies","CultistMask"],"acts_visited":["Exordium","TheCity"],"potions_floor_usage":[8,10,10,10,10,10,10,12,16,16,16,16,16,21,22,23,28,29,29,29,31,32,33,33,33],"damage_taken":[{"damage":10,"enemies":"2 Louse","floor":2,"turns":3},{"damage":16,"enemies":"Cultist","floor":5,"turns":5},{"damage":36,"enemies":"downfall:LadyInBlue","floor":8,"turns":11},{"damage":0,"enemies":"Small Slimes","floor":9,"turns":4},{"damage":35,"enemies":"Gremlin Nob","floor":10,"turns":4},{"damage":13,"enemies":"3 Louse","floor":12,"turns":3},{"damage":8,"enemies":"Exordium Wildlife","floor":15,"turns":5},{"damage":45,"enemies":"downfall:Silent","floor":16,"turns":9},{"damage":22,"enemies":"Shell Parasite","floor":19,"turns":5},{"damage":36,"enemies":"3 Byrds","floor":20,"turns":5},{"damage":9,"enemies":"downfall:FleeingMerchant","floor":21,"turns":4},{"damage":17,"enemies":"Snecko","floor":22,"turns":4},{"damage":54,"enemies":"Gremlin Leader","floor":23,"turns":5},{"damage":19,"enemies":"Gremlin Leader","floor":25,"turns":7},{"damage":42,"enemies":"Slavers","floor":28,"turns":6},{"damage":15,"enemies":"downfall:FleeingMerchant","floor":29,"turns":3},{"damage":0,"enemies":"Shelled Parasite and Fungi","floor":31,"turns":4},{"damage":0,"enemies":"Sentry and Sphere","floor":32,"turns":2},{"damage":58,"enemies":"downfall:Watcher","floor":33,"turns":4}],"seed_played":"8641474568613817618","potions_obtained":[{"floor":2,"key":"Explosive Potion"},{"floor":5,"key":"Block Potion"},{"floor":8,"key":"EntropicBrew"},{"floor":8,"key":"Guardian:BlockOnCardUsePotion"},{"floor":8,"key":"sneckomod:MuddlingPotion"},{"floor":9,"key":"Swift Potion"},{"floor":10,"key":"FearPotion"},{"floor":12,"key":"champ:CounterPotion"},{"floor":16,"key":"FairyPotion"},{"floor":19,"key":"champ:CounterPotion"},{"floor":20,"key":"BlessingOfTheForge"},{"floor":21,"key":"Strength Potion"},{"floor":22,"key":"EssenceOfSteel"},{"floor":23,"key":"Swift Potion"},{"floor":25,"key":"Fire Potion"},{"floor":28,"key":"champ:CounterPotion"},{"floor":29,"key":"champ:UltimateStancePotion"},{"floor":31,"key":"PowerPotion"},{"floor":32,"key":"Ancient Potion"}],"is_trial":false,"path_per_floor":["R","M","?","?","M","R","T","?","M","E","R","M","R","?","M","B",null,"R","M","M","$","M","E","T","?","?","R","E","$","?","M","M","B"],"character_chosen":"THE_CHAMP","items_purchased":["LiquidBronze","Orichalcum","expansioncontent:DonusPower","Lantern","ClockworkSouvenir","champ:FightingForDummies","Regen Potion","PowerPotion"],"campfire_rested":2,"item_purchase_floors":[21,21,29,29,29,29,29,29],"current_hp_per_floor":[90,80,80,80,64,64,64,43,43,35,35,27,56,56,53,18,97,97,80,49,49,37,34,34,20,20,74,37,27,27,39,39,0,0,0],"gold":210,"neow_bonus":"BOSS_RELIC","is_daily":false,"chose_seed":false,"campfire_upgraded":4,"win_rate":0.0,"timestamp":1608864872,"path_taken":["R","M","?","?","M","R","T","?","M","E","R","?","R","?","M","BOSS","R","M","M","$","M","E","T","?","?","R","E","$","?","?","M","BOSS"],"items_purchased_type":["Potion","Relic","Card","Relic","Relic","Relic","Potion","Potion"],"build_version":"2020-12-22","purchased_purges":1,"victory":false,"max_hp_per_floor":[90,90,90,90,90,90,90,90,90,97,97,97,97,97,97,97,97,97,97,97,97,97,97,97,97,97,107,107,107,107,107,107,107,107,107],"card_choices":[{"not_picked":["champ:ShieldSigil","champ:DefensiveShout"],"picked":"champ:PreciseThrust","floor":2},{"not_picked":["champ:FocusedDefense","champ:Backstep"],"picked":"champ:FaceSlap","floor":5},{"not_picked":["champ:BerserkerStyle","champ:SkillfulDodge"],"picked":"champ:PreciseThrust","floor":8},{"not_picked":["champ:RisingSlash","champ:BerserkerStyle"],"picked":"champ:ArenaPreparation","floor":9},{"not_picked":["champ:FocusedGladiator","champ:PreciseThrust"],"picked":"champ:Shatter","floor":10},{"not_picked":["champ:Backstep","champ:PerfectedStrike","champ:FlashCut"],"picked":"SKIP","floor":12},{"not_picked":["champ:Backstep","champ:StanceDance"],"picked":"champ:Balance","floor":15},{"not_picked":["champ:PerfectForm","champ:CheapShot"],"picked":"champ:StrikeOfGenius","floor":16},{"not_picked":["champ:CrookedStrike","champ:RecklessLeap"],"picked":"champ:RageSigil+1","floor":19},{"not_picked":["champ:ShieldSigil","champ:IronFortress","champ:CrookedStrike+1"],"picked":"SKIP","floor":20},{"not_picked":["champ:CrookedStrike","champ:ArenaPreparation"],"picked":"champ:CheapShot","floor":21},{"not_picked":["champ:PerfectedStrike","champ:ShieldSigil"],"picked":"champ:FaceSlap+1","floor":22},{"not_picked":["champ:DefensiveShout","champ:FocusedGladiator+1"],"picked":"champ:BladeFlurry+1","floor":23},{"not_picked":["champ:DefensiveShout","champ:Circumvent"],"picked":"champ:Haymaker","floor":25},{"not_picked":["champ:EnGarde+1","champ:ShieldSigil","champ:FocusedBerserking"],"picked":"SKIP","floor":28},{"not_picked":["champ:GutPunch","champ:CheapShot"],"picked":"champ:Shatter","floor":29},{"not_picked":["champ:Haymaker","champ:GladiatorsShout"],"picked":"champ:BladeFlurry","floor":31},{"not_picked":["champ:Encircle","champ:BerserkersShout","champ:CrookedStrike+1"],"picked":"SKIP","floor":32}],"player_experience":265824,"relics_obtained":[{"floor":7,"key":"Potion Belt"},{"floor":8,"key":"White Beast Statue"},{"floor":10,"key":"Strawberry"},{"floor":23,"key":"Darkstone Periapt"},{"floor":25,"key":"Eternal Feather"},{"floor":25,"key":"champ:BlackKnightHelmet"},{"floor":28,"key":"Bag of Marbles"}],"event_choices":[{"damage_healed":0,"gold_gain":0,"player_choice":"Trade","damage_taken":0,"relics_obtained":["CultistMask"],"max_hp_gain":0,"max_hp_loss":0,"event_name":"FaceTrader","floor":30,"gold_loss":0}],"is_beta":false,"boss_relics":[{"not_picked":["SlaversCollar","Velvet Choker"],"picked":"Philosopher\u0027s Stone"}],"items_purged_floors":[21],"is_endless":false,"potions_floor_spawned":[2,5,9,10,12,15,16,19,20,21,22,23,25,28,29,31,32],"killed_by":"downfall:Watcher","ascension_level":3}}