{"host":"wna8kqr6yweggo4i","time":1608875428,"event":{"mods":["BaseMod","Colored Powertips","Hermit","Hubris","Marisa????????","Minty Spire (QoL Compilation)","StSLib"],"gold_per_floor":[113,113,113,132,145,171,188,188,215,228,228,7,17,17,17,120,120,132,142,96,112,124,152,152,162,185,185,185,38,38,70,70,173,173,190,190,190,203,203,238,238,256,326,34,49,49,99,99,99,99,99],"floor_reached":50,"playtime":1283,"items_purged":[],"score":560,"play_id":"770c6c52-bd3e-4463-bd32-e20e0ccc8bb9","local_time":"20201224235028","is_ascension_mode":false,"campfire_choices":[{"floor":8,"key":"REST"},{"data":"Flex","floor":15,"key":"SMITH"},{"floor":24,"key":"REST"},{"floor":28,"key":"REST"},{"data":"Armaments","floor":32,"key":"SMITH"},{"floor":41,"key":"REST"},{"floor":49,"key":"REST"}],"circlet_count":0,"master_deck":["Strike_R","Strike_R+1","Strike_R+1","Strike_R","Strike_R","Defend_R","Defend_R+1","Defend_R","Defend_R","Bash+1","Sword Boomerang","Pommel Strike","Seeing Red+1","Uppercut","Flex+1","Inflame+1","Dropkick","Body Slam","Bludgeon","Shrug It Off","Disarm+1","Armaments+1","Thunderclap+1","Intimidate","Infernal Blade","Flex","Flex","Bloodletting+1","Dropkick+1","Immolate","Madness","Madness","Metallicize","Shockwave+1","Limit Break","Limit Break","Seeing Red+1"],"relics":["Burning Blood","Bag of Marbles","Tiny Chest","Dream Catcher","Bag of Preparation","hubris:MysteriousPyramids","Philosopher\u0027s Stone","Potion Belt","PreservedInsect","War Paint","Whetstone","Vajra","Mark of Pain","hubris:Towel","Mummified Hand","Juzu Bracelet","Paper Frog","StoneCalendar","Calipers"],"acts_visited":["Exordium","TheCity","TheBeyond"],"potions_floor_usage":[7,42,47,47,50,50],"damage_taken":[{"damage":6,"enemies":"Jaw Worm","floor":1,"turns":3},{"damage":0,"enemies":"Small Slimes","floor":4,"turns":2},{"damage":6,"enemies":"2 Louse","floor":5,"turns":2},{"damage":43,"enemies":"3 Sentries","floor":6,"turns":8},{"damage":7,"enemies":"Gremlin Gang","floor":7,"turns":4},{"damage":10,"enemies":"Looter","floor":10,"turns":2},{"damage":12,"enemies":"Exordium Wildlife","floor":13,"turns":3},{"damage":32,"enemies":"Slime Boss","floor":16,"turns":7},{"damage":1,"enemies":"Spheric Guardian","floor":18,"turns":3},{"damage":8,"enemies":"Chosen","floor":19,"turns":2},{"damage":22,"enemies":"Centurion and Healer","floor":21,"turns":3},{"damage":15,"enemies":"Snake Plant","floor":22,"turns":3},{"damage":36,"enemies":"Slavers","floor":23,"turns":5},{"damage":3,"enemies":"Cultist and Chosen","floor":25,"turns":3},{"damage":0,"enemies":"Gremlin Leader","floor":31,"turns":2},{"damage":59,"enemies":"hubris:MusketHawk","floor":33,"turns":8},{"damage":16,"enemies":"Orb Walker","floor":35,"turns":2},{"damage":24,"enemies":"3 Shapes","floor":38,"turns":3},{"damage":22,"enemies":"Reptomancer","floor":40,"turns":4},{"damage":3,"enemies":"3 Darklings","floor":42,"turns":3},{"damage":7,"enemies":"Transient","floor":45,"turns":5},{"damage":43,"enemies":"2 Orb Walkers","floor":47,"turns":5},{"damage":79,"enemies":"Awakened One","floor":50,"turns":8}],"seed_played":"-7929466779511861412","potions_obtained":[{"floor":4,"key":"ElixirPotion"},{"floor":5,"key":"Block Potion"},{"floor":7,"key":"SneckoOil"},{"floor":13,"key":"BlessingOfTheForge"},{"floor":25,"key":"SteroidPotion"},{"floor":31,"key":"CultistPotion"},{"floor":40,"key":"SkillPotion"},{"floor":42,"key":"Regen Potion"}],"is_trial":false,"path_per_floor":["M","?","?","M","M","E","M","R","T","M","?","$","M","T","R","B",null,"M","M","$","M","M","E","R","M","T","T","R","$","?","E","R","B",null,"M","?","?","M","T","E","R","M","T","$","M","$","?","?","R","B"],"character_chosen":"IRONCLAD","items_purchased":["Dropkick","Bag of Preparation","Armaments","Whetstone","StoneCalendar"],"campfire_rested":5,"item_purchase_floors":[12,12,20,29,44],"current_hp_per_floor":[80,80,80,80,80,43,42,66,66,62,46,46,40,40,40,14,80,80,78,78,62,53,23,47,50,50,50,74,74,74,80,80,27,80,70,70,60,42,42,26,50,53,53,53,52,52,27,27,51,0,0],"gold":99,"neow_bonus":"RANDOM_COMMON_RELIC","is_daily":false,"chose_seed":false,"campfire_upgraded":2,"win_rate":0.0,"timestamp":1608875428,"path_taken":["M","?","?","M","M","E","M","R","T","M","?","$","M","?","R","BOSS","M","M","$","?","M","E","R","M","T","?","R","$","?","E","R","BOSS","M","?","?","M","?","E","R","M","T","?","M","$","?","?","R","BOSS"],"items_purchased_type":["Card","Relic","Card","Relic","Relic"],"build_version":"2020-12-22","purchased_purges":0,"victory":false,"max_hp_per_floor":[80,80,80,80,80,80,80,80,80,80,80,80,80,80,80,80,80,80,80,80,80,80,80,80,80,80,80,80,80,80,80,80,80,80,80,80,80,80,80,80,80,80,80,80,80,80,80,80,80,80,80],"card_choices":[{"not_picked":["Havoc","Clothesline"],"picked":"Sword Boomerang","floor":1},{"not_picked":["True Grit","Wild Strike"],"picked":"Pommel Strike","floor":4},{"not_picked":["Dark Embrace","Disarm"],"picked":"Seeing Red","floor":5},{"not_picked":["Hemokinesis","Body Slam"],"picked":"Uppercut","floor":6},{"not_picked":["Feel No Pain","Clash"],"picked":"Flex","floor":7},{"not_picked":["Hemokinesis","Perfected Strike"],"picked":"Inflame","floor":10},{"not_picked":["Fiend Fire","Blood for Blood"],"picked":"Body Slam","floor":13},{"not_picked":["Impervious","Fiend Fire"],"picked":"Bludgeon","floor":16},{"not_picked":["hubris:ReadiedAction","Metallicize+1"],"picked":"Shrug It Off","floor":18},{"not_picked":["Body Slam","hubris:ReadiedAction"],"picked":"Disarm+1","floor":19},{"not_picked":["Headbutt","Wild Strike"],"picked":"Thunderclap+1","floor":21},{"not_picked":["hubris:CleavingFinish","Dark Embrace+1"],"picked":"Intimidate","floor":22},{"not_picked":["Dark Embrace","Sword Boomerang"],"picked":"Infernal Blade","floor":23},{"not_picked":["Headbutt+1","hubris:CleavingFinish"],"picked":"Flex","floor":24},{"not_picked":["Heavy Blade","Cleave+1"],"picked":"Flex","floor":25},{"not_picked":["hubris:SharpeningStone","Havoc"],"picked":"Bloodletting+1","floor":28},{"not_picked":["Twin Strike","Reaper"],"picked":"Dropkick+1","floor":31},{"not_picked":["Fiend Fire","Exhume"],"picked":"Immolate","floor":33},{"not_picked":["Heavy Blade","Clothesline+1","hubris:CleavingFinish+1"],"picked":"SKIP","floor":35},{"not_picked":["Wild Strike","Fire Breathing"],"picked":"Metallicize","floor":38},{"not_picked":["Feel No Pain+1","Seeing Red"],"picked":"Shockwave+1","floor":40},{"not_picked":["True Grit+1","Anger","Wild Strike"],"picked":"SKIP","floor":42},{"not_picked":["Body Slam","Iron Wave+1"],"picked":"Limit Break","floor":45},{"not_picked":["Rage","Infernal Blade"],"picked":"Seeing Red+1","floor":49}],"player_experience":378941,"relics_obtained":[{"floor":6,"key":"Tiny Chest"},{"floor":9,"key":"Dream Catcher"},{"floor":14,"key":"hubris:MysteriousPyramids"},{"floor":23,"key":"Potion Belt"},{"floor":26,"key":"PreservedInsect"},{"floor":27,"key":"War Paint"},{"floor":31,"key":"Vajra"},{"floor":39,"key":"Mummified Hand"},{"floor":40,"key":"Juzu Bracelet"},{"floor":43,"key":"Paper Frog"},{"floor":47,"key":"Calipers"}],"event_choices":[{"damage_healed":0,"gold_gain":0,"player_choice":"Ignored","damage_taken":0,"max_hp_gain":0,"max_hp_loss":0,"event_name":"Golden Wing","floor":2,"gold_loss":0},{"damage_healed":0,"gold_gain":0,"player_choice":"Leave","damage_taken":0,"max_hp_gain":0,"max_hp_loss":0,"event_name":"The Cleric","floor":3,"gold_loss":0},{"damage_healed":0,"gold_gain":0,"player_choice":"Entered Light","damage_taken":16,"max_hp_gain":0,"max_hp_loss":0,"event_name":"Shining Light","floor":11,"gold_loss":0,"cards_upgraded":["Bash","Inflame"]},{"damage_healed":0,"gold_gain":0,"player_choice":"Embrace Madness","damage_taken":10,"max_hp_gain":0,"max_hp_loss":0,"event_name":"Winding Halls","floor":37,"gold_loss":0,"cards_obtained":["Madness","Madness"]},{"damage_healed":0,"gold_gain":0,"player_choice":"Fight","damage_taken":0,"max_hp_gain":0,"max_hp_loss":0,"event_name":"Mysterious Sphere","floor":47,"gold_loss":0},{"damage_healed":0,"gold_gain":0,"player_choice":"Copied","damage_taken":0,"max_hp_gain":0,"max_hp_loss":0,"event_name":"Duplicator","floor":48,"gold_loss":0,"cards_obtained":["Limit Break"]}],"is_beta":false,"boss_relics":[{"not_picked":["Black Star","hubris:Backtick"],"picked":"Philosopher\u0027s Stone"},{"not_picked":["Coffee Dripper","Black Blood"],"picked":"Mark of Pain"}],"items_purged_floors":[],"is_endless":false,"potions_floor_spawned":[4,5,7,13,25,31,40,42,45,47],"killed_by":"Awakened One","ascension_level":0}}