{"host":"qwv9nni2x0umspiu","time":1608864223,"event":{"mods":["BaseMod","Downfall","Minty Spire (QoL Compilation)","Replay The Spire","StSLib","The Hierophant","Wandering Minibosses"],"gold_per_floor":[116,116,116,116,127,127,43,43,73,73,73,89,108,122,122,113,113,140,140,157,247,23,34,25,36,36,36,36,45,45,45,56,49,49,86,86,103,103,110,122,147,147,137,169,169,215,215,215,140,155,155,95,65],"floor_reached":54,"playtime":3066,"items_purged":["hierophant:Strike_Hierophant"],"score":2505,"play_id":"efaee7f3-cfca-428a-b928-88745c420c87","local_time":"20201224184343","is_ascension_mode":true,"campfire_choices":[{"data":"hierophant:ChurchCoffers","floor":8,"key":"SMITH"},{"data":"hierophant:Punish","floor":10,"key":"SMITH"},{"data":"hierophant:Alms","floor":15,"key":"SMITH"},{"data":"hierophant:Zeal","floor":17,"key":"SMITH"},{"data":"hierophant:HammerAndAnvil","floor":26,"key":"SMITH"},{"data":"hierophant:Alms","floor":30,"key":"SMITH"},{"data":"hierophant:Community","floor":34,"key":"SMITH"},{"data":"hierophant:DivineIntervention","floor":42,"key":"SMITH"},{"data":"hierophant:Shelter","floor":48,"key":"SMITH"}],"circlet_count":0,"master_deck":["AscendersBane","hierophant:Strike_Hierophant","hierophant:Strike_Hierophant","hierophant:Strike_Hierophant","hierophant:Punish+1","hierophant:Defend_Hierophant","hierophant:Defend_Hierophant","hierophant:Defend_Hierophant","hierophant:ChurchCoffers+1","hierophant:Smite+1","hierophant:Community+1","hierophant:Zeal+1","hierophant:Alms+1","hierophant:Shelter+1","hierophant:Alms+1","hierophant:HammerAndAnvil+1","hierophant:Alms+1","hierophant:Racketeering","hierophant:SealAway+1","hierophant:ChurchCoffers+1","hierophant:DivineIntervention+1","hierophant:HammerAndAnvil+1"],"relics":["hierophant:PropheticMaskRelic","NeowsBlessing","Torii","Replay:Mystery Machine","Molten Egg 2","Lee\u0027s Waffle","Garlic","Divine Protection","White Beast Statue","Busted Crown","Blood Vial","Akabeko","Replay:Towering Pillar of Hats","Girya"],"acts_visited":["Exordium","TheCity","TheBeyond"],"potions_floor_usage":[14,18,18,25,35,35,40,41,43,44],"damage_taken":[{"damage":0,"enemies":"Small Slimes","floor":1,"turns":1},{"damage":0,"enemies":"2 Louse","floor":5,"turns":1},{"damage":0,"enemies":"Gremlin Nob","floor":9,"turns":1},{"damage":0,"enemies":"Cultist","floor":12,"turns":2},{"damage":0,"enemies":"Blue Slaver","floor":13,"turns":1},{"damage":23,"enemies":"3 Sentries","floor":14,"turns":8},{"damage":6,"enemies":"Looter","floor":16,"turns":2},{"damage":40,"enemies":"Fading Forest","floor":18,"turns":13},{"damage":0,"enemies":"Spheric Guardian","floor":20,"turns":1},{"damage":21,"enemies":"Shell Parasite","floor":23,"turns":2},{"damage":16,"enemies":"Chosen and Byrds","floor":24,"turns":6},{"damage":19,"enemies":"Gremlin Leader","floor":25,"turns":3},{"damage":5,"enemies":"Replay:Snechameleon","floor":29,"turns":3},{"damage":0,"enemies":"Snake Plant","floor":32,"turns":2},{"damage":0,"enemies":"Snecko","floor":33,"turns":1},{"damage":0,"enemies":"Pondfish","floor":35,"turns":7},{"damage":0,"enemies":"3 Darklings","floor":37,"turns":2},{"damage":0,"enemies":"3 Shapes","floor":39,"turns":3},{"damage":0,"enemies":"Writhing Mass","floor":40,"turns":1},{"damage":0,"enemies":"Mind Bloom Boss Battle","floor":41,"turns":4},{"damage":1,"enemies":"Maw","floor":43,"turns":7},{"damage":1,"enemies":"Reptomancer","floor":44,"turns":3},{"damage":0,"enemies":"2 Orb Walkers","floor":46,"turns":2},{"damage":0,"enemies":"Jaw Worm Horde","floor":50,"turns":1},{"damage":0,"enemies":"Awakened One","floor":52,"turns":5},{"damage":0,"enemies":"Time Eater","floor":53,"turns":2}],"seed_played":"7212082842339282967","potions_obtained":[{"floor":9,"key":"Swift Potion"},{"floor":14,"key":"EssenceOfSteel"},{"floor":16,"key":"Death Potion"},{"floor":18,"key":"Regen Potion"},{"floor":25,"key":"Adrenaline Potion"},{"floor":32,"key":"BlessingOfTheForge"},{"floor":35,"key":"DuplicationPotion"},{"floor":37,"key":"Swift Potion"},{"floor":40,"key":"Guardian:BlockOnCardUsePotion"},{"floor":41,"key":"SpeedPotion"},{"floor":43,"key":"Adrenaline Potion"},{"floor":44,"key":"Block Potion"},{"floor":46,"key":"Elixir"},{"floor":50,"key":"DistilledChaos"}],"is_trial":false,"path_per_floor":["M","?","PTL","PTL","M","?","$","R","E","R","T","M","M","E","R","M","R","B",null,"M","?","$","M","M","E","R","?","T","E","R","?","M","M","R","B",null,"M","T","M","M","?","R","M","E","T","?","?","R","$","M","R","B","B",null],"character_chosen":"HIEROPHANT","items_purchased":["hierophant:Community","hierophant:HammerAndAnvil","Lee\u0027s Waffle"],"campfire_rested":0,"item_purchase_floors":[7,22,22],"current_hp_per_floor":[68,57,57,57,57,75,75,75,75,75,75,75,75,52,52,46,46,14,60,60,36,82,61,45,38,38,38,38,33,33,33,33,33,33,33,70,70,70,72,74,76,76,77,78,78,80,80,80,80,82,82,82,82],"gold":65,"neow_bonus":"THREE_ENEMY_KILL","is_daily":false,"chose_seed":false,"campfire_upgraded":9,"win_rate":0.0,"timestamp":1608864223,"path_taken":["M","?","PTL","PTL","M","?","$","R","E","R","T","M","M","E","R","M","R","BOSS","M","?","$","M","M","E","R","?","T","E","R","?","M","M","R","BOSS","M","?","M","M","?","R","M","E","T","?","?","R","$","M","R","BOSS","BOSS"],"items_purchased_type":["Card","Card","Relic"],"build_version":"2020-12-22","purchased_purges":1,"victory":true,"max_hp_per_floor":[75,75,75,75,75,75,75,75,75,75,75,75,75,75,75,75,75,75,75,75,75,82,82,82,82,82,82,82,82,82,82,82,82,82,82,82,82,82,82,82,82,82,82,82,82,82,82,82,82,82,82,82,82],"card_choices":[{"not_picked":["hierophant:ConvertCurrency","hierophant:FlamingChariot"],"picked":"hierophant:Smite","floor":1},{"not_picked":["hierophant:OrnateBuckler","hierophant:MorningPrayer","hierophant:Smite"],"picked":"SKIP","floor":5},{"not_picked":["hierophant:ConvertCurrency","hierophant:PassingBell","hierophant:OrnateJavelin"],"picked":"SKIP","floor":9},{"not_picked":["hierophant:SealAway","hierophant:Community"],"picked":"hierophant:Zeal","floor":12},{"not_picked":["hierophant:Purify","hierophant:MirrorShield","hierophant:Community"],"picked":"SKIP","floor":13},{"not_picked":["hierophant:ArchangelShield","hierophant:Endure"],"picked":"hierophant:Alms","floor":14},{"not_picked":["hierophant:EyeForCoin","hierophant:Remorse+1","hierophant:Doubloon"],"picked":"SKIP","floor":16},{"not_picked":["hierophant:EyeForCoin","hierophant:Encroach","hierophant:ThreeLashes+1"],"picked":"SKIP","floor":20},{"not_picked":["hierophant:Charity","hierophant:Encroach"],"picked":"hierophant:Shelter","floor":21},{"not_picked":["hierophant:RecallFunds","hierophant:Zeal+1"],"picked":"hierophant:Alms","floor":21},{"not_picked":["hierophant:OrnateBuckler+1","hierophant:Smite+1"],"picked":"hierophant:Alms+1","floor":23},{"not_picked":["hierophant:RustyCrate","hierophant:FieryStrike+1","hierophant:Purify+1"],"picked":"SKIP","floor":24},{"not_picked":["hierophant:Bribe","hierophant:Mercenaries+1"],"picked":"hierophant:Racketeering","floor":25},{"not_picked":["hierophant:Patience","hierophant:AuricShield"],"picked":"hierophant:SealAway+1","floor":29},{"not_picked":["hierophant:Sermon","hierophant:Smite+1","hierophant:Encroach"],"picked":"SKIP","floor":32},{"not_picked":["hierophant:Sermon","hierophant:Glossolalia","hierophant:AuricBeam+1"],"picked":"SKIP","floor":33},{"not_picked":["hierophant:Generosity","hierophant:Batter+1"],"picked":"hierophant:DivineIntervention","floor":35},{"not_picked":["hierophant:Alms"],"picked":"SKIP","floor":37},{"not_picked":[],"picked":"hierophant:HammerAndAnvil+1","floor":39},{"not_picked":["hierophant:Zeal+1"],"picked":"SKIP","floor":40},{"not_picked":["hierophant:Shelter"],"picked":"SKIP","floor":43},{"not_picked":["hierophant:FlamingChariot+1"],"picked":"SKIP","floor":44},{"not_picked":["hierophant:Endure"],"picked":"SKIP","floor":50}],"player_experience":1301839,"relics_obtained":[{"floor":9,"key":"Replay:Mystery Machine"},{"floor":14,"key":"Molten Egg 2"},{"floor":25,"key":"Garlic"},{"floor":28,"key":"Divine Protection"},{"floor":29,"key":"White Beast Statue"},{"floor":38,"key":"Blood Vial"},{"floor":44,"key":"Akabeko"},{"floor":45,"key":"Replay:Towering Pillar of Hats"},{"floor":46,"key":"Girya"}],"event_choices":[{"damage_healed":0,"gold_gain":0,"player_choice":"Success","damage_taken":11,"relics_obtained":["Torii"],"max_hp_gain":0,"max_hp_loss":0,"event_name":"Scrap Ooze","floor":2,"gold_loss":0},{"damage_healed":25,"gold_gain":0,"player_choice":"Banana","damage_taken":0,"max_hp_gain":0,"max_hp_loss":0,"event_name":"Big Fish","floor":6,"gold_loss":0},{"damage_healed":0,"gold_gain":0,"player_choice":"Ignored","damage_taken":0,"max_hp_gain":0,"max_hp_loss":0,"event_name":"Vampires","floor":27,"gold_loss":0},{"damage_healed":0,"gold_gain":0,"player_choice":"Copied","damage_taken":0,"max_hp_gain":0,"max_hp_loss":0,"event_name":"Duplicator","floor":31,"gold_loss":0,"cards_obtained":["hierophant:ChurchCoffers"]},{"damage_healed":0,"gold_gain":0,"player_choice":"Fight","damage_taken":0,"max_hp_gain":0,"max_hp_loss":0,"event_name":"MindBloom","floor":41,"gold_loss":0},{"damage_healed":0,"gold_gain":0,"player_choice":"Fight","damage_taken":0,"max_hp_gain":0,"max_hp_loss":0,"event_name":"Mysterious Sphere","floor":46,"gold_loss":0},{"cards_removed":["hierophant:Defend_Hierophant"],"damage_healed":0,"gold_gain":0,"player_choice":"Removed Skill","damage_taken":0,"max_hp_gain":0,"max_hp_loss":0,"event_name":"Falling","floor":47,"gold_loss":0}],"is_beta":false,"boss_relics":[{"not_picked":["Velvet Choker","ChewingGum","Abe\u0027s Treasure"]},{"not_picked":["Replay:Grab Bag","Pandora\u0027s Box"],"picked":"Busted Crown"}],"items_purged_floors":[49],"is_endless":false,"potions_floor_spawned":[9,14,16,18,25,32,33,35,37,39,40,41,43,44,46,50],"ascension_level":20}}