{"host":"mi0eibewekhugwl1","time":1608888244,"event":{"mods":["AchievementEnabler","BaseMod","Colored Map","Colored Powertips","DeckTracker","Keyboard Shortcuts","Minty Spire (QoL Compilation)","Quick Restart","Rare Cards Sparkle","Relic Stats","StSLib","SuperFastMode","everything is the same but u backflip on backflip"],"gold_per_floor":[366,150,160,179,197,197,211,211,211,237,267,12,12,32,32,32,32],"floor_reached":16,"playtime":286,"items_purged":[],"score":204,"play_id":"21ea5972-19a2-4c16-accf-87372a4fb893","local_time":"20201225182404","is_ascension_mode":true,"campfire_choices":[{"data":"Inflame","floor":6,"key":"SMITH"},{"data":"Feed","floor":8,"key":"SMITH"},{"data":"Bash","floor":13,"key":"SMITH"},{"floor":15,"key":"REST"}],"circlet_count":0,"master_deck":["AscendersBane","Strike_R","Strike_R","Strike_R","Strike_R","Strike_R+1","Defend_R","Defend_R","Defend_R","Defend_R","Bash+1","Twin Strike","Inflame+1","Burning Pact","Feed+1","Flame Barrier","Evolve","Flash of Steel+1","Second Wind"],"relics":["Burning Blood","Oddly Smooth Stone","Paper Frog","Letter Opener","Odd Mushroom","Whetstone"],"acts_visited":["Exordium"],"potions_floor_usage":[10,10],"damage_taken":[{"damage":6,"enemies":"Cultist","floor":1,"turns":3},{"damage":8,"enemies":"Small Slimes","floor":3,"turns":4},{"damage":0,"enemies":"Jaw Worm","floor":4,"turns":3},{"damage":11,"enemies":"Looter","floor":5,"turns":2},{"damage":11,"enemies":"Red Slaver","floor":7,"turns":3},{"damage":34,"enemies":"Lagavulin","floor":10,"turns":4},{"damage":19,"enemies":"The Mushroom Lair","floor":11,"turns":5},{"damage":20,"enemies":"Large Slime","floor":14,"turns":5},{"damage":38,"enemies":"Hexaghost","floor":16,"turns":9}],"seed_played":"-8329755508206418885","potions_obtained":[{"floor":3,"key":"FearPotion"},{"floor":4,"key":"BlessingOfTheForge"}],"is_trial":false,"path_per_floor":["M","$","M","M","M","R","M","R","T","E","?","$","R","M","R","B"],"character_chosen":"IRONCLAD","items_purchased":["Oddly Smooth Stone","Twin Strike","Flash of Steel","Whetstone"],"campfire_rested":1,"item_purchase_floors":[2,2,12,12],"current_hp_per_floor":[68,68,66,68,63,63,58,58,58,34,25,25,25,11,33,0,0],"gold":32,"neow_bonus":"TWO_FIFTY_GOLD","is_daily":false,"chose_seed":false,"campfire_upgraded":3,"win_rate":0.0,"timestamp":1608888244,"path_taken":["M","$","?","M","M","R","M","R","T","E","?","$","R","M","R","BOSS"],"items_purchased_type":["Relic","Card","Card","Relic"],"build_version":"2020-12-22","purchased_purges":0,"victory":false,"max_hp_per_floor":[68,68,68,68,68,68,68,68,68,72,76,76,76,76,76,76,76],"relic_stats":{"counters":[9,38],"Letter Opener":[5],"Whetstone":["Strike_R","Flash of Steel"],"obtain_stats":[{"Oddly Smooth Stone":2,"Letter Opener":10,"Whetstone":12,"Odd Mushroom":11,"Burning Blood":0,"Paper Frog":9},{"Oddly Smooth Stone":1,"Letter Opener":6,"Whetstone":7,"Odd Mushroom":7,"Burning Blood":0,"Paper Frog":5},{"Oddly Smooth Stone":3,"Letter Opener":19,"Whetstone":24,"Odd Mushroom":24,"Burning Blood":0,"Paper Frog":15}],"Burning Blood":44},"card_choices":[{"not_picked":["Armaments","Clash","Dark Embrace"],"picked":"SKIP","floor":1},{"not_picked":["Warcry","Heavy Blade"],"picked":"Inflame","floor":3},{"not_picked":["Headbutt","Clothesline"],"picked":"Burning Pact","floor":4},{"not_picked":["Sentinel","Warcry","Twin Strike"],"picked":"SKIP","floor":5},{"not_picked":["Clothesline","Sever Soul"],"picked":"Feed","floor":7},{"not_picked":["Shockwave","Flex"],"picked":"Flame Barrier","floor":10},{"not_picked":["Feel No Pain","Rupture"],"picked":"Evolve","floor":11},{"not_picked":["Flex","Havoc"],"picked":"Second Wind","floor":14}],"player_experience":1702832,"relics_obtained":[{"floor":9,"key":"Paper Frog"},{"floor":10,"key":"Letter Opener"},{"floor":11,"key":"Odd Mushroom"}],"event_choices":[{"damage_healed":0,"gold_gain":0,"player_choice":"Fought Mushrooms","damage_taken":0,"max_hp_gain":0,"max_hp_loss":0,"event_name":"Mushrooms","floor":11,"gold_loss":0}],"is_beta":false,"boss_relics":[],"items_purged_floors":[],"is_endless":false,"potions_floor_spawned":[3,4,5],"killed_by":"Hexaghost","ascension_level":20}}