{"host":"vddkjx04kiwje1tk","time":1608877690,"event":{"mods":["AchievementEnabler","BaseMod","Colored Map","Minty Spire (QoL Compilation)","Quick Restart","SuperFastMode"],"gold_per_floor":[111,111,111,111,111,111,155,155,155,170,150,163,163,184,184,310,310,333,103,119,19,19,19,62,62,62,75,114,114,123,171,171,305,377,399,215,237,252,272,606,606,606,606,606,622,514,541,339,339,339,339],"floor_reached":50,"playtime":1603,"items_purged":["Defend_G","Strike_G","Strike_G","Defend_G","Defend_G"],"score":789,"play_id":"1a948143-03b3-497e-8016-445f70ff19c3","local_time":"20201225152810","is_ascension_mode":true,"campfire_choices":[{"floor":6,"key":"REST"},{"floor":8,"key":"REST"},{"data":"Cloak And Dagger","floor":13,"key":"SMITH"},{"data":"Blade Dance","floor":15,"key":"SMITH"},{"data":"Wraith Form v2","floor":23,"key":"SMITH"},{"data":"Cloak And Dagger","floor":25,"key":"SMITH"},{"floor":29,"key":"REST"},{"data":"Expertise","floor":32,"key":"SMITH"},{"floor":41,"key":"REST"},{"data":"Infinite Blades","floor":44,"key":"SMITH"},{"data":"Blade Dance","floor":49,"key":"SMITH"}],"circlet_count":0,"master_deck":["Strike_G","Strike_G+1","Defend_G+1","Survivor","Neutralize+1","Prepared","Cloak And Dagger+1","Blade Dance+1","Wraith Form v2+1","Expertise+1","Cloak And Dagger+1","Deflect","PiercingWail+1","Burst","Infinite Blades+1","Cloak And Dagger+1","Cloak And Dagger+1","Blade Dance+1","Infinite Blades","Parasite"],"relics":["Ring of the Snake","NeowsBlessing","Golden Idol","Akabeko","Dream Catcher","HornCleat","WristBlade","Sling","CeramicFish","Oddly Smooth Stone","Singing Bowl","Tingsha","Smiling Mask","Tiny House","Orrery","Old Coin","StrikeDummy","TwistedFunnel"],"acts_visited":["Exordium","TheCity","TheBeyond"],"potions_floor_usage":[16,16,33,35,47,50,50,50],"damage_taken":[{"damage":0,"enemies":"Small Slimes","floor":1,"turns":1},{"damage":0,"enemies":"Lagavulin","floor":7,"turns":1},{"damage":0,"enemies":"Jaw Worm","floor":10,"turns":1},{"damage":0,"enemies":"2 Louse","floor":12,"turns":2},{"damage":0,"enemies":"2 Fungi Beasts","floor":14,"turns":3},{"damage":38,"enemies":"Slime Boss","floor":16,"turns":12},{"damage":0,"enemies":"Spheric Guardian","floor":18,"turns":3},{"damage":0,"enemies":"3 Byrds","floor":20,"turns":3},{"damage":5,"enemies":"Gremlin Leader","floor":24,"turns":8},{"damage":0,"enemies":"Snecko","floor":27,"turns":3},{"damage":15,"enemies":"Slavers","floor":28,"turns":7},{"damage":5,"enemies":"Gremlin Leader","floor":31,"turns":4},{"damage":20,"enemies":"Collector","floor":33,"turns":10},{"damage":7,"enemies":"3 Darklings","floor":35,"turns":7},{"damage":16,"enemies":"3 Shapes","floor":37,"turns":3},{"damage":2,"enemies":"Jaw Worm Horde","floor":38,"turns":5},{"damage":4,"enemies":"Sphere and 2 Shapes","floor":39,"turns":4},{"damage":5,"enemies":"Reptomancer","floor":40,"turns":6},{"damage":1,"enemies":"Transient","floor":45,"turns":5},{"damage":9,"enemies":"Writhing Mass","floor":47,"turns":6},{"damage":60,"enemies":"Awakened One","floor":50,"turns":6}],"seed_played":"-6582299082493776713","potions_obtained":[{"floor":7,"key":"DuplicationPotion"},{"floor":10,"key":"Strength Potion"},{"floor":11,"key":"DistilledChaos"},{"floor":14,"key":"Fruit Juice"},{"floor":24,"key":"Fire Potion"},{"floor":27,"key":"SmokeBomb"},{"floor":34,"key":"GhostInAJar"},{"floor":38,"key":"LiquidBronze"},{"floor":47,"key":"EntropicBrew"}],"is_trial":false,"path_per_floor":["M","?","?","?","?","R","E","R","T","M","?","M","R","M","R","B",null,"M","$","M","$","?","R","E","R","T","M","E","R","?","E","R","B",null,"M","$","M","M","M","E","R","?","T","R","M","$","M","$","R","B"],"character_chosen":"THE_SILENT","items_purchased":["Sling","Orrery","Infinite Blades","TwistedFunnel"],"campfire_rested":4,"item_purchase_floors":[19,36,46,48],"current_hp_per_floor":[70,53,39,32,25,46,46,67,67,67,67,67,67,67,67,34,65,65,65,65,65,65,65,60,60,60,62,49,74,74,69,69,49,78,71,79,63,63,61,58,90,90,90,90,91,91,84,84,84,24,24],"gold":339,"neow_bonus":"THREE_ENEMY_KILL","is_daily":false,"chose_seed":false,"campfire_upgraded":7,"win_rate":0.0,"timestamp":1608877690,"path_taken":["M","?","?","?","?","R","E","R","T","?","?","?","R","M","R","BOSS","M","$","M","$","?","R","E","R","T","M","E","R","?","E","R","BOSS","M","$","?","M","M","E","R","?","T","R","M","$","M","$","R","BOSS"],"items_purchased_type":["Relic","Relic","Card","Relic"],"build_version":"2020-12-22","purchased_purges":5,"victory":false,"max_hp_per_floor":[70,70,70,70,70,70,70,70,70,70,70,70,70,70,70,75,75,75,75,75,75,75,75,75,75,75,77,79,81,81,81,81,81,86,86,94,94,96,98,100,102,102,102,102,104,104,106,106,106,106,106],"card_choices":[{"not_picked":["Outmaneuver","Acrobatics"],"picked":"Prepared","floor":1},{"not_picked":["Blade Dance","Flying Knee","Grand Finale"],"picked":"SKIP","floor":7},{"not_picked":["Deflect","Heel Hook"],"picked":"Cloak And Dagger","floor":10},{"not_picked":["Concentrate","Prepared","Deflect"],"picked":"SKIP","floor":12},{"not_picked":["Heel Hook","Terror"],"picked":"Blade Dance","floor":14},{"not_picked":["Phantasmal Killer","Adrenaline"],"picked":"Wraith Form v2","floor":16},{"not_picked":["Outmaneuver","Footwork+1"],"picked":"Expertise","floor":18},{"not_picked":["Footwork","Acrobatics+1"],"picked":"Cloak And Dagger","floor":20},{"not_picked":["Skewer","Predator+1","Dagger Throw"],"picked":"SKIP","floor":24},{"not_picked":["Calculated Gamble","Flying Knee","Outmaneuver"],"picked":"Singing Bowl","floor":27},{"not_picked":["Quick Slash+1","Backstab","Dash+1"],"picked":"Singing Bowl","floor":28},{"not_picked":["Endless Agony","Footwork","Quick Slash+1"],"picked":"Singing Bowl","floor":29},{"not_picked":["Escape Plan","Quick Slash+1"],"picked":"PiercingWail+1","floor":31},{"not_picked":["Tools of the Trade","Die Die Die"],"picked":"Burst","floor":33},{"not_picked":["Well Laid Plans+1","Poisoned Stab"],"picked":"Infinite Blades","floor":34},{"not_picked":["Dagger Spray+1","Outmaneuver"],"picked":"Cloak And Dagger+1","floor":35},{"not_picked":["Unload","Bane"],"picked":"Cloak And Dagger+1","floor":36},{"not_picked":["Poisoned Stab+1","Blur+1","Deflect+1"],"picked":"Singing Bowl","floor":36},{"not_picked":["Deflect+1","Flying Knee+1","Bane"],"picked":"Singing Bowl","floor":36},{"not_picked":["Dodge and Roll","Backstab+1","Prepared+1"],"picked":"Singing Bowl","floor":36},{"not_picked":["Skewer","Well Laid Plans","Flying Knee"],"picked":"Singing Bowl","floor":36},{"not_picked":["Flying Knee+1","Noxious Fumes"],"picked":"Blade Dance","floor":37},{"not_picked":["Quick Slash+1","Acrobatics+1","Poisoned Stab"],"picked":"Singing Bowl","floor":38},{"not_picked":["PiercingWail+1","Outmaneuver+1","Skewer"],"picked":"Singing Bowl","floor":39},{"not_picked":["Backflip","Dodge and Roll+1","Burst"],"picked":"Singing Bowl","floor":40},{"not_picked":["All Out Attack","Dash+1","Poisoned Stab"],"picked":"Singing Bowl","floor":41},{"not_picked":["PiercingWail+1","Setup","Choke"],"picked":"Singing Bowl","floor":45},{"not_picked":["Flechettes+1","Poisoned Stab","Underhanded Strike+1"],"picked":"Singing Bowl","floor":47}],"player_experience":221356,"relics_obtained":[{"floor":7,"key":"Dream Catcher"},{"floor":9,"key":"HornCleat"},{"floor":24,"key":"Oddly Smooth Stone"},{"floor":26,"key":"Singing Bowl"},{"floor":28,"key":"Tingsha"},{"floor":31,"key":"Smiling Mask"},{"floor":40,"key":"Old Coin"},{"floor":43,"key":"StrikeDummy"}],"event_choices":[{"damage_healed":0,"gold_gain":0,"player_choice":"Take Damage","damage_taken":17,"relics_obtained":["Golden Idol"],"max_hp_gain":0,"max_hp_loss":0,"event_name":"Golden Idol","floor":2,"gold_loss":0},{"damage_healed":0,"gold_gain":0,"player_choice":"Entered Light","damage_taken":14,"max_hp_gain":0,"max_hp_loss":0,"event_name":"Shining Light","floor":3,"gold_loss":0,"cards_upgraded":["Defend_G","Neutralize"]},{"cards_removed":["Strike_G"],"damage_healed":0,"gold_gain":0,"player_choice":"Card Removal","damage_taken":7,"max_hp_gain":0,"max_hp_loss":0,"event_name":"Golden Wing","floor":4,"gold_loss":0},{"damage_healed":0,"gold_gain":0,"player_choice":"Success","damage_taken":7,"relics_obtained":["Akabeko"],"max_hp_gain":0,"max_hp_loss":0,"event_name":"Scrap Ooze","floor":5,"gold_loss":0},{"damage_healed":0,"gold_gain":0,"player_choice":"Bought 1 Potion","damage_taken":0,"max_hp_gain":0,"max_hp_loss":0,"event_name":"The Woman in Blue","floor":11,"gold_loss":0},{"damage_healed":0,"gold_gain":0,"player_choice":"Opened","damage_taken":0,"relics_obtained":["CeramicFish"],"max_hp_gain":0,"max_hp_loss":0,"event_name":"The Mausoleum","floor":22,"gold_loss":0},{"damage_healed":0,"gold_gain":0,"cards_transformed":["Defend_G"],"player_choice":"Transformed","damage_taken":0,"max_hp_gain":0,"max_hp_loss":0,"event_name":"Transmorgrifier","floor":30,"gold_loss":0,"cards_obtained":["Deflect"]},{"damage_healed":0,"gold_gain":0,"player_choice":"Ignored","damage_taken":0,"max_hp_gain":0,"max_hp_loss":0,"event_name":"Tomb of Lord Red Mask","floor":42,"gold_loss":0}],"is_beta":false,"boss_relics":[{"not_picked":["Empty Cage","Runic Dome"],"picked":"WristBlade"},{"not_picked":["Coffee Dripper","Fusion Hammer"],"picked":"Tiny House"}],"items_purged_floors":[19,21,36,46,48],"is_endless":false,"potions_floor_spawned":[7,10,14,24,27,28,31,38,40,47],"killed_by":"Awakened One","ascension_level":5}}