{"host":"no7lpkw32q9rsjhi","time":1608888824,"event":{"mods":["BaseMod","Colored Map","Infinite Spire","Minty Spire (QoL Compilation)","Replay The Spire","StSLib","The Animator","The Hierophant"],"gold_per_floor":[111,111,111,130,122,122,122],"floor_reached":6,"playtime":515,"items_purged":[],"score":36,"play_id":"cb4838a3-900b-491c-bc2a-d40e5d908f7d","local_time":"20201225043344","is_ascension_mode":false,"campfire_choices":[],"circlet_count":0,"master_deck":["hierophant:Strike_Hierophant","hierophant:Strike_Hierophant","hierophant:Strike_Hierophant","hierophant:Strike_Hierophant","hierophant:Punish","hierophant:Defend_Hierophant","hierophant:Defend_Hierophant","hierophant:Defend_Hierophant","hierophant:Defend_Hierophant","hierophant:ChurchCoffers","hierophant:Sermon","hierophant:Chorus","Hallucinations","hierophant:TollTheBells","hierophant:Zeal"],"relics":["hierophant:PropheticMaskRelic","ReplayTheSpireMod:Ring of Collecting"],"acts_visited":["Exordium"],"potions_floor_usage":[6,6],"damage_taken":[{"damage":0,"enemies":"2 Louse","floor":1,"turns":2},{"damage":6,"enemies":"Jaw Worm","floor":4,"turns":5},{"damage":3,"enemies":"Cultist","floor":5,"turns":5},{"damage":77,"enemies":"Lagavulin","floor":6,"turns":11}],"seed_played":"-2006609668349072092","potions_obtained":[{"floor":1,"key":"AttackPotion"},{"floor":5,"key":"Weak Potion"}],"is_trial":false,"path_per_floor":["M","?","?","M","M","E"],"character_chosen":"HIEROPHANT","items_purchased":[],"campfire_rested":0,"item_purchase_floors":[],"current_hp_per_floor":[75,75,75,69,66,0,0],"gold":122,"neow_bonus":"THREE_CARDS","is_daily":false,"chose_seed":false,"campfire_upgraded":0,"win_rate":0.0,"timestamp":1608888824,"path_taken":["M","?","?","?","M","E"],"items_purchased_type":[],"build_version":"2020-12-22","purchased_purges":0,"victory":false,"max_hp_per_floor":[75,75,75,75,75,75,75],"card_choices":[{"not_picked":["hierophant:AuricBeam","hierophant:Purify"],"picked":"hierophant:Sermon","floor":0},{"not_picked":["hierophant:Doubloon","hierophant:CoinFling"],"picked":"hierophant:Chorus","floor":1},{"not_picked":["hierophant:RepressedViolence","hierophant:Exaltation"],"picked":"hierophant:TollTheBells","floor":4},{"not_picked":["hierophant:AuricBeam","hierophant:Purify"],"picked":"hierophant:Zeal","floor":5}],"player_experience":60400,"relics_obtained":[{"floor":2,"key":"ReplayTheSpireMod:Ring of Collecting"}],"event_choices":[{"damage_healed":0,"gold_gain":0,"player_choice":"Leave","damage_taken":0,"max_hp_gain":0,"max_hp_loss":0,"event_name":"FaceTrader","floor":3,"gold_loss":0}],"is_beta":false,"boss_relics":[],"items_purged_floors":[],"is_endless":false,"potions_floor_spawned":[1,5],"killed_by":"Lagavulin","ascension_level":0}}