{"host":"30t73aj4w3oq1hk8","time":1608871287,"event":{"mods":["BaseMod","Colored Map","Colored Powertips","Minty Spire (QoL Compilation)","Random Character Button","StSLib"],"gold_per_floor":[365,385,385,405,61,61,87,100,100,100,100,115,115,146,146,275,275,294,307,107,107,32,32,65,85,160,160,175,90,108,8,8,133,133,146,146,146,54,78,78,99,112,159,175,175,175,175],"floor_reached":46,"playtime":1391,"items_purged":[],"score":523,"play_id":"9c399955-fa90-47a4-8526-a97a598bc9cf","local_time":"20201224234127","is_ascension_mode":true,"campfire_choices":[{"data":"Eruption","floor":6,"key":"SMITH"},{"floor":15,"key":"REST"},{"data":"RitualDagger","floor":23,"key":"SMITH"},{"floor":27,"key":"REST"},{"floor":32,"key":"REST"},{"floor":40,"key":"REST"}],"circlet_count":0,"master_deck":["Strike_P","Strike_P","Defend_P","Defend_P","Eruption+1","Vigilance","Conclude","Wallop","WreathOfFlame","ClearTheMind","DevaForm","FollowUp","SandsOfTime+1","JustLucky+1","CarveReality+1","Crescendo","Halt","RitualDagger+1","Halt+1","Prostrate+1","ClearTheMind+1","CurseOfTheBell","ThirdEye+1","Evaluate+1","Writhe","Bandage Up","Trip","FlurryOfBlows+1","Consecrate+1","Consecrate+1","FearNoEvil+1","Prostrate+1","Doubt"],"relics":["PureWater","Bag of Marbles","Sling","Yang","Pantograph","Golden Idol","HornCleat","Nunchaku","Astrolabe","Lee\u0027s Waffle","Juzu Bracelet","Molten Egg 2","Ice Cream","Calling Bell","Lantern","Blue Candle","Prayer Wheel","Vajra"],"acts_visited":["Exordium","TheCity","TheBeyond"],"potions_floor_usage":[14,16,24,24,28,33,33,33,33,42,44],"damage_taken":[{"damage":5,"enemies":"Small Slimes","floor":1,"turns":4},{"damage":0,"enemies":"Cultist","floor":2,"turns":2},{"damage":4,"enemies":"Jaw Worm","floor":4,"turns":2},{"damage":17,"enemies":"3 Sentries","floor":7,"turns":4},{"damage":0,"enemies":"Exordium Thugs","floor":8,"turns":2},{"damage":4,"enemies":"3 Louse","floor":12,"turns":2},{"damage":0,"enemies":"Gremlin Nob","floor":14,"turns":2},{"damage":51,"enemies":"The Guardian","floor":16,"turns":11},{"damage":25,"enemies":"3 Byrds","floor":18,"turns":4},{"damage":23,"enemies":"Shell Parasite","floor":19,"turns":4},{"damage":34,"enemies":"Slavers","floor":24,"turns":3},{"damage":43,"enemies":"Centurion and Healer","floor":25,"turns":5},{"damage":0,"enemies":"Snake Plant","floor":28,"turns":1},{"damage":0,"enemies":"3 Cultists","floor":30,"turns":3},{"damage":68,"enemies":"Automaton","floor":33,"turns":9},{"damage":48,"enemies":"3 Shapes","floor":35,"turns":3},{"damage":0,"enemies":"Orb Walker","floor":39,"turns":1},{"damage":8,"enemies":"4 Shapes","floor":41,"turns":1},{"damage":2,"enemies":"3 Darklings","floor":42,"turns":3},{"damage":24,"enemies":"Jaw Worm Horde","floor":44,"turns":3},{"damage":83,"enemies":"Giant Head","floor":46,"turns":7}],"seed_played":"4549877892516824829","potions_obtained":[{"floor":2,"key":"StancePotion"},{"floor":8,"key":"FearPotion"},{"floor":14,"key":"DistilledChaos"},{"floor":16,"key":"ColorlessPotion"},{"floor":18,"key":"ColorlessPotion"},{"floor":19,"key":"Regen Potion"},{"floor":25,"key":"SneckoOil"},{"floor":33,"key":"AttackPotion"},{"floor":41,"key":"DistilledChaos"}],"is_trial":false,"path_per_floor":["M","M","?","M","$","R","E","M","T","?","T","M","?","E","R","B",null,"M","M","$","?","?","R","E","M","T","R","M","?","M","$","R","B",null,"M","?","?","$","M","R","M","M","T","M","?","E"],"character_chosen":"WATCHER","items_purchased":["Bag of Marbles","Sling","ClearTheMind","Lee\u0027s Waffle","Halt","EntropicBrew","Trip"],"campfire_rested":4,"item_purchase_floors":[5,5,5,20,20,31,38],"current_hp_per_floor":[46,46,72,68,68,68,51,51,51,33,33,29,29,29,50,21,72,47,24,79,73,73,73,48,5,5,28,28,28,28,28,51,8,79,31,51,51,51,51,74,66,64,64,44,79,0,0],"gold":175,"neow_bonus":"TWO_FIFTY_GOLD","is_daily":false,"chose_seed":false,"campfire_upgraded":2,"win_rate":0.0,"timestamp":1608871287,"path_taken":["M","M","?","?","$","R","E","M","T","?","?","?","?","E","R","BOSS","M","M","$","?","?","R","E","M","T","R","M","?","M","?","R","BOSS","M","?","?","?","M","R","M","M","T","M","?","E"],"items_purchased_type":["Relic","Relic","Card","Relic","Card","Potion","Card"],"build_version":"2020-12-22","purchased_purges":0,"victory":false,"max_hp_per_floor":[72,72,72,72,72,72,72,72,72,72,72,72,72,72,72,72,72,72,72,79,79,79,79,79,79,79,79,79,79,79,79,79,79,79,79,79,79,79,79,79,79,79,79,79,79,79,79],"card_choices":[{"not_picked":["PathToVictory","EmptyBody"],"picked":"Conclude","floor":1},{"not_picked":["WreathOfFlame","CrushJoints"],"picked":"Wallop","floor":2},{"not_picked":["CrushJoints","Protect"],"picked":"WreathOfFlame","floor":4},{"not_picked":["EmptyFist","Crescendo"],"picked":"DevaForm","floor":7},{"not_picked":["Worship","CrushJoints","JustLucky"],"picked":"SKIP","floor":8},{"not_picked":["TalkToTheHand","Collect","Pray"],"picked":"SKIP","floor":12},{"not_picked":["EmptyFist","ForeignInfluence"],"picked":"FollowUp","floor":14},{"not_picked":["JustLucky","Wireheading+1","BowlingBash"],"picked":"SKIP","floor":18},{"not_picked":["PathToVictory","Fasting2"],"picked":"Crescendo","floor":19},{"not_picked":["Ragnarok","FlurryOfBlows","EmptyMind"],"picked":"SKIP","floor":24},{"not_picked":["Crescendo","FollowUp"],"picked":"Halt+1","floor":25},{"not_picked":["Vengeance","Worship"],"picked":"Prostrate+1","floor":28},{"not_picked":["Devotion","Nirvana"],"picked":"ClearTheMind+1","floor":30},{"not_picked":["Crescendo","Halt"],"picked":"ThirdEye+1","floor":35},{"not_picked":["FollowUp+1","BowlingBash+1"],"picked":"Evaluate+1","floor":35},{"not_picked":["Secret Technique","Madness"],"picked":"Bandage Up","floor":37},{"not_picked":["Worship","Prostrate"],"picked":"FlurryOfBlows+1","floor":39},{"not_picked":["CutThroughFate+1","Evaluate+1"],"picked":"Consecrate+1","floor":39},{"not_picked":["ClearTheMind","CutThroughFate+1"],"picked":"Consecrate+1","floor":41},{"not_picked":["Alpha","Collect+1"],"picked":"FearNoEvil+1","floor":41},{"not_picked":["Perseverance","ClearTheMind"],"picked":"Prostrate+1","floor":42},{"not_picked":["Meditate","EmptyFist+1","Vengeance+1"],"picked":"SKIP","floor":42},{"not_picked":["FlyingSleeves+1","InnerPeace","Nirvana+1"],"picked":"SKIP","floor":44},{"not_picked":["EmptyFist+1","Crescendo","WindmillStrike+1"],"picked":"SKIP","floor":44}],"player_experience":684091,"relics_obtained":[{"floor":7,"key":"Yang"},{"floor":9,"key":"Pantograph"},{"floor":11,"key":"HornCleat"},{"floor":14,"key":"Nunchaku"},{"floor":24,"key":"Juzu Bracelet"},{"floor":26,"key":"Molten Egg 2"},{"floor":34,"key":"Lantern"},{"floor":34,"key":"Blue Candle"},{"floor":34,"key":"Prayer Wheel"},{"floor":43,"key":"Vajra"}],"event_choices":[{"damage_healed":26,"gold_gain":0,"player_choice":"Full Heal","damage_taken":0,"max_hp_gain":0,"max_hp_loss":0,"event_name":"Wheel of Change","floor":3,"gold_loss":0},{"damage_healed":0,"gold_gain":0,"player_choice":"Take Damage","damage_taken":18,"relics_obtained":["Golden Idol"],"max_hp_gain":0,"max_hp_loss":0,"event_name":"Golden Idol","floor":10,"gold_loss":0},{"damage_healed":0,"gold_gain":0,"player_choice":"Ignored","damage_taken":0,"max_hp_gain":0,"max_hp_loss":0,"event_name":"Shining Light","floor":13,"gold_loss":0},{"damage_healed":0,"gold_gain":0,"player_choice":"Joined the Cult","damage_taken":6,"max_hp_gain":0,"max_hp_loss":0,"event_name":"Nest","floor":21,"gold_loss":0,"cards_obtained":["RitualDagger"]},{"cards_removed":["Strike_P"],"damage_healed":0,"gold_gain":0,"player_choice":"Gave Gold","damage_taken":0,"max_hp_gain":0,"max_hp_loss":0,"event_name":"Beggar","floor":22,"gold_loss":75},{"damage_healed":0,"gold_gain":0,"player_choice":"Obtained Relic","damage_taken":0,"relics_obtained":["Ice Cream"],"max_hp_gain":0,"max_hp_loss":0,"event_name":"Addict","floor":29,"gold_loss":85},{"damage_healed":20,"gold_gain":0,"player_choice":"Writhe","damage_taken":0,"max_hp_gain":0,"max_hp_loss":0,"event_name":"Winding Halls","floor":36,"gold_loss":0,"cards_obtained":["Writhe"]},{"damage_healed":0,"gold_gain":0,"player_choice":"Memory 1","damage_taken":0,"max_hp_gain":0,"max_hp_loss":0,"event_name":"SensoryStone","floor":37,"gold_loss":0},{"damage_healed":35,"gold_gain":0,"player_choice":"Heal","damage_taken":0,"max_hp_gain":0,"max_hp_loss":0,"event_name":"MindBloom","floor":45,"gold_loss":0,"cards_obtained":["Doubt"]}],"is_beta":false,"boss_relics":[{"not_picked":["Tiny House","Coffee Dripper"],"picked":"Astrolabe"},{"not_picked":["Black Star","SacredBark"],"picked":"Calling Bell"}],"items_purged_floors":[],"is_endless":false,"potions_floor_spawned":[2,8,14,16,18,19,25,33,41],"killed_by":"Giant Head","ascension_level":2}}