{"host":"yp47u74hk6n79vj1","time":1608881489,"event":{"mods":["BaseMod","Minty Spire (QoL Compilation)"],"gold_per_floor":[111,111,127,137,10,39,39,51,77,90,122,148,48,48,48,151,151,164,180,180,192,117,149,166,184,211,223,223],"floor_reached":27,"playtime":1209,"items_purged":["Strike_B","Strike_B"],"score":245,"play_id":"eef4011f-6452-4f2b-938b-a8029a3b0fa0","local_time":"20201225023129","is_ascension_mode":false,"campfire_choices":[{"data":"Conserve Battery","floor":7,"key":"SMITH"},{"floor":15,"key":"REST"}],"circlet_count":0,"master_deck":["Defend_B+1","Defend_B","Zap+1","Dualcast","Streamline","Barrage","Coolheaded","Steam+1","Conserve Battery+1","Double Energy","White Noise+1","Glacier","Creative AI","FTL","Capacitor","Double Energy","Capacitor","Leap","Sweeping Beam+1"],"relics":["Cracked Core","Centennial Puzzle","MealTicket","War Paint","Odd Mushroom","Philosopher\u0027s Stone","Blue Candle","MawBank"],"acts_visited":["Exordium","TheCity"],"potions_floor_usage":[6,11],"damage_taken":[{"damage":2,"enemies":"Small Slimes","floor":1,"turns":4},{"damage":3,"enemies":"Jaw Worm","floor":3,"turns":3},{"damage":0,"enemies":"2 Louse","floor":4,"turns":2},{"damage":6,"enemies":"Lagavulin","floor":6,"turns":6},{"damage":0,"enemies":"Red Slaver","floor":8,"turns":3},{"damage":0,"enemies":"Blue Slaver","floor":10,"turns":3},{"damage":18,"enemies":"Gremlin Nob","floor":11,"turns":4},{"damage":1,"enemies":"The Mushroom Lair","floor":12,"turns":3},{"damage":5,"enemies":"Slime Boss","floor":16,"turns":13},{"damage":1,"enemies":"Shell Parasite","floor":18,"turns":8},{"damage":5,"enemies":"Spheric Guardian","floor":19,"turns":4},{"damage":7,"enemies":"Chosen and Byrds","floor":21,"turns":6},{"damage":9,"enemies":"Book of Stabbing","floor":23,"turns":6},{"damage":8,"enemies":"3 Cultists","floor":24,"turns":7},{"damage":45,"enemies":"Cultist and Chosen","floor":25,"turns":11},{"damage":23,"enemies":"Snecko","floor":27,"turns":3}],"seed_played":"-2961707287038584701","potions_obtained":[{"floor":3,"key":"LiquidMemories"},{"floor":8,"key":"Block Potion"},{"floor":12,"key":"EssenceOfSteel"},{"floor":16,"key":"BlessingOfTheForge"},{"floor":23,"key":"FearPotion"}],"is_trial":false,"path_per_floor":["M","?","M","M","$","E","R","M","T","M","E","?","$","?","R","B",null,"M","M","?","M","$","E","M","M","T","M"],"character_chosen":"DEFECT","items_purchased":["Steam","Capacitor"],"campfire_rested":1,"item_purchase_floors":[5,22],"current_hp_per_floor":[52,37,34,34,34,28,28,28,28,28,10,9,24,17,39,34,75,74,69,69,62,75,66,58,13,13,0,0],"gold":223,"neow_bonus":"REMOVE_TWO","is_daily":false,"chose_seed":false,"campfire_upgraded":1,"win_rate":0.0,"timestamp":1608881489,"path_taken":["M","?","M","M","?","E","R","M","T","M","E","?","$","?","R","BOSS","M","M","?","M","$","E","M","M","T","?"],"items_purchased_type":["Card","Card"],"build_version":"2020-12-22","purchased_purges":2,"victory":false,"max_hp_per_floor":[75,75,75,75,75,75,75,75,75,75,75,75,75,75,75,75,75,75,75,75,75,75,75,75,75,75,75,75],"card_choices":[{"not_picked":["Compile Driver","Ball Lightning"],"picked":"Streamline","floor":1},{"not_picked":["Conserve Battery","Go for the Eyes"],"picked":"Barrage","floor":3},{"not_picked":["Gash","Compile Driver"],"picked":"Coolheaded","floor":4},{"not_picked":["Hyperbeam","Static Discharge"],"picked":"Conserve Battery","floor":6},{"not_picked":["Sunder","Conserve Battery"],"picked":"Double Energy","floor":8},{"not_picked":["Streamline","Cold Snap"],"picked":"White Noise","floor":10},{"not_picked":["Recycle","Heatsinks","Tempest"],"picked":"SKIP","floor":11},{"not_picked":["Static Discharge","Double Energy"],"picked":"Glacier","floor":12},{"not_picked":["Biased Cognition","Buffer"],"picked":"Creative AI","floor":16},{"not_picked":["Conserve Battery","Barrage"],"picked":"FTL","floor":18},{"not_picked":["Leap+1","BootSequence"],"picked":"Capacitor","floor":19},{"not_picked":["Go for the Eyes","Steam"],"picked":"Double Energy","floor":21},{"not_picked":["Sunder","Steam+1"],"picked":"Leap","floor":23},{"not_picked":["Stack","Buffer","Ball Lightning+1"],"picked":"SKIP","floor":24},{"not_picked":["Conserve Battery","Sunder"],"picked":"Sweeping Beam+1","floor":25}],"player_experience":517015,"relics_obtained":[{"floor":6,"key":"Centennial Puzzle"},{"floor":9,"key":"MealTicket"},{"floor":11,"key":"War Paint"},{"floor":12,"key":"Odd Mushroom"},{"floor":23,"key":"Blue Candle"},{"floor":26,"key":"MawBank"}],"event_choices":[{"damage_healed":0,"gold_gain":0,"player_choice":"Entered Light","damage_taken":15,"max_hp_gain":0,"max_hp_loss":0,"event_name":"Shining Light","floor":2,"gold_loss":0,"cards_upgraded":["Zap","Defend_B"]},{"damage_healed":0,"gold_gain":0,"player_choice":"Fought Mushrooms","damage_taken":0,"max_hp_gain":0,"max_hp_loss":0,"event_name":"Mushrooms","floor":12,"gold_loss":0},{"cards_removed":["Strike_B"],"damage_healed":0,"gold_gain":0,"player_choice":"Card Removal","damage_taken":7,"max_hp_gain":0,"max_hp_loss":0,"event_name":"Golden Wing","floor":14,"gold_loss":0},{"cards_removed":["Defend_B"],"damage_healed":0,"gold_gain":0,"player_choice":"Purged","damage_taken":0,"max_hp_gain":0,"max_hp_loss":0,"event_name":"Purifier","floor":20,"gold_loss":0}],"is_beta":false,"boss_relics":[{"not_picked":["Black Star","Runic Dome"],"picked":"Philosopher\u0027s Stone"}],"items_purged_floors":[5,13],"is_endless":false,"potions_floor_spawned":[3,8,12,16,23,24],"killed_by":"Snecko","ascension_level":0}}