{"host":"cjhtzh7tp54jdfyv","time":1608915714,"event":{"mods":["AchievementEnabler","BaseMod","Colored Map","Colored Powertips","Curses Come First","DeckTracker","Filter the Spire","Minty Spire (QoL Compilation)","RNG Fix","Relic Sorter","Relic Stats","StSLib","The Cursed","The Marked","Waifu the Spire","ojb\u0027s Better Paths Mod","ojb\u0027s Info Mod"],"gold_per_floor":[113,128,144,32,44,70,80,55,55,55,65,45,45,58,58,58,58],"floor_reached":16,"playtime":1295,"items_purged":["TheCursedMod:Defend_TheCursed"],"score":228,"play_id":"cff6e2f2-a0de-4196-a099-63d72d8ba9e8","local_time":"20201225120154","is_ascension_mode":true,"campfire_choices":[{"data":"1","floor":10,"key":"LIFT"},{"data":"TheCursedMod:PrepareRite","floor":15,"key":"SMITH"}],"circlet_count":0,"master_deck":["AscendersBane","TheCursedMod:Strike_TheCursed","TheCursedMod:Strike_TheCursed","TheCursedMod:Strike_TheCursed","TheCursedMod:Strike_TheCursed","TheCursedMod:Defend_TheCursed","TheCursedMod:Defend_TheCursed","TheCursedMod:Defend_TheCursed","TheCursedMod:CursedWand","TheCursedMod:CleanUpWorkshop","TheCursedMod:Dregs","Decay","TheCursedMod:BlessingInDisguise","TheCursedMod:StingEye","TheCursedMod:SmokeScreen","TheCursedMod:PrepareRite+1","TheCursedMod:AshesToAshes","TheCursedMod:PrepareRite","TheCursedMod:SpitefulStrike","TheCursedMod:StunningStrike","TheCursedMod:SpitefulPlan+1"],"relics":["TheCursedMod:BlackMagic101","Girya","TheCursedMod:SoulVessel","Frozen Egg 2"],"acts_visited":["Exordium"],"potions_floor_usage":[6,6,11,13,14],"damage_taken":[{"damage":0.0,"enemies":"Cultist","floor":1.0,"turns":4.0},{"damage":0.0,"enemies":"2 Louse","floor":2.0,"turns":4.0},{"damage":4.0,"enemies":"Jaw Worm","floor":3.0,"turns":6.0},{"damage":3.0,"enemies":"Red Slaver","floor":5.0,"turns":6.0},{"damage":15,"enemies":"Lagavulin","floor":6,"turns":8},{"damage":0,"enemies":"Looter","floor":7,"turns":4},{"damage":59,"enemies":"Gremlin Gang","floor":11,"turns":12},{"damage":0,"enemies":"Gremlin Nob","floor":13,"turns":3},{"damage":2,"enemies":"Lots of Slimes","floor":14,"turns":5},{"damage":41,"enemies":"Slime Boss","floor":16,"turns":8}],"seed_played":"1997885531640080243","potions_obtained":[{"floor":2.0,"key":"LiquidMemories"},{"floor":3.0,"key":"CultistPotion"},{"floor":5.0,"key":"Regen Potion"},{"floor":7,"key":"Regen Potion"},{"floor":11,"key":"ColorlessPotion"},{"floor":12,"key":"SmokeBomb"}],"is_trial":false,"path_per_floor":["M","M","M","$","M","E","M","$","T","R","M","?","E","M","R","B"],"character_chosen":"THE_CURSED","items_purchased":["TheCursedMod:PrepareRite","TheCursedMod:SpitefulStrike"],"campfire_rested":0,"item_purchase_floors":[4,8],"current_hp_per_floor":[64,64,60,60,57,57,60,60,60,60,25,25,28,32,32,0,0],"gold":58,"neow_bonus":"ONE_RARE_RELIC","is_daily":false,"chose_seed":false,"campfire_upgraded":1,"win_rate":0.0,"timestamp":1608915714,"path_taken":["M","M","M","$","M","E","M","$","T","R","M","?","E","M","R","BOSS"],"items_purchased_type":["Card","Card"],"build_version":"2020-12-22","purchased_purges":1,"victory":false,"max_hp_per_floor":[71,71,71,71,71,71,71,71,71,71,71,71,71,71,71,71,71],"relic_stats":{"counters":[10,60],"obtain_stats":[{"TheCursedMod:BlackMagic101":0,"Girya":0,"Frozen Egg 2":9,"TheCursedMod:SoulVessel":6},{"TheCursedMod:BlackMagic101":0,"Girya":0,"Frozen Egg 2":6,"TheCursedMod:SoulVessel":5},{"TheCursedMod:BlackMagic101":0,"Girya":0,"Frozen Egg 2":32,"TheCursedMod:SoulVessel":28}]},"card_choices":[{"not_picked":["TheCursedMod:CursedArmor","TheCursedMod:Obscuration"],"picked":"TheCursedMod:BlessingInDisguise","floor":1.0},{"not_picked":["TheCursedMod:CircleOfCorruption","TheCursedMod:CircleOfFocus"],"picked":"TheCursedMod:StingEye","floor":2.0},{"not_picked":["TheCursedMod:FleshFromBone","TheCursedMod:RavingStaff"],"picked":"TheCursedMod:SmokeScreen","floor":3.0},{"not_picked":["TheCursedMod:Obscuration","TheCursedMod:Stretching","TheCursedMod:RavingStaff"],"picked":"SKIP","floor":5.0},{"not_picked":["TheCursedMod:Stretching","TheCursedMod:FleshFromBone"],"picked":"TheCursedMod:AshesToAshes","floor":6},{"not_picked":["TheCursedMod:Stretching","TheCursedMod:SmokeScreen"],"picked":"TheCursedMod:PrepareRite","floor":7},{"not_picked":["TheCursedMod:ReleasedStrength","TheCursedMod:AshesToAshes"],"picked":"TheCursedMod:StunningStrike","floor":11},{"not_picked":["TheCursedMod:FleshFromBone","TheCursedMod:CursedBlade"],"picked":"TheCursedMod:SpitefulPlan+1","floor":14}],"player_experience":4409552,"relics_obtained":[{"floor":6,"key":"TheCursedMod:SoulVessel"},{"floor":9,"key":"Frozen Egg 2"}],"event_choices":[{"damage_healed":0,"gold_gain":0,"player_choice":"Bought 1 Potion","damage_taken":0,"max_hp_gain":0,"max_hp_loss":0,"event_name":"The Woman in Blue","floor":12,"gold_loss":0}],"is_beta":false,"boss_relics":[],"items_purged_floors":[4],"is_endless":false,"potions_floor_spawned":[2,3,5,7,11],"killed_by":"Slime Boss","ascension_level":20}}