{"host":"jgyoyy5iuhtvyvtg","time":1608882562,"event":{"mods":["2.2 Compatiblity","BaseMod","Challenge The Spire","Colored Map","Conspire","Downfall","Hermit","Highlight Path","Infinite Spire","Lobotomy","LobotomyExtend","Minty Spire (QoL Compilation)","Quick Restart","Replay The Spire","Spikes Relics","StSLib","The Construct","The Disciple","The Jungle","Yuri Mod"],"gold_per_floor":[214,229,258,283,312,325,393,423,468,468,468,531,531,560,560,659,659,692,722,747,352,381,381,416,431,431,431,473,473,473,51,51,227,227,239,239,239,274,303,303,315,315,361,422,453,485,485,555,555,555,555],"floor_reached":52,"playtime":2566,"items_purged":["hermit:Strike_Hermit","hermit:Strike_Hermit"],"score":1172,"play_id":"e0f47285-fa53-48ea-88b3-c7f3084d804c","local_time":"20201224234922","is_ascension_mode":true,"campfire_choices":[{"floor":10,"key":"REST"},{"floor":13,"key":"REST"},{"data":"hermit:Determination","floor":15,"key":"SMITH"},{"floor":23,"key":"REST"},{"floor":27,"key":"REST"},{"data":"hermit:BigShot","floor":27,"key":"SMITH"},{"floor":29,"key":"REST"},{"data":"hermit:HeroicBravado","floor":29,"key":"SMITH"},{"floor":32,"key":"REST"},{"data":"hermit:Vantage","floor":32,"key":"SMITH"},{"data":"hermit:BigShot","floor":40,"key":"SMITH"},{"data":"hermit:HeroicBravado","floor":42,"key":"SMITH"},{"floor":47,"key":"REST"},{"data":"hermit:EyeOfTheStorm","floor":47,"key":"SMITH"},{"floor":49,"key":"REST"},{"data":"hermit:DeadOrAlive","floor":49,"key":"SMITH"}],"circlet_count":0,"master_deck":["hermit:Strike_Hermit","hermit:Defend_Hermit","hermit:Defend_Hermit","hermit:Defend_Hermit","hermit:Defend_Hermit","hermit:Snapshot","hermit:Covet","hermit:LowProfile","hermit:DeadOrAlive+1","hermit:Dive+1","hermit:Headshot","hermit:BigShot+1","hermit:Ricochet","hermit:Dive+1","hermit:Determination+1","hermit:Snipe","hermit:Coalescence","hermit:HeroicBravado+1","hermit:Deadeye","hermit:HoleUp+1","hermit:Vantage+1","hermit:BigShot+1","hermit:BigShot+1","hermit:Enervate","hermit:Dive+1","hermit:Dive+1","hermit:HeroicBravado+1","hermit:EyeOfTheStorm+1","hermit:Dive+1","hermit:Dive+1"],"relics":["hermit:Momento","LetterFromLob","ReplayFunnel","Orichalcum","conspire:Boomerang","construct:ClawGrip","Replay:Ringing Soul","infinitespire:Magic Flask","Replay:Bottled Eggs","infinitespire:CheckeredPen","Chemical X","Art of War","ChewingGum","CrustySpines","Centennial Puzzle","Thread and Needle","Replay:Bottled Steam"],"acts_visited":["Exordium","Exordium","TheBeyond"],"potions_floor_usage":[6,7,18,19,22,24,25,28,38,44,50,50,50],"damage_taken":[{"damage":0,"enemies":"Small Slimes","floor":1,"turns":3},{"damage":1,"enemies":"conspire:RoseBush","floor":2,"turns":6},{"damage":0,"enemies":"2 Louse","floor":3,"turns":2},{"damage":5,"enemies":"Large Slime","floor":4,"turns":10},{"damage":8,"enemies":"Blue Slaver","floor":5,"turns":2},{"damage":4,"enemies":"Lots of Slimes","floor":6,"turns":2},{"damage":22,"enemies":"3 Sentries","floor":7,"turns":9},{"damage":9,"enemies":"Gremlin Gang","floor":8,"turns":7},{"damage":22,"enemies":"Lagavulin","floor":12,"turns":9},{"damage":0,"enemies":"Large Slime","floor":14,"turns":6},{"damage":9,"enemies":"Fading Forest","floor":16,"turns":11},{"damage":10,"enemies":"theJungle:MUSHROOMGANG","floor":18,"turns":6},{"damage":10,"enemies":"theJungle:Flameango_and_Byrd","floor":19,"turns":6},{"damage":33,"enemies":"theJungle:JungleHuntersEncounter","floor":20,"turns":6},{"damage":1,"enemies":"theJungle:SlimyTreeVines","floor":22,"turns":9},{"damage":19,"enemies":"theJungle:2_Phrogs","floor":24,"turns":6},{"damage":24,"enemies":"theJungle:2_Flameangoes","floor":25,"turns":6},{"damage":21,"enemies":"conspire:MimicChest","floor":28,"turns":8},{"damage":38,"enemies":"theJungle:TotemBoss","floor":33,"turns":10},{"damage":0,"enemies":"Orb Walker","floor":35,"turns":3},{"damage":1,"enemies":"3 Shapes","floor":38,"turns":7},{"damage":1,"enemies":"Spire Growth","floor":39,"turns":5},{"damage":2,"enemies":"Transient","floor":41,"turns":5},{"damage":1,"enemies":"Giant Head","floor":44,"turns":6},{"damage":12,"enemies":"Jaw Worm Horde","floor":45,"turns":5},{"damage":5,"enemies":"Spire Growth","floor":46,"turns":5},{"damage":2,"enemies":"Reptomancer","floor":48,"turns":5},{"damage":1,"enemies":"Time Eater","floor":50,"turns":8}],"seed_played":"-8224987024818494401","potions_obtained":[{"floor":2,"key":"DuplicationPotion"},{"floor":3,"key":"Toxic Potion"},{"floor":8,"key":"Guardian:BlockOnCardUsePotion"},{"floor":12,"key":"Energy Potion"},{"floor":16,"key":"EssenceOfSteel"},{"floor":18,"key":"SkillPotion"},{"floor":22,"key":"ColorlessPotion"},{"floor":25,"key":"Adrenaline Potion"},{"floor":35,"key":"Swift Potion"},{"floor":36,"key":"LiquidBronze"},{"floor":36,"key":"Weak Potion"},{"floor":41,"key":"EssenceOfSteel"},{"floor":48,"key":"champ:CounterPotion"}],"is_trial":false,"path_per_floor":["M","M","M","M","M","M","E","M","T","R","?","E","R","M","R","B",null,"M","M","M","$","M","R","E","M","T","R","?","R","?","$","R","B",null,"M","?","AVR","M","M","R","M","R","T","E","M","M","R","E","R","B",null,null],"character_chosen":"HERMIT","items_purchased":["hermit:BigShot","Replay:Ringing Soul","Chemical X","hermit:Dive","Art of War"],"campfire_rested":8,"item_purchase_floors":[21,21,31,31,31],"current_hp_per_floor":[68,67,67,62,54,50,28,19,19,41,41,19,41,41,41,56,70,60,50,17,17,25,48,32,8,8,32,11,35,35,38,63,28,72,75,75,75,74,73,73,74,74,74,73,61,59,87,85,96,95,95],"gold":555,"neow_bonus":"HUNDRED_GOLD","is_daily":false,"chose_seed":false,"campfire_upgraded":8,"win_rate":0.0,"timestamp":1608882562,"path_taken":["M","M","M","M","M","M","E","M","T","R","?","E","R","?","R","BOSS","M","M","M","$","M","R","E","M","T","R","?","R","?","$","R","BOSS","M","?","AVR","M","M","R","?","R","T","E","M","M","R","E","R","BOSS"],"items_purchased_type":["Card","Relic","Relic","Card","Relic"],"build_version":"2020-12-22","purchased_purges":2,"victory":true,"max_hp_per_floor":[75,75,75,75,75,75,75,75,75,75,75,75,75,75,75,75,75,75,75,75,75,78,78,81,81,81,81,81,81,81,84,84,87,87,90,90,90,90,90,90,93,93,93,93,93,96,96,96,96,96,96],"card_choices":[{"not_picked":["hermit:Vantage","hermit:Coalescence"],"picked":"hermit:LowProfile","floor":1},{"not_picked":["hermit:Roulette","hermit:Manifest"],"picked":"hermit:DeadOrAlive","floor":2},{"not_picked":["hermit:BodyArmor","hermit:HoleUp"],"picked":"hermit:Dive","floor":3},{"not_picked":["hermit:Cheat","hermit:Horror"],"picked":"hermit:Headshot","floor":4},{"not_picked":["hermit:Roulette","hermit:Dive"],"picked":"hermit:BigShot","floor":5},{"not_picked":["hermit:Vantage","hermit:Coalescence"],"picked":"hermit:Ricochet","floor":6},{"not_picked":["hermit:BodyArmor","hermit:CursedWeapon"],"picked":"hermit:Dive","floor":7},{"not_picked":["hermit:Roulette","hermit:NoHoldsBarred"],"picked":"hermit:Determination","floor":8},{"not_picked":["hermit:OverwhelmingPower","hermit:Cheat"],"picked":"hermit:Snipe","floor":12},{"not_picked":["hermit:TrackingShot","hermit:LoneWolf"],"picked":"hermit:Coalescence","floor":14},{"not_picked":["hermit:Dissolve","hermit:Purgatory"],"picked":"hermit:HeroicBravado","floor":16},{"not_picked":["hermit:CalledShot+1","hermit:Quickdraw"],"picked":"hermit:Deadeye","floor":18},{"not_picked":["hermit:Roulette","hermit:NoHoldsBarred+1"],"picked":"hermit:HoleUp+1","floor":19},{"not_picked":["hermit:RoundhouseKick","hermit:CalledShot+1"],"picked":"hermit:Vantage","floor":20},{"not_picked":["hermit:Maintenance+1","hermit:Feint"],"picked":"hermit:BigShot+1","floor":22},{"not_picked":["hermit:LuckOfTheDraw","hermit:DeadOrAlive"],"picked":"hermit:Enervate","floor":24},{"not_picked":["hermit:Glare","hermit:Misfire","hermit:Headshot"],"picked":"SKIP","floor":25},{"not_picked":["hermit:OverwhelmingPower","hermit:Adapt"],"picked":"hermit:HeroicBravado","floor":33},{"not_picked":["hermit:Misfire","hermit:Virtue"],"picked":"hermit:EyeOfTheStorm","floor":35},{"not_picked":["hermit:Grudge+1","hermit:Headshot","hermit:SprayPray"],"picked":"SKIP","floor":38},{"not_picked":["hermit:BodyArmor+1","hermit:HighCaliber+1","hermit:Virtue"],"picked":"SKIP","floor":39},{"not_picked":["hermit:BigShot","hermit:Quickdraw"],"picked":"hermit:Dive","floor":41},{"not_picked":["hermit:Spite","hermit:HighCaliber","hermit:FullyLoaded"],"picked":"SKIP","floor":44},{"not_picked":["hermit:Coalescence","hermit:Dissolve","hermit:Manifest+1"],"picked":"SKIP","floor":45},{"not_picked":["hermit:HighCaliber","hermit:Roulette+1"],"picked":"hermit:Dive","floor":46},{"not_picked":["hermit:Snipe","hermit:ItchyTrigger+1","hermit:HighCaliber+1"],"picked":"SKIP","floor":48}],"player_experience":3184155,"relics_obtained":[{"floor":1,"key":"LetterFromLob"},{"floor":7,"key":"ReplayFunnel"},{"floor":9,"key":"Orichalcum"},{"floor":12,"key":"conspire:Boomerang"},{"floor":24,"key":"infinitespire:Magic Flask"},{"floor":26,"key":"Replay:Bottled Eggs"},{"floor":28,"key":"infinitespire:CheckeredPen"},{"floor":43,"key":"Centennial Puzzle"},{"floor":44,"key":"Thread and Needle"},{"floor":48,"key":"Replay:Bottled Steam"}],"event_choices":[{"cards_removed":["hermit:Strike_Hermit"],"damage_healed":0,"gold_gain":0,"player_choice":"Purged","damage_taken":0,"max_hp_gain":0,"max_hp_loss":0,"event_name":"Purifier","floor":11,"gold_loss":0},{"damage_healed":0,"gold_gain":0,"player_choice":"Leave","damage_taken":0,"max_hp_gain":0,"max_hp_loss":0,"event_name":"conspire:Investor","floor":30,"gold_loss":0},{"damage_healed":0,"gold_gain":0,"player_choice":"Got Potions","damage_taken":0,"max_hp_gain":0,"max_hp_loss":0,"event_name":"Lab","floor":36,"gold_loss":0}],"is_beta":false,"boss_relics":[{"not_picked":["Painkiller Herb","Ectoplasm"],"picked":"construct:ClawGrip"},{"not_picked":["ReplayTheSpireMod:SealedPack","Snecko Eye"],"picked":"ChewingGum"}],"items_purged_floors":[21,31],"is_endless":false,"potions_floor_spawned":[2,3,8,12,16,18,22,25,35,41,48],"ascension_level":8}}