{"host":"pjgcdp3h1plnbocs","time":1608927383,"event":{"mods":["AchievementEnabler","BaseMod","Colored Map","Highlight Path","Minty Spire (QoL Compilation)"],"gold_per_floor":[110,110,110,120,134,159,84,113,113,113,113],"floor_reached":10,"playtime":246,"items_purged":["Strike_G"],"score":110,"play_id":"8c57ea4d-3209-414a-a72b-2f2949a6c0e8","local_time":"20201225211623","is_ascension_mode":true,"campfire_choices":[],"circlet_count":0,"master_deck":["Strike_G","Strike_G","Strike_G","Strike_G","Defend_G","Defend_G","Defend_G","Defend_G","Defend_G","Survivor","Neutralize","Swift Strike","Dagger Spray+1","Cloak And Dagger","Backflip"],"relics":["Ring of the Snake","Darkstone Periapt","Question Card","HornCleat"],"acts_visited":["Exordium"],"potions_floor_usage":[],"damage_taken":[{"damage":8.0,"enemies":"Jaw Worm","floor":1.0,"turns":4.0},{"damage":1.0,"enemies":"2 Louse","floor":4.0,"turns":2.0},{"damage":1.0,"enemies":"Cultist","floor":5.0,"turns":3.0},{"damage":14.0,"enemies":"3 Sentries","floor":6.0,"turns":6.0},{"damage":19.0,"enemies":"Gremlin Nob","floor":8.0,"turns":4.0},{"damage":20,"enemies":"Lagavulin","floor":10,"turns":6}],"seed_played":"3300646503485859606","potions_obtained":[{"floor":4.0,"key":"FearPotion"}],"is_trial":false,"path_per_floor":["M","?","?","M","M","E","$","E","T","E"],"character_chosen":"THE_SILENT","items_purchased":[],"campfire_rested":0,"item_purchase_floors":[],"current_hp_per_floor":[55,55,55,54,53,39,39,20,20,0,0],"gold":113,"neow_bonus":"RANDOM_COLORLESS","is_daily":false,"chose_seed":false,"campfire_upgraded":0,"win_rate":0.0,"timestamp":1608927383,"path_taken":["M","?","?","M","M","E","$","E","T","E"],"items_purchased_type":[],"build_version":"2020-12-22","purchased_purges":1,"victory":false,"max_hp_per_floor":[70,70,70,70,70,70,70,70,70,70,70],"card_choices":[{"not_picked":["Madness","Dark Shackles"],"picked":"Swift Strike","floor":0.0},{"not_picked":["Quick Slash","PiercingWail"],"picked":"Dagger Spray","floor":1.0},{"not_picked":["Underhanded Strike","Acrobatics","All Out Attack"],"picked":"SKIP","floor":4.0},{"not_picked":["Dagger Throw","Dagger Spray"],"picked":"Cloak And Dagger","floor":5.0},{"not_picked":["Wraith Form v2","Dagger Throw","Backstab"],"picked":"SKIP","floor":6.0},{"not_picked":["Caltrops","Acrobatics"],"picked":"Backflip","floor":8.0}],"player_experience":161716,"relics_obtained":[{"floor":6.0,"key":"Darkstone Periapt"},{"floor":8.0,"key":"Question Card"},{"floor":9.0,"key":"HornCleat"}],"event_choices":[{"damage_healed":0.0,"max_hp_gain":0.0,"max_hp_loss":0.0,"gold_gain":0.0,"event_name":"Liars Game","player_choice":"Ignored","floor":2.0,"gold_loss":0.0,"damage_taken":0.0},{"damage_healed":0.0,"max_hp_gain":0.0,"max_hp_loss":0.0,"gold_gain":0.0,"event_name":"Living Wall","player_choice":"Grow","floor":3.0,"gold_loss":0.0,"damage_taken":0.0,"cards_upgraded":["Dagger Spray"]}],"is_beta":false,"boss_relics":[],"items_purged_floors":[7],"is_endless":false,"potions_floor_spawned":[4],"killed_by":"Lagavulin","ascension_level":9}}