{"host":"Koishi","time":1608878255,"event":{"mods":["2.2 Compatiblity","AchievementEnabler","Act Like it!","BaseMod","Better Match","Better Note","Better Sensory Stone","Better Third Choice","ChefMod","Chen","Colored Powertips","Conspire","Downfall","Gensokyo","Hermit","Hubris","Koishi","Lobotomy","LobotomyExtend","MarisaÅiñ∂âJÅ@ñÇóùçπÅj","Minty Spire (QoL Compilation)","Quick Restart","Rare Cards Sparkle","ReimuÅiîé??öÎÅj","Relic Stats","Robot Space Explorer","SCP261 Mod","Shedinja","Spicy Shops","StSLib","The Blue Laboratory","The Construct","The Disciple","The Forsaken","The Gatherer","The Problem Sleuth","everything is the same but u backflip on backflip","Åy?ï®?îvÅzREMEMod"],"gold_per_floor":[510,525,450,530,550,568,568,236,236,270,302,302,114,130,150,150,150],"floor_reached":16,"playtime":864,"items_purged":["Normality"],"score":119,"play_id":"da9eb6f2-a469-4b56-9997-b67b9b4337ca","local_time":"20201225013735","is_ascension_mode":true,"campfire_choices":[],"circlet_count":0,"master_deck":["SpecialBullet","SpecialBullet","SpecialBullet","SpecialBullet","SpecialBullet","SpecialBullet","SpecialBullet","SpecialBullet","TrainingCode","RecordCode","ExtractionCode","Gatherer:CursedBlade","Lamp+1","DaCapo+1","WristCuter","BearPaw","ParadiseLost","Hypocrisy","InformationCode","TodaysExpression","Twilight","NothingThere","Moonlight","ScreamingWedge","Regret_ego","UniverseFragment","Soda"],"relics":["CogitoBucket","REME_ComplimentaryCards","LetterFromLob","theForsaken:ScaryMask","Mummified Hand","Lantern","Peace Pipe","SCP261:SadistsTumblerRelic","SkinProphecy","PreservedInsect"],"acts_visited":["Gensokyo:Gensokyo"],"potions_floor_usage":[14,16],"damage_taken":[{"damage":0,"enemies":"Gensokyo:Gryphon","floor":2,"turns":2},{"damage":0,"enemies":"Gensokyo:Python","floor":5,"turns":2},{"damage":0,"enemies":"Gensokyo:3_Fairies","floor":6,"turns":4},{"damage":0,"enemies":"downfall:FleeingMerchant","floor":8,"turns":4},{"damage":10,"enemies":"Gensokyo:Mamizou","floor":10,"turns":7},{"damage":44,"enemies":"Gensokyo:Cirno","floor":11,"turns":6},{"damage":4,"enemies":"Gensokyo:VengefulSpirit","floor":14,"turns":3},{"damage":17,"enemies":"Gensokyo:3_Kodama","floor":15,"turns":3},{"damage":77,"enemies":"downfall:Silent","floor":16,"turns":5}],"seed_played":"3648816639633120953","potions_obtained":[{"floor":5,"key":"EssenceOfSteel"},{"floor":15,"key":"SCP261:BostonMolassesPotion"}],"is_trial":false,"path_per_floor":["R","M","?","?","M","M","T","$","R","E","?","R","COS","M","M","B"],"character_chosen":"Angela","items_purchased":["Mummified Hand"],"campfire_rested":0,"item_purchase_floors":[8],"current_hp_per_floor":[49,49,49,49,49,61,61,64,64,66,38,38,38,70,69,0,0],"gold":150,"neow_bonus":"TWO_FIFTY_GOLD","is_daily":false,"chose_seed":false,"campfire_upgraded":0,"win_rate":0.0,"timestamp":1608878255,"path_taken":["R","M","?","?","?","M","T","$","R","E","?","R","COS","M","M","BOSS"],"items_purchased_type":["Relic"],"build_version":"2020-12-18","purchased_purges":1,"victory":false,"max_hp_per_floor":[70,70,70,70,70,70,70,70,70,70,70,70,70,70,72,74,74],"relic_stats":{"Peace Pipe":0,"counters":[10,37],"Mummified Hand":[7],"PreservedInsect":0,"obtain_stats":[{"Peace Pipe":11,"CogitoBucket":0,"theForsaken:ScaryMask":7,"Lantern":10,"Mummified Hand":8,"SCP261:SadistsTumblerRelic":13,"PreservedInsect":15,"LetterFromLob":2,"SkinProphecy":14,"REME_ComplimentaryCards":0},{"Peace Pipe":6,"CogitoBucket":0,"theForsaken:ScaryMask":3,"Lantern":5,"Mummified Hand":4,"SCP261:SadistsTumblerRelic":6,"PreservedInsect":9,"LetterFromLob":1,"SkinProphecy":8,"REME_ComplimentaryCards":0},{"Peace Pipe":25,"CogitoBucket":0,"theForsaken:ScaryMask":8,"Lantern":19,"Mummified Hand":12,"SCP261:SadistsTumblerRelic":25,"PreservedInsect":30,"LetterFromLob":2,"SkinProphecy":29,"REME_ComplimentaryCards":0}]},"card_choices":[{"not_picked":["SomewhereSpear","Wingbeat"],"picked":"Lamp","floor":2},{"not_picked":["GoldRush+1","Pinks+1"],"picked":"DaCapo+1","floor":3},{"not_picked":["ShyLook","SpiderBud"],"picked":"QueenOfHatred","floor":5},{"not_picked":["Noise","BlueScar"],"picked":"WristCuter","floor":5},{"not_picked":["Tough","WristCuter"],"picked":"BearPaw","floor":6},{"not_picked":["FourthMatchFlame","BearPaw"],"picked":"ParadiseLost","floor":6},{"not_picked":["Loneliness","Tough"],"picked":"Hypocrisy","floor":8},{"not_picked":["Pleasure","Amita","RedEyes"],"picked":"SKIP","floor":8},{"not_picked":["Diffraction","Discord"],"picked":"TodaysExpression","floor":10},{"not_picked":["Heaven","Christmas","Harvest"],"picked":"SKIP","floor":10},{"not_picked":["TheSmile","CUTE"],"picked":"Twilight","floor":11},{"not_picked":["GalaxyChild","FairyFestival"],"picked":"NothingThere","floor":11},{"not_picked":["Beak","TodaysExpression"],"picked":"Moonlight","floor":11},{"not_picked":["Wingbeat","WristCuter"],"picked":"ScreamingWedge","floor":14},{"not_picked":["RedEyes","CUTE"],"picked":"Regret_ego","floor":14},{"not_picked":["NakedNest","HappyTeddy"],"picked":"UniverseFragment","floor":15},{"not_picked":["FourthMatchFlame","Regret_ego"],"picked":"Soda","floor":15}],"player_experience":240236,"relics_obtained":[{"floor":2,"key":"LetterFromLob"},{"floor":7,"key":"theForsaken:ScaryMask"},{"floor":10,"key":"Lantern"},{"floor":11,"key":"Peace Pipe"}],"event_choices":[{"damage_healed":0,"gold_gain":0,"player_choice":"2","damage_taken":0,"max_hp_gain":0,"max_hp_loss":0,"event_name":"betterMatch:BetterMatch","floor":3,"gold_loss":0,"cards_obtained":["betterMatch:RareCard"]}],"is_beta":true,"boss_relics":[],"items_purged_floors":[8],"is_endless":false,"potions_floor_spawned":[5,15],"killed_by":"downfall:Silent","ascension_level":2}}