{"host":"5o2n8gt0sn3szjgb","time":1608877059,"event":{"mods":["Arknights The Spire","BaseMod","Minty Spire (QoL Compilation)","StSLib","The Caster","The Marked"],"gold_per_floor":[118,118,43,58,58,58,84,84,156,156,156,168,186,201,201,304,304,319,319,319,334,354,354,354,354,381,392,404,404,119,137,137,242,242,255,255,108,108,56,69,69,69,69,69,89,89,89,89,89,89,89,89,11,45,45],"floor_reached":56,"playtime":3025,"items_purged":["ats:Strike G","ats:Cat Scratch"],"score":1168,"play_id":"6319445f-857d-46ca-a3a7-ea6fdc891415","local_time":"20201225141739","is_ascension_mode":false,"campfire_choices":[{"data":"ats:Disruption Kick","floor":6.0,"key":"SMITH"},{"data":"ats:Burning Ground","floor":10.0,"key":"SMITH"},{"data":"ats:Volcano","floor":15.0,"key":"SMITH"},{"data":"ats:Revitalization","floor":23.0,"key":"SMITH"},{"data":"ats:Emotion Absorption","floor":29.0,"key":"SMITH"},{"data":"ats:Echo Reverb","floor":32.0,"key":"SMITH"},{"data":"ats:Mental Burst","floor":41.0,"key":"SMITH"},{"data":"ats:Ignite","floor":46.0,"key":"SMITH"},{"floor":49.0,"key":"RECALL"},{"data":"ats:Volcano","floor":52.0,"key":"SMITH"}],"circlet_count":0,"master_deck":["ats:Emotion Absorption+1","ats:Burning Ground+1","ats:Disruption Kick+1","ats:Volcano+1","ats:LN2 Cannon","ats:Echo Reverb+1","ats:Spore Proliferation","ats:Sword Rain","ats:Thermite Blade","Ghostly","Ghostly","Ghostly","Ghostly","Ghostly","ats:Revitalization+1","ats:Burning Ground+1","ats:Mental Burst+1","ats:Wolf Pack","ats:Volcano+1","ats:Ignite+1","ats:Flame Of Heaven+1"],"relics":["ats:Sanity","NeowsBlessing","Incense Burner","ats:Originium","StrikeDummy","Vajra","ats:Military Tradition","Pandora\u0027s Box","Vajra","Philosopher\u0027s Stone","ats:MaxSp3","Sundial","Vajra","Du-Vu Doll","ats:Originium","TungstenRod"],"acts_visited":["Exordium","TheCity","TheBeyond","TheEnding"],"potions_floor_usage":[55],"damage_taken":[{"damage":0.0,"enemies":"Small Slimes","floor":1.0,"turns":1.0},{"damage":0.0,"enemies":"Cultist","floor":4.0,"turns":1.0},{"damage":0.0,"enemies":"Lagavulin","floor":7.0,"turns":1.0},{"damage":0.0,"enemies":"2 Louse","floor":12.0,"turns":2.0},{"damage":22.0,"enemies":"Large Slime","floor":13.0,"turns":3.0},{"damage":6.0,"enemies":"Exordium Wildlife","floor":14.0,"turns":2.0},{"damage":1.0,"enemies":"Slime Boss","floor":16.0,"turns":8.0},{"damage":6.0,"enemies":"Chosen","floor":18.0,"turns":4.0},{"damage":1.0,"enemies":"Spheric Guardian","floor":21.0,"turns":3.0},{"damage":8.0,"enemies":"Cultist and Chosen","floor":22.0,"turns":6.0},{"damage":4.0,"enemies":"3 Cultists","floor":27.0,"turns":4.0},{"damage":2.0,"enemies":"Sentry and Sphere","floor":28.0,"turns":4.0},{"damage":5.0,"enemies":"Shelled Parasite and Fungi","floor":31.0,"turns":5.0},{"damage":30.0,"enemies":"Collector","floor":33.0,"turns":8.0},{"damage":2.0,"enemies":"3 Shapes","floor":35.0,"turns":5.0},{"damage":6.0,"enemies":"3 Darklings","floor":40.0,"turns":3.0},{"damage":1.0,"enemies":"Sphere and 2 Shapes","floor":45.0,"turns":3.0},{"damage":26.0,"enemies":"Awakened One","floor":50.0,"turns":9.0},{"damage":9.0,"enemies":"Shield and Spear","floor":54.0,"turns":5.0},{"damage":24,"enemies":"The Heart","floor":55,"turns":9}],"seed_played":"-4849437264571892162","potions_obtained":[{"floor":1.0,"key":"Regen Potion"},{"floor":13.0,"key":"FairyPotion"},{"floor":18.0,"key":"Strength Potion"},{"floor":28.0,"key":"SkillPotion"},{"floor":33.0,"key":"DistilledChaos"}],"is_trial":false,"path_per_floor":["M","?","$","M","?","R","E","?","T","R","?","M","M","M","R","B",null,"M","?","?","M","M","R","?","?","T","M","M","R","$","M","R","B",null,"M","?","$","T","$","M","R","?","T","?","M","R","?","?","R","B",null,"R","$","E","B",null],"character_chosen":"DOCTOR_CLASS","items_purchased":["ats:Mental Burst","ats:Wolf Pack","ats:MaxSp3","ats:Ignite","DistilledChaos"],"campfire_rested":0,"item_purchase_floors":[30,30,37,39,53],"current_hp_per_floor":[72,72,72,72,54,54,54,54,54,54,47,47,25,19,19,33,72,66,36,36,35,29,29,29,29,29,31,34,34,34,33,33,12,36,36,36,36,36,36,30,30,30,30,30,32,32,32,32,32,16,34,34,34,28,12],"gold":45,"neow_bonus":"THREE_ENEMY_KILL","is_daily":false,"chose_seed":false,"campfire_upgraded":9,"win_rate":0.0,"timestamp":1608877059,"path_taken":["M","?","?","M","?","R","E","?","T","R","?","M","M","M","R","BOSS","M","?","?","M","?","R","?","?","T","?","M","R","$","M","R","BOSS","M","?","$","?","$","M","R","?","T","?","?","R","?","?","R","BOSS","R","$","E","BOSS"],"items_purchased_type":["Card","Card","Relic","Card","Potion"],"build_version":"2020-12-22","purchased_purges":2,"victory":true,"max_hp_per_floor":[72,72,72,72,72,72,72,72,72,72,72,72,72,72,72,72,72,72,36,36,36,36,36,36,36,36,36,36,36,36,36,36,36,36,36,36,36,36,36,36,36,36,36,36,36,36,36,34,34,34,34,34,34,34,34],"card_choices":[{"not_picked":["ats:Guardian Obelisk","ats:Consecutive Shot Auto"],"picked":"ats:Burning Ground","floor":1.0},{"not_picked":["ats:Steam Pump","ats:Hammer On","ats:Explosion Area Strengthen"],"picked":"SKIP","floor":4.0},{"not_picked":["ats:Assault Order","ats:Ignite"],"picked":"ats:Volcano","floor":7.0},{"not_picked":["ats:Charging Defense","ats:Cat Scratch"],"picked":"ats:LN2 Cannon","floor":12.0},{"not_picked":["ats:Chain Hook","ats:Flexible Camouflage","ats:Childhood Dance"],"picked":"SKIP","floor":13.0},{"not_picked":["ats:Demon Strength","ats:Song Of Battle","ats:Powerful Strike"],"picked":"SKIP","floor":14.0},{"not_picked":["ats:Roar Of Ursus","ats:Fractured Body"],"picked":"ats:Echo Reverb","floor":16.0},{"not_picked":["ats:Hammer On","ats:Poison Spread","ats:Healing Strengthening"],"picked":"SKIP","floor":18.0},{"not_picked":["ats:Apocalypse+1","ats:Explosion Area Strengthen+1"],"picked":"ats:Revitalization","floor":21.0},{"not_picked":["ats:Curse Doll","ats:Hammer On","ats:Flexible Camouflage"],"picked":"SKIP","floor":22.0},{"not_picked":["ats:Apocalypse+1","ats:Consecutive Shot Auto","ats:Flexible Camouflage"],"picked":"SKIP","floor":27.0},{"not_picked":["ats:Hammer On","ats:Collapsing Strike","ats:Rapid Magazine+1"],"picked":"SKIP","floor":28.0},{"not_picked":["ats:Curse Doll","ats:Consecutive Shot Auto","ats:Burning Ground"],"picked":"SKIP","floor":31.0},{"not_picked":["ats:Disruption Kick","ats:Shadow Assault"],"picked":"ats:Volcano","floor":33.0},{"not_picked":["ats:Neurotoxin","ats:Cat Scratch+1","ats:Composite Medical Shells+1"],"picked":"SKIP","floor":35.0},{"not_picked":["ats:Flexible Camouflage","ats:Part Time Job","ats:Curse Doll+1"],"picked":"SKIP","floor":40.0},{"not_picked":["ats:Revitalization","ats:Leaping Hammer"],"picked":"ats:Flame Of Heaven+1","floor":45.0},{"not_picked":["ats:Explosion Area Strengthen+1","ats:Powerful Strike+1","ats:Echo Reverb"],"picked":"SKIP","floor":54.0}],"player_experience":217666,"relics_obtained":[{"floor":7.0,"key":"ats:Originium"},{"floor":7.0,"key":"StrikeDummy"},{"floor":9.0,"key":"ats:Military Tradition"},{"floor":38.0,"key":"Sundial"},{"floor":43.0,"key":"Du-Vu Doll"},{"floor":54.0,"key":"ats:Originium"},{"floor":54.0,"key":"TungstenRod"}],"event_choices":[{"damage_healed":0.0,"max_hp_gain":0.0,"max_hp_loss":0.0,"gold_gain":0.0,"event_name":"Match and Keep!","player_choice":"1 cards matched","floor":2.0,"gold_loss":0.0,"damage_taken":0.0,"cards_obtained":["ats:Disruption Kick"]},{"damage_healed":0.0,"max_hp_gain":0.0,"max_hp_loss":0.0,"gold_gain":0.0,"event_name":"Scrap Ooze","player_choice":"Success","floor":5.0,"gold_loss":0.0,"damage_taken":18.0,"relics_obtained":["Incense Burner"]},{"cards_removed":["ats:Strike V"],"damage_healed":0.0,"max_hp_gain":0.0,"max_hp_loss":0.0,"gold_gain":0.0,"event_name":"Golden Wing","player_choice":"Card Removal","floor":11.0,"gold_loss":0.0,"damage_taken":7.0},{"damage_healed":0.0,"max_hp_gain":0.0,"max_hp_loss":36.0,"gold_gain":0.0,"event_name":"Ghosts","player_choice":"Became a Ghost","floor":19.0,"gold_loss":0.0,"damage_taken":0.0,"cards_obtained":["Ghostly","Ghostly","Ghostly","Ghostly","Ghostly"]},{"cards_removed":["ats:Cat Scratch"],"damage_healed":5.0,"max_hp_gain":0.0,"max_hp_loss":0.0,"gold_gain":0.0,"event_name":"Bonfire Elementals","player_choice":"Offered Common","floor":20.0,"gold_loss":0.0,"damage_taken":0.0},{"cards_removed":["ats:Cat Scratch"],"damage_healed":5.0,"max_hp_gain":0.0,"max_hp_loss":0.0,"gold_gain":0.0,"event_name":"Bonfire Elementals","player_choice":"Offered Special","floor":20.0,"gold_loss":0.0,"damage_taken":0.0},{"damage_healed":0.0,"max_hp_gain":0.0,"max_hp_loss":0.0,"gold_gain":0.0,"event_name":"Duplicator","player_choice":"Copied","floor":24.0,"gold_loss":0.0,"damage_taken":0.0,"cards_obtained":["ats:Burning Ground"]},{"cards_removed":["ats:Armor Crushing Shot"],"damage_healed":0.0,"max_hp_gain":0.0,"max_hp_loss":0.0,"gold_gain":0.0,"event_name":"Purifier","player_choice":"Purged","floor":36.0,"gold_loss":0.0,"damage_taken":0.0},{"damage_healed":0.0,"max_hp_gain":0.0,"max_hp_loss":0.0,"gold_gain":0.0,"event_name":"SensoryStone","player_choice":"Memory 1","floor":44.0,"gold_loss":0.0,"damage_taken":0.0},{"cards_removed":["ats:Very Hot Blade"],"damage_healed":0.0,"max_hp_gain":0.0,"max_hp_loss":0.0,"gold_gain":0.0,"event_name":"Falling","player_choice":"Removed Attack","floor":47.0,"gold_loss":0.0,"damage_taken":0.0},{"damage_healed":0.0,"max_hp_gain":0.0,"max_hp_loss":2.0,"gold_gain":0.0,"event_name":"Winding Halls","player_choice":"Max HP","floor":48.0,"gold_loss":0.0,"damage_taken":0.0}],"is_beta":false,"boss_relics":[{"not_picked":["Cursed Key","SlaversCollar"],"picked":"Pandora\u0027s Box"},{"not_picked":["SacredBark","Busted Crown"],"picked":"Philosopher\u0027s Stone"}],"items_purged_floors":[3,30],"is_endless":false,"potions_floor_spawned":[1,13,18,28,31,33,35],"ascension_level":0}}