{"host":"0fm1w3v00gid44jl","time":1608916539,"event":{"mods":["AchievementEnabler","BaseMod","Colored Map","Colored Powertips","Displayed Cursed Tome","Downfall","Googly Eyes","Highlight Path","Minty Spire (QoL Compilation)","Permanent Neow","Relic Stats","StSLib","SuperFastMode","slay the spire mod where everything is the same but ironclad has a cowboy hat"],"gold_per_floor":[0,12,31,49,64,64,87,87,87,101,101,118,132,149,163,163,163,163],"floor_reached":16,"playtime":531,"items_purged":[],"score":108,"play_id":"994f463b-4f81-44e5-99de-cba92a11dfe4","local_time":"20201225111539","is_ascension_mode":true,"campfire_choices":[{"data":"champ:FalseCounter","floor":1,"key":"SMITH"},{"data":"champ:Control","floor":9,"key":"SMITH"},{"data":"champ:DefensiveShout","floor":11,"key":"SMITH"}],"circlet_count":0,"master_deck":["champ:Strike","champ:Strike","champ:Strike+1","champ:Strike","champ:Defend","champ:Defend","champ:Defend","champ:Taunt","champ:Control+1","champ:FalseCounter+1","champ:ViciousMockery+1","champ:ShieldSigil","champ:DefensiveShout+1","champ:TornadoPunch+1","Shame","champ:ShieldSigil","champ:EnGarde","champ:Circumvent"],"relics":["champ:ChampionCrown","Potion Belt"],"acts_visited":["Exordium"],"potions_floor_usage":[16,16],"damage_taken":[{"damage":0,"enemies":"Cultist","floor":2,"turns":4},{"damage":9,"enemies":"Small Slimes","floor":3,"turns":5},{"damage":6,"enemies":"Jaw Worm","floor":4,"turns":3},{"damage":21,"enemies":"Exordium Wildlife","floor":5,"turns":5},{"damage":26,"enemies":"Red Slaver","floor":10,"turns":2},{"damage":9,"enemies":"Large Slime","floor":12,"turns":3},{"damage":16,"enemies":"3 Louse","floor":13,"turns":2},{"damage":0,"enemies":"Lots of Slimes","floor":14,"turns":1},{"damage":0,"enemies":"Exordium Wildlife","floor":15,"turns":1},{"damage":23,"enemies":"downfall:Silent","floor":16,"turns":6}],"seed_played":"6513525943987674612","potions_obtained":[{"floor":2,"key":"PowerPotion"},{"floor":4,"key":"SpeedPotion"},{"floor":12,"key":"Energy Potion"}],"is_trial":false,"path_per_floor":["R","M","M","M","M","?","T","?","R","M","R","M","M","M","M","B"],"character_chosen":"THE_CHAMP","items_purchased":[],"campfire_rested":0,"item_purchase_floors":[],"current_hp_per_floor":[90,90,86,80,59,59,59,59,59,43,43,34,21,21,21,0,0,0],"gold":163,"neow_bonus":"TRANSFORM_TWO_CARDS","is_daily":false,"chose_seed":false,"campfire_upgraded":3,"win_rate":0.0,"timestamp":1608916539,"path_taken":["R","M","M","M","M","?","T","?","R","M","R","M","?","?","M","BOSS"],"items_purchased_type":[],"build_version":"2020-12-22","purchased_purges":0,"victory":false,"max_hp_per_floor":[90,90,90,90,90,90,90,90,90,90,90,90,90,90,90,90,90,90],"relic_stats":{"counters":[10,32],"obtain_stats":[{"Potion Belt":7,"champ:ChampionCrown":0},{"Potion Belt":4,"champ:ChampionCrown":0},{"Potion Belt":17,"champ:ChampionCrown":0}]},"card_choices":[{"not_picked":["champ:FlashCut","champ:AdrenalArmor"],"picked":"champ:ViciousMockery","floor":2},{"not_picked":["champ:Haymaker","champ:StanceDance"],"picked":"champ:ShieldSigil","floor":3},{"not_picked":["champ:GutPunch","champ:TornadoPunch"],"picked":"champ:DefensiveShout","floor":4},{"not_picked":["champ:Aggression","champ:HeavySlash"],"picked":"champ:TornadoPunch","floor":5},{"not_picked":["champ:BerserkersShout","champ:EnragedBash"],"picked":"champ:ShieldSigil","floor":10},{"not_picked":["champ:TornadoPunch","champ:StanceDance","champ:FlashCut"],"picked":"SKIP","floor":12},{"not_picked":["champ:BringItOn","champ:ShieldSigil"],"picked":"champ:EnGarde","floor":13},{"not_picked":["champ:SkillfulDodge","champ:BladeFlurry"],"picked":"champ:Circumvent","floor":14},{"not_picked":["champ:FocusedBerserking","champ:GladiatorStyle","champ:BerserkersShout"],"picked":"SKIP","floor":15}],"player_experience":1452105,"relics_obtained":[{"floor":7,"key":"Potion Belt"}],"event_choices":[{"damage_healed":0,"gold_gain":0,"cards_transformed":["Regret"],"player_choice":"Transformed","damage_taken":0,"max_hp_gain":0,"max_hp_loss":0,"event_name":"Transmorgrifier","floor":8,"gold_loss":0,"cards_obtained":["Shame"]}],"is_beta":false,"boss_relics":[],"items_purged_floors":[],"is_endless":false,"potions_floor_spawned":[2,4,12],"killed_by":"downfall:Silent","ascension_level":2}}