{"host":"vddkjx04kiwje1tk","time":1608910172,"event":{"mods":["AchievementEnabler","BaseMod","Colored Map","Minty Spire (QoL Compilation)","Quick Restart","SuperFastMode"],"gold_per_floor":[111,121,121,121,141,141,152,152,152,178,192,217,217,95,95,95,95],"floor_reached":16,"playtime":294,"items_purged":["Strike_G"],"score":138,"play_id":"c306f856-7750-427f-bc97-de779836f2a2","local_time":"20201226002932","is_ascension_mode":true,"campfire_choices":[{"data":"Poisoned Stab","floor":6,"key":"SMITH"},{"data":"Neutralize","floor":8,"key":"SMITH"},{"floor":15,"key":"REST"}],"circlet_count":0,"master_deck":["Strike_G","Strike_G","Strike_G","Defend_G","Defend_G","Defend_G","Defend_G","Survivor","Neutralize+1","Deadly Poison","Poisoned Stab+1","Footwork","Adrenaline","Poisoned Stab","Deadly Poison"],"relics":["Ring of the Snake","NeowsBlessing","Unceasing Top","Pear","Anchor","Regal Pillow"],"acts_visited":["Exordium"],"potions_floor_usage":[12],"damage_taken":[{"damage":0,"enemies":"Cultist","floor":1,"turns":1},{"damage":0,"enemies":"2 Louse","floor":2,"turns":1},{"damage":0,"enemies":"Jaw Worm","floor":5,"turns":1},{"damage":9,"enemies":"Blue Slaver","floor":7,"turns":4},{"damage":15,"enemies":"Lagavulin","floor":10,"turns":5},{"damage":16,"enemies":"Large Slime","floor":11,"turns":7},{"damage":16,"enemies":"3 Sentries","floor":12,"turns":10},{"damage":5,"enemies":"Slime Boss","floor":16,"turns":5}],"seed_played":"-4306684558399445723","potions_obtained":[{"floor":1,"key":"Weak Potion"},{"floor":2,"key":"LiquidMemories"},{"floor":7,"key":"SneckoOil"}],"is_trial":false,"path_per_floor":["M","M","?","?","M","R","M","R","T","E","M","E","?","$","R","B"],"character_chosen":"THE_SILENT","items_purchased":["Deadly Poison"],"campfire_rested":1,"item_purchase_floors":[14],"current_hp_per_floor":[70,70,63,56,56,56,47,47,57,42,26,10,10,10,49,44,44],"gold":95,"neow_bonus":"THREE_ENEMY_KILL","is_daily":false,"chose_seed":false,"campfire_upgraded":2,"win_rate":0.0,"timestamp":1608910172,"path_taken":["M","M","?","?","M","R","M","R","T","E","?","E","?","$","R","BOSS"],"items_purchased_type":["Card"],"build_version":"2020-12-22","purchased_purges":1,"victory":false,"max_hp_per_floor":[70,70,70,70,70,70,70,70,80,80,80,80,80,80,80,80,80],"card_choices":[{"not_picked":["Dash","PiercingWail","Cloak And Dagger"],"picked":"SKIP","floor":1},{"not_picked":["Dagger Spray","PiercingWail"],"picked":"Deadly Poison","floor":2},{"not_picked":["Flying Knee","Masterful Stab"],"picked":"Poisoned Stab","floor":5},{"not_picked":["Cloak And Dagger","Underhanded Strike"],"picked":"Footwork","floor":7},{"not_picked":["Dash","Tactician"],"picked":"Adrenaline","floor":10},{"not_picked":["Deadly Poison","Flechettes"],"picked":"Poisoned Stab","floor":11},{"not_picked":["Reflex","Blade Dance","Bane"],"picked":"SKIP","floor":12}],"player_experience":222959,"relics_obtained":[{"floor":9,"key":"Pear"},{"floor":10,"key":"Anchor"},{"floor":12,"key":"Regal Pillow"}],"event_choices":[{"damage_healed":0,"gold_gain":0,"player_choice":"Success","damage_taken":7,"relics_obtained":["Unceasing Top"],"max_hp_gain":0,"max_hp_loss":0,"event_name":"Scrap Ooze","floor":3,"gold_loss":0},{"cards_removed":["Defend_G"],"damage_healed":0,"gold_gain":0,"player_choice":"Card Removal","damage_taken":7,"max_hp_gain":0,"max_hp_loss":0,"event_name":"Golden Wing","floor":4,"gold_loss":0},{"cards_removed":["Strike_G"],"damage_healed":0,"gold_gain":0,"player_choice":"Forget","damage_taken":0,"max_hp_gain":0,"max_hp_loss":0,"event_name":"Living Wall","floor":13,"gold_loss":0}],"is_beta":false,"boss_relics":[],"items_purged_floors":[14],"is_endless":false,"potions_floor_spawned":[1,2,7,11],"killed_by":"Slime Boss","ascension_level":5}}