{"host":"vc42n08di9czm3e7","time":1608923120,"event":{"mods":["AchievementEnabler","Act Like it!","BaseMod","Colored Powertips","Downfall","Friendly Minions","GifTheSpireLib","Minty Spire (QoL Compilation)","Rare Cards Sparkle","StSLib"],"gold_per_floor":[112,124,140,55,55,55,55,55,55,385,400,420,437,448,448,448,448],"floor_reached":16,"playtime":2711,"items_purged":[],"score":104,"play_id":"ea2e70dd-44b9-482f-8b5f-f307d04cdc3e","local_time":"20201225140520","is_ascension_mode":false,"campfire_choices":[{"data":"expansioncontent:Hexaburn","floor":6,"key":"SMITH"},{"data":"Spot Weakness","floor":15,"key":"SMITH"}],"circlet_count":0,"master_deck":["Strike_R","Strike_R","Strike_R+1","Strike_R","Strike_R","Defend_R","Defend_R","Defend_R","Defend_R","Bash","Corruption+1","Sword Boomerang","Spot Weakness+1","Thunderclap","expansioncontent:Hexaburn+1","Iron Wave","Perfected Strike","Perfected Strike","Shrug It Off","Impervious"],"relics":["Burning Blood","Toy Ornithopter","Ice Cream","Old Coin"],"acts_visited":["Exordium"],"potions_floor_usage":[12,12,13],"damage_taken":[{"damage":10,"enemies":"Jaw Worm","floor":1,"turns":4},{"damage":5,"enemies":"Small Slimes","floor":2,"turns":3},{"damage":6,"enemies":"Cultist","floor":3,"turns":3},{"damage":24,"enemies":"3 Sentries","floor":10,"turns":6},{"damage":9,"enemies":"Exordium Thugs","floor":11,"turns":4},{"damage":4,"enemies":"Gremlin Gang","floor":12,"turns":2},{"damage":12,"enemies":"Looter","floor":13,"turns":3},{"damage":24,"enemies":"Exordium Wildlife","floor":14,"turns":5},{"damage":34,"enemies":"The Guardian","floor":16,"turns":4}],"seed_played":"-667760556790596737","potions_obtained":[{"floor":2,"key":"champ:CounterPotion"},{"floor":3,"key":"Weak Potion"},{"floor":11,"key":"Fire Potion"},{"floor":14,"key":"Ancient Potion"}],"is_trial":false,"path_per_floor":["M","M","M","$","?","R","?","T","T","E","M","M","M","M","R","B"],"character_chosen":"IRONCLAD","items_purchased":["expansioncontent:Hexaburn"],"campfire_rested":0,"item_purchase_floors":[4],"current_hp_per_floor":[76,77,77,77,61,61,61,61,61,43,40,52,51,33,33,0,0],"gold":448,"neow_bonus":"ONE_RANDOM_RARE_CARD","is_daily":false,"chose_seed":false,"campfire_upgraded":2,"win_rate":0.0,"timestamp":1608923120,"path_taken":["M","M","M","$","?","R","?","?","T","E","M","M","M","M","R","BOSS"],"items_purchased_type":["Card"],"build_version":"2020-12-22","purchased_purges":0,"victory":false,"max_hp_per_floor":[80,80,80,80,80,80,80,80,80,80,80,80,80,80,80,80,80],"card_choices":[{"not_picked":["Power Through","Heavy Blade"],"picked":"Sword Boomerang","floor":1},{"not_picked":["Bloodletting","Anger"],"picked":"Spot Weakness","floor":2},{"not_picked":["Havoc","Second Wind"],"picked":"Thunderclap","floor":3},{"not_picked":["Inflame","Pommel Strike"],"picked":"Iron Wave","floor":10},{"not_picked":["Wild Strike","Armaments"],"picked":"Perfected Strike","floor":11},{"not_picked":["True Grit","Combust"],"picked":"Perfected Strike","floor":12},{"not_picked":["Metallicize","Body Slam"],"picked":"Shrug It Off","floor":13},{"not_picked":["Armaments","Seeing Red"],"picked":"Impervious","floor":14}],"player_experience":225961,"relics_obtained":[{"floor":8,"key":"Toy Ornithopter"},{"floor":9,"key":"Ice Cream"},{"floor":10,"key":"Old Coin"}],"event_choices":[{"damage_healed":0,"gold_gain":0,"player_choice":"Entered Light","damage_taken":16,"max_hp_gain":0,"max_hp_loss":0,"event_name":"Shining Light","floor":5,"gold_loss":0,"cards_upgraded":["Strike_R","Corruption"]},{"damage_healed":0,"gold_gain":0,"player_choice":"Ignored","damage_taken":0,"max_hp_gain":0,"max_hp_loss":0,"event_name":"Liars Game","floor":7,"gold_loss":0}],"is_beta":false,"boss_relics":[],"items_purged_floors":[],"is_endless":false,"potions_floor_spawned":[2,3,11,14],"killed_by":"The Guardian","ascension_level":0}}