{"host":"gn186bjtwta2igqx","time":1608902102,"event":{"mods":["BaseMod","BetterRewards","Colored Map","Downfall","Infinite Spire","Minty Spire (QoL Compilation)","StSLib"],"gold_per_floor":[119,119,119,119,130,130,155,10,85,100,115,128,138,153,153,250,250,267,286,301,315,315,315,315,315,315,325,325,31,31,46,46,145,145,161,7,7,17,37,37,37],"floor_reached":40,"playtime":2151,"items_purged":["Defend_P"],"score":467,"play_id":"5f508d72-528f-4b4f-8a9b-d3e6482192d7","local_time":"20201225141502","is_ascension_mode":false,"campfire_choices":[{"data":"Eruption","floor":6,"key":"SMITH"},{"floor":15,"key":"REST"},{"floor":23,"key":"REST"},{"data":"Slimebound:CheckThePlaybook","floor":25,"key":"SMITH"},{"floor":28,"key":"REST"},{"data":"EmptyBody","floor":32,"key":"SMITH"}],"circlet_count":0,"master_deck":["Strike_P+1","Strike_P","Strike_P","Strike_P","Defend_P","Defend_P","Defend_P+1","Eruption+1","Vigilance","Consecrate+1","Pray","EmptyBody+1","ReachHeaven+1","BowlingBash+1","EmptyFist+1","FearNoEvil+1","Worship","SandsOfTime+1","DevaForm+1","Crescendo+1","Halt+1","SashWhip+1","SignatureMove+1","Slimebound:CheckThePlaybook+1","Slimebound:Icky","Blasphemy","FearNoEvil+1","FollowUp+1","LessonLearned+1","CurseOfTheBell","Evaluate+1","BattleHymn+1","FollowUp+1"],"relics":["PureWater","NeowsBlessing","Molten Egg 2","Singing Bowl","InkBottle","Black Star","Toy Ornithopter","Lee\u0027s Waffle","Calling Bell","Vajra","infinitespire:ShieldingShard","Dead Branch","Toolbox"],"acts_visited":["Exordium","TheCity","TheBeyond"],"potions_floor_usage":[11,16,16,16,21,21,33,38,38],"damage_taken":[{"damage":0,"enemies":"Cultist","floor":1,"turns":1},{"damage":0,"enemies":"Jaw Worm","floor":5,"turns":1},{"damage":0,"enemies":"Gremlin Nob","floor":7,"turns":1},{"damage":0,"enemies":"2 Louse","floor":10,"turns":1},{"damage":6,"enemies":"Red Slaver","floor":11,"turns":2},{"damage":25,"enemies":"Gremlin Gang","floor":12,"turns":4},{"damage":2,"enemies":"Looter","floor":13,"turns":2},{"damage":0,"enemies":"Large Slime","floor":14,"turns":3},{"damage":0,"enemies":"Slime Boss","floor":16,"turns":3},{"damage":28,"enemies":"3 Byrds","floor":18,"turns":5},{"damage":5,"enemies":"Chosen","floor":19,"turns":2},{"damage":15,"enemies":"Shelled Parasite and Fungi","floor":20,"turns":3},{"damage":7,"enemies":"Chosen and Byrds","floor":21,"turns":5},{"damage":25,"enemies":"Snake Plant","floor":27,"turns":3},{"damage":15,"enemies":"Centurion and Healer","floor":31,"turns":3},{"damage":12,"enemies":"Collector","floor":33,"turns":4},{"damage":21,"enemies":"3 Shapes","floor":35,"turns":3},{"damage":33,"enemies":"3 Darklings","floor":38,"turns":3},{"damage":6,"enemies":"Transient","floor":39,"turns":5},{"damage":32,"enemies":"Nightmare","floor":40,"turns":3}],"seed_played":"3350587750956131757","potions_obtained":[{"floor":1,"key":"Strength Potion"},{"floor":7,"key":"DuplicationPotion"},{"floor":11,"key":"sneckomod:MuddlingPotion"},{"floor":13,"key":"Fire Potion"},{"floor":16,"key":"Energy Potion"},{"floor":19,"key":"Explosive Potion"},{"floor":31,"key":"AttackPotion"},{"floor":33,"key":"Weak Potion"},{"floor":39,"key":"infinitespire:BlackPotion"}],"is_trial":false,"path_per_floor":["M","?","?","?","M","R","E","$","T","M","M","M","M","M","R","B",null,"M","M","M","M","?","R","?","R","T","M","R","$","?","M","R","B",null,"M","$","?","M","M","NM"],"character_chosen":"WATCHER","items_purchased":["ReachHeaven+1","Lee\u0027s Waffle","Strength Potion","sneckomod:MuddlingPotion","FearNoEvil+1","Toolbox"],"campfire_rested":3,"item_purchase_floors":[8,29,29,29,29,36],"current_hp_per_floor":[72,58,46,46,46,46,46,46,46,46,40,15,13,13,34,34,72,44,39,24,17,17,38,38,38,38,13,34,79,79,66,66,59,81,60,60,60,37,31,0,0],"gold":37,"neow_bonus":"THREE_ENEMY_KILL","is_daily":false,"chose_seed":false,"campfire_upgraded":3,"win_rate":0.0,"timestamp":1608902102,"path_taken":["M","?","?","?","M","R","E","$","T","M","?","M","M","M","R","BOSS","M","M","?","M","?","R","?","R","T","M","R","$","?","M","R","BOSS","M","$","?","M","?","NM"],"items_purchased_type":["Card","Relic","Potion","Potion","Card","Relic"],"build_version":"2020-12-22","purchased_purges":1,"victory":false,"max_hp_per_floor":[72,72,72,72,72,72,72,72,72,72,72,72,72,72,72,72,72,72,72,72,72,72,72,72,72,72,72,72,79,79,81,81,81,81,81,81,81,81,81,81,81],"card_choices":[{"not_picked":["BowlingBash","Prostrate"],"picked":"Consecrate","floor":1},{"not_picked":["ClearTheMind","EmptyBody"],"picked":"Pray","floor":5},{"not_picked":["TalkToTheHand+1","Collect"],"picked":"EmptyBody","floor":7},{"not_picked":["Protect","ThirdEye"],"picked":"BowlingBash+1","floor":10},{"not_picked":["FlurryOfBlows+1","ThirdEye"],"picked":"EmptyFist+1","floor":11},{"not_picked":["Tantrum+1","Weave+1"],"picked":"FearNoEvil+1","floor":12},{"not_picked":["SashWhip+1","PathToVictory"],"picked":"Worship","floor":13},{"not_picked":["PathToVictory","JustLucky+1"],"picked":"SandsOfTime+1","floor":14},{"not_picked":["MasterReality","ConjureBlade"],"picked":"DevaForm","floor":16},{"not_picked":["ClearTheMind","Study"],"picked":"Crescendo+1","floor":18},{"not_picked":["SashWhip+1","Consecrate+1"],"picked":"Halt+1","floor":19},{"not_picked":["PathToVictory","Crescendo"],"picked":"SashWhip+1","floor":20},{"not_picked":["CrushJoints+1","EmptyBody+1"],"picked":"SignatureMove+1","floor":21},{"not_picked":["EmptyBody","JustLucky+1"],"picked":"Blasphemy","floor":27},{"not_picked":["Pray","TalkToTheHand+1","FlurryOfBlows+1"],"picked":"Singing Bowl","floor":31},{"not_picked":["Blasphemy","Omniscience"],"picked":"LessonLearned+1","floor":33},{"not_picked":["PathToVictory+1","Prostrate+1"],"picked":"Evaluate+1","floor":35},{"not_picked":["EmptyBody","Perseverance+1"],"picked":"BattleHymn+1","floor":38},{"not_picked":["TalkToTheHand+1","Nirvana"],"picked":"FollowUp+1","floor":39}],"player_experience":131341,"relics_obtained":[{"floor":7,"key":"Singing Bowl"},{"floor":9,"key":"InkBottle"},{"floor":26,"key":"Toy Ornithopter"},{"floor":34,"key":"Vajra"},{"floor":34,"key":"infinitespire:ShieldingShard"},{"floor":34,"key":"Dead Branch"}],"event_choices":[{"damage_healed":0,"gold_gain":0,"player_choice":"Entered Light","damage_taken":14,"max_hp_gain":0,"max_hp_loss":0,"event_name":"Shining Light","floor":2,"gold_loss":0,"cards_upgraded":["Defend_P","Consecrate"]},{"damage_healed":0,"gold_gain":0,"player_choice":"Success","damage_taken":12,"relics_obtained":["Molten Egg 2"],"max_hp_gain":0,"max_hp_loss":0,"event_name":"Scrap Ooze","floor":3,"gold_loss":0},{"damage_healed":0,"gold_gain":0,"player_choice":"Forge","damage_taken":0,"max_hp_gain":0,"max_hp_loss":0,"event_name":"Accursed Blacksmith","floor":4,"gold_loss":0,"cards_upgraded":["Strike_P"]},{"damage_healed":0,"gold_gain":0,"player_choice":"Ignored","damage_taken":0,"max_hp_gain":0,"max_hp_loss":0,"event_name":"Ghosts","floor":22,"gold_loss":0},{"damage_healed":0,"gold_gain":0,"player_choice":"Read","damage_taken":0,"max_hp_gain":0,"max_hp_loss":0,"event_name":"The Library","floor":30,"gold_loss":0,"cards_obtained":["FollowUp"]},{"damage_healed":0,"gold_gain":0,"player_choice":"Upgraded","damage_taken":0,"max_hp_gain":0,"max_hp_loss":0,"event_name":"Upgrade Shrine","floor":37,"gold_loss":0,"cards_upgraded":["DevaForm"]}],"is_beta":false,"boss_relics":[{"not_picked":["Runic Dome","infinitespire:Cupcake"],"picked":"Black Star"},{"not_picked":["Velvet Choker","SacredBark"],"picked":"Calling Bell"}],"items_purged_floors":[8],"is_endless":false,"potions_floor_spawned":[1,7,11,13,16,19,31,33,39],"killed_by":"Nightmare","ascension_level":0}}