{"host":"6xsbn6ynqlzwllfm","time":1608918245,"event":{"mods":["2.2 Compatiblity","BaseMod","Bestiary","Colored Map","Colored Powertips","Curses Come First","Downfall","Highlight Path","Keyboard Shortcuts","Minty Spire (QoL Compilation)","Quick Restart","Relic Stats","Slay the Relics Exporter","StSLib","SuperFastMode"],"gold_per_floor":[114,114,164,178,199,238,238,238,238,58,58,58,58,74,74,74,74],"floor_reached":16,"playtime":199,"items_purged":["Strike_R"],"score":196,"play_id":"983b7743-1f54-4a33-981d-64c1be9e3403","local_time":"20201225124405","is_ascension_mode":true,"campfire_choices":[{"floor":8,"key":"REST"},{"data":"Dramatic Entrance","floor":12,"key":"SMITH"},{"data":"Battle Trance","floor":15,"key":"SMITH"}],"circlet_count":0,"master_deck":["AscendersBane","Strike_R","Strike_R","Strike_R","Strike_R","Defend_R","Defend_R","Defend_R","Defend_R+1","Bash+1","Pommel Strike","Whirlwind+1","Pommel Strike","Battle Trance+1","Dramatic Entrance+1"],"relics":["Burning Blood","NeowsBlessing","Golden Idol","Charon\u0027s Ashes","Pocketwatch","Magic Flower"],"acts_visited":["Exordium"],"potions_floor_usage":[6],"damage_taken":[{"damage":0,"enemies":"Jaw Worm","floor":1,"turns":1},{"damage":0,"enemies":"Small Slimes","floor":4,"turns":1},{"damage":0,"enemies":"Cultist","floor":5,"turns":1},{"damage":42,"enemies":"3 Sentries","floor":6,"turns":7},{"damage":0,"enemies":"Exordium Wildlife","floor":14,"turns":1},{"damage":11,"enemies":"Hexaghost","floor":16,"turns":7}],"seed_played":"-2572662186029618041","potions_obtained":[{"floor":4,"key":"champ:CounterPotion"}],"is_trial":false,"path_per_floor":["M","?","?","M","M","E","?","R","T","$","?","R","?","M","R","B"],"character_chosen":"IRONCLAD","items_purchased":["Dramatic Entrance"],"campfire_rested":1,"item_purchase_floors":[10],"current_hp_per_floor":[74,68,68,68,68,32,14,34,34,34,14,14,14,23,23,12,12],"gold":74,"neow_bonus":"THREE_ENEMY_KILL","is_daily":false,"chose_seed":false,"campfire_upgraded":2,"win_rate":0.0,"timestamp":1608918245,"path_taken":["M","?","?","M","?","E","?","R","T","$","?","R","?","M","R","BOSS"],"items_purchased_type":["Card"],"build_version":"2020-12-22","purchased_purges":1,"victory":false,"max_hp_per_floor":[75,68,68,68,68,68,68,68,68,68,68,68,68,68,68,68,68],"relic_stats":{"counters":[6,17],"Golden Idol":18,"Magic Flower":[3],"Charon\u0027s Ashes":[11],"obtain_stats":[{"NeowsBlessing":0,"Golden Idol":2,"Magic Flower":9,"Charon\u0027s Ashes":6,"Burning Blood":0,"Pocketwatch":7},{"NeowsBlessing":0,"Golden Idol":1,"Magic Flower":4,"Charon\u0027s Ashes":4,"Burning Blood":0,"Pocketwatch":4},{"NeowsBlessing":0,"Golden Idol":1,"Magic Flower":10,"Charon\u0027s Ashes":10,"Burning Blood":0,"Pocketwatch":10}],"Burning Blood":21,"Pocketwatch":[12]},"card_choices":[{"not_picked":["Hemokinesis","Thunderclap"],"picked":"Pommel Strike","floor":1},{"not_picked":["Fire Breathing","Armaments"],"picked":"Whirlwind","floor":4},{"not_picked":["Pummel","Warcry"],"picked":"Pommel Strike","floor":5},{"not_picked":["Fire Breathing","Reckless Charge"],"picked":"Battle Trance","floor":6},{"not_picked":["Cleave","Thunderclap","Sentinel"],"picked":"SKIP","floor":14}],"player_experience":1257471,"relics_obtained":[{"floor":6,"key":"Charon\u0027s Ashes"},{"floor":9,"key":"Magic Flower"}],"event_choices":[{"damage_healed":0,"gold_gain":0,"player_choice":"Lose Max HP","damage_taken":0,"relics_obtained":["Golden Idol"],"max_hp_gain":0,"max_hp_loss":7,"event_name":"Golden Idol","floor":2,"gold_loss":0},{"damage_healed":0,"gold_gain":50,"player_choice":"Pray","damage_taken":0,"max_hp_gain":0,"max_hp_loss":0,"event_name":"Golden Shrine","floor":3,"gold_loss":0},{"damage_healed":0,"gold_gain":0,"player_choice":"Success","damage_taken":18,"relics_obtained":["Pocketwatch"],"max_hp_gain":0,"max_hp_loss":0,"event_name":"Scrap Ooze","floor":7,"gold_loss":0},{"damage_healed":0,"gold_gain":0,"player_choice":"Entered Light","damage_taken":20,"max_hp_gain":0,"max_hp_loss":0,"event_name":"Shining Light","floor":11,"gold_loss":0,"cards_upgraded":["Defend_R","Bash"]},{"damage_healed":0,"gold_gain":0,"player_choice":"Grow","damage_taken":0,"max_hp_gain":0,"max_hp_loss":0,"event_name":"Living Wall","floor":13,"gold_loss":0,"cards_upgraded":["Whirlwind"]}],"is_beta":false,"boss_relics":[],"items_purged_floors":[10],"is_endless":false,"potions_floor_spawned":[4],"killed_by":"Hexaghost","ascension_level":20}}