{"host":"51f0ad793vly1w6u","time":1608865161,"event":{"mods":["BaseMod","Colored Map","DeckTracker","Minty Spire (QoL Compilation)","StSLib","SuperFastMode"],"gold_per_floor":[118,118,133,144,155,180,180,199,199,199,199],"floor_reached":10,"playtime":217,"items_purged":[],"score":140,"play_id":"7bb307b9-5001-455c-8f3a-91704ce5b91f","local_time":"20201225115921","is_ascension_mode":true,"campfire_choices":[{"floor":7,"key":"REST"}],"circlet_count":0,"master_deck":["AscendersBane","Strike_R","Strike_R","Strike_R","Strike_R","Strike_R","Defend_R","Defend_R","Defend_R","Defend_R","Bash","Cleave","Reaper","Whirlwind","Exhume","Perfected Strike"],"relics":["Burning Blood","NeowsBlessing","Toy Ornithopter","Blue Candle"],"acts_visited":["Exordium"],"potions_floor_usage":[8,10],"damage_taken":[{"damage":0,"enemies":"2 Louse","floor":1,"turns":1},{"damage":0,"enemies":"Cultist","floor":3,"turns":1},{"damage":0,"enemies":"Jaw Worm","floor":4,"turns":1},{"damage":41,"enemies":"Large Slime","floor":5,"turns":8},{"damage":55,"enemies":"3 Sentries","floor":6,"turns":7},{"damage":8,"enemies":"Exordium Wildlife","floor":8,"turns":3},{"damage":39,"enemies":"Lagavulin","floor":10,"turns":7}],"seed_played":"-5412280685995090137","potions_obtained":[{"floor":5,"key":"Ancient Potion"},{"floor":6,"key":"EssenceOfSteel"}],"is_trial":false,"path_per_floor":["M","?","M","M","M","E","R","M","T","E"],"character_chosen":"IRONCLAD","items_purchased":[],"campfire_rested":1,"item_purchase_floors":[],"current_hp_per_floor":[74,74,75,75,44,15,37,40,40,12,12],"gold":199,"neow_bonus":"THREE_ENEMY_KILL","is_daily":false,"chose_seed":false,"campfire_upgraded":0,"win_rate":0.0,"timestamp":1608865161,"path_taken":["M","?","M","M","M","E","R","?","T","E"],"items_purchased_type":[],"build_version":"2020-12-22","purchased_purges":0,"victory":false,"max_hp_per_floor":[75,75,75,75,75,75,75,75,75,75,75],"card_choices":[{"not_picked":["Body Slam","Sword Boomerang"],"picked":"Cleave","floor":1},{"not_picked":["Metallicize","True Grit","Thunderclap"],"picked":"SKIP","floor":3},{"not_picked":["Iron Wave","Headbutt"],"picked":"Whirlwind","floor":4},{"not_picked":["Iron Wave","Twin Strike"],"picked":"Exhume","floor":5},{"not_picked":["Clash","Heavy Blade"],"picked":"Perfected Strike","floor":6},{"not_picked":["Warcry","Thunderclap","Cleave"],"picked":"SKIP","floor":8}],"player_experience":1376293,"relics_obtained":[{"floor":6,"key":"Toy Ornithopter"},{"floor":9,"key":"Blue Candle"}],"event_choices":[{"damage_healed":0,"gold_gain":0,"player_choice":"1 cards matched","damage_taken":0,"max_hp_gain":0,"max_hp_loss":0,"event_name":"Match and Keep!","floor":2,"gold_loss":0,"cards_obtained":["Reaper"]}],"is_beta":false,"boss_relics":[],"items_purged_floors":[],"is_endless":false,"potions_floor_spawned":[5,6],"killed_by":"Lagavulin","ascension_level":20}}