{"host":"sdl5b0uiznq00owb","time":1608866474,"event":{"mods":["BaseMod","Minty Spire (QoL Compilation)","Permanent Neow","Relic Stats"],"gold_per_floor":[116,132,148,223,148,179,179,213,213,213,225,239,239,255,255,352,352,362,254,265,265,276,276,309,309,309,309,323,323,323],"floor_reached":29,"playtime":1585,"items_purged":["Strike_B","Strike_B"],"score":357,"play_id":"1c1b1766-77ba-4e93-902c-586668252e90","local_time":"20201224212114","is_ascension_mode":true,"campfire_choices":[{"floor":7,"key":"REST"},{"floor":13,"key":"REST"},{"data":"Conserve Battery","floor":15,"key":"SMITH"},{"floor":23,"key":"REST"},{"floor":27,"key":"REST"}],"circlet_count":0,"master_deck":["Strike_B","Defend_B","Defend_B","Defend_B","Defend_B","Zap","Dualcast","Ball Lightning","Ball Lightning","Hologram","Conserve Battery+1","Reinforced Body","Thunder Strike","Defragment","Capacitor","Cold Snap","Self Repair+1","Loop"],"relics":["Cracked Core","DataDisk","Eternal Feather","Blue Candle","The Courier","Nuclear Battery","Orichalcum","Omamori","Question Card"],"acts_visited":["Exordium","TheCity"],"potions_floor_usage":[22,24,24],"damage_taken":[{"damage":0,"enemies":"Small Slimes","floor":1,"turns":3},{"damage":2,"enemies":"2 Louse","floor":2,"turns":2},{"damage":0,"enemies":"Cultist","floor":3,"turns":2},{"damage":35,"enemies":"3 Sentries","floor":6,"turns":6},{"damage":8,"enemies":"Gremlin Nob","floor":8,"turns":3},{"damage":12,"enemies":"Large Slime","floor":11,"turns":5},{"damage":2,"enemies":"3 Louse","floor":12,"turns":2},{"damage":4,"enemies":"Red Slaver","floor":14,"turns":2},{"damage":27,"enemies":"The Guardian","floor":16,"turns":11},{"damage":0,"enemies":"Spheric Guardian","floor":18,"turns":4},{"damage":16,"enemies":"3 Byrds","floor":20,"turns":3},{"damage":0,"enemies":"Snecko","floor":22,"turns":5},{"damage":48,"enemies":"Slavers","floor":24,"turns":4},{"damage":43,"enemies":"Cultist and Chosen","floor":28,"turns":6},{"damage":41,"enemies":"Gremlin Leader","floor":29,"turns":6}],"seed_played":"-6256687549316474541","potions_obtained":[{"floor":1,"key":"Swift Potion"},{"floor":8,"key":"LiquidMemories"},{"floor":16,"key":"SneckoOil"},{"floor":22,"key":"PowerPotion"}],"is_trial":false,"path_per_floor":["M","M","M","?","$","E","R","E","T","?","M","M","R","M","R","B",null,"M","$","M","?","M","R","E","?","T","R","M","E"],"character_chosen":"DEFECT","items_purchased":["Capacitor"],"campfire_rested":4,"item_purchase_floors":[19],"current_hp_per_floor":[68,66,66,55,55,20,48,40,40,40,28,26,54,50,56,29,64,64,64,48,34,34,67,29,29,29,62,29,0,0],"gold":323,"neow_bonus":"RANDOM_COMMON_RELIC","is_daily":false,"chose_seed":false,"campfire_upgraded":1,"win_rate":0.0,"timestamp":1608866474,"path_taken":["M","M","M","?","$","E","R","E","T","?","?","M","R","M","R","BOSS","M","$","M","?","M","R","E","?","T","R","M","E"],"items_purchased_type":["Card"],"build_version":"2020-12-22","purchased_purges":2,"victory":false,"max_hp_per_floor":[75,75,75,75,75,75,75,75,75,75,75,75,75,75,75,75,75,75,75,75,80,80,80,80,80,80,80,80,80,80],"relic_stats":{"counters":[15,64],"Blue Candle":[0],"Eternal Feather":36,"Orichalcum":[12],"Question Card":1,"obtain_stats":[{"DataDisk":0,"Blue Candle":8,"Eternal Feather":6,"The Courier":9,"Omamori":25,"Orichalcum":24,"Cracked Core":0,"Question Card":26,"Nuclear Battery":17},{"DataDisk":0,"Blue Candle":5,"Eternal Feather":4,"The Courier":5,"Omamori":13,"Orichalcum":13,"Cracked Core":0,"Question Card":13,"Nuclear Battery":9},{"DataDisk":0,"Blue Candle":16,"Eternal Feather":13,"The Courier":16,"Omamori":52,"Orichalcum":52,"Cracked Core":0,"Question Card":52,"Nuclear Battery":36}]},"card_choices":[{"not_picked":["Storm","Scrape"],"picked":"Ball Lightning","floor":1},{"not_picked":["Go for the Eyes","Auto Shields"],"picked":"Ball Lightning","floor":2},{"not_picked":["Gash","Consume","Ball Lightning"],"picked":"SKIP","floor":3},{"not_picked":["Aggregate","Ball Lightning","Consume"],"picked":"SKIP","floor":6},{"not_picked":["Stack","Reboot"],"picked":"Hologram","floor":8},{"not_picked":["Go for the Eyes","White Noise"],"picked":"Conserve Battery","floor":11},{"not_picked":["Compile Driver","Double Energy"],"picked":"Reinforced Body","floor":12},{"not_picked":["Streamline","Conserve Battery","Steam"],"picked":"SKIP","floor":14},{"not_picked":["Meteor Strike","Buffer"],"picked":"Thunder Strike","floor":16},{"not_picked":["Doom and Gloom","Compile Driver"],"picked":"Defragment","floor":18},{"not_picked":["Scrape+1","Sweeping Beam"],"picked":"Cold Snap","floor":20},{"not_picked":["Conserve Battery","Hologram+1"],"picked":"Self Repair+1","floor":22},{"not_picked":["Steam","Redo","Sweeping Beam"],"picked":"SKIP","floor":24},{"not_picked":["Redo","Hologram","Reinforced Body"],"picked":"Loop","floor":28}],"player_experience":686913,"relics_obtained":[{"floor":6,"key":"Eternal Feather"},{"floor":8,"key":"Blue Candle"},{"floor":9,"key":"The Courier"},{"floor":24,"key":"Orichalcum"},{"floor":26,"key":"Question Card"}],"event_choices":[{"damage_healed":0,"gold_gain":75,"player_choice":"Gather Gold","damage_taken":11,"max_hp_gain":0,"max_hp_loss":0,"event_name":"World of Goop","floor":4,"gold_loss":0},{"cards_removed":["Strike_B"],"damage_healed":0,"gold_gain":0,"player_choice":"Offered Basic","damage_taken":0,"max_hp_gain":0,"max_hp_loss":0,"event_name":"Bonfire Elementals","floor":10,"gold_loss":0},{"damage_healed":0,"gold_gain":0,"player_choice":"Shed Blood","damage_taken":19,"max_hp_gain":5,"max_hp_loss":0,"event_name":"Forgotten Altar","floor":21,"gold_loss":0},{"damage_healed":0,"gold_gain":0,"player_choice":"Gave Potion","damage_taken":0,"relics_obtained":["Omamori"],"max_hp_gain":0,"max_hp_loss":0,"event_name":"WeMeetAgain","floor":25,"gold_loss":0}],"is_beta":false,"boss_relics":[{"not_picked":["Philosopher\u0027s Stone","Coffee Dripper"],"picked":"Nuclear Battery"}],"items_purged_floors":[5,19],"is_endless":false,"potions_floor_spawned":[1,8,16,22],"killed_by":"Gremlin Leader","ascension_level":8}}