{"host":"l66odvkqh04jpxx0","time":1608872456,"event":{"mods":["BaseMod","Colored Powertips","Conspire","Hermit","Luminous","Minty Spire (QoL Compilation)","Quick Restart","Replay The Spire","StSLib","The Animator","The Construct","The Cursed","The Mystic","The Servant 0.9.4"],"gold_per_floor":[119,139,106,119,133,133,133,152,152,169,169,185,216,62,62,158,158,158,158],"floor_reached":18,"playtime":2234,"items_purged":[],"score":164,"play_id":"9f6752ea-4e97-4fa7-991c-6c12ef514d97","local_time":"20201225130056","is_ascension_mode":false,"campfire_choices":[{"data":"hermit:TakeAim","floor":6,"key":"SMITH"},{"data":"hermit:FromBeyond","floor":15,"key":"SMITH"}],"circlet_count":0,"master_deck":["hermit:Strike_Hermit","hermit:Strike_Hermit","hermit:Strike_Hermit","hermit:Defend_Hermit","hermit:Defend_Hermit","hermit:Defend_Hermit","hermit:Snapshot","hermit:Covet","hermit:Ricochet","hermit:Roulette","hermit:TrackingShot+1","hermit:Deadeye","hermit:TakeAim+1","hermit:Showdown","hermit:FromBeyond+1","hermit:Vantage","hermit:Malice","hermit:Magnum","hermit:ImpendingDoom","Languid","animator:Curse_Dizziness"],"relics":["hermit:Momento","NeowsBlessing","Simple Rune","hermit:RyeStalk","Lee\u0027s Waffle","Replay:Ancient Bell","Gremlin Food","Golden Egg","Shovel"],"acts_visited":["Exordium","TheCity"],"potions_floor_usage":[13],"damage_taken":[{"damage":2,"enemies":"conspire:RoseBush","floor":1,"turns":1},{"damage":0,"enemies":"Cultist","floor":2,"turns":1},{"damage":0,"enemies":"Small Slimes","floor":4,"turns":1},{"damage":1,"enemies":"Exordium Thugs","floor":5,"turns":3},{"damage":7,"enemies":"2 Fungi Beasts","floor":8,"turns":3},{"damage":8,"enemies":"Exordium Wildlife","floor":10,"turns":4},{"damage":10,"enemies":"Looter","floor":12,"turns":2},{"damage":20,"enemies":"3 Sentries","floor":13,"turns":6},{"damage":72,"enemies":"Slime Boss","floor":16,"turns":12},{"damage":83,"enemies":"3 Byrds","floor":18,"turns":6}],"seed_played":"-6027667699015913332","potions_obtained":[{"floor":5,"key":"BlessingOfTheForge"},{"floor":10,"key":"FearPotion"},{"floor":12,"key":"Languid Potion"}],"is_trial":false,"path_per_floor":["M","M","$","M","M","R","?","M","T","M","?","M","E","$","R","B",null,"M"],"character_chosen":"HERMIT","items_purchased":["hermit:TrackingShot+1","Lee\u0027s Waffle"],"campfire_rested":0,"item_purchase_floors":[3,14],"current_hp_per_floor":[73,73,73,73,72,72,72,65,65,57,57,47,27,82,82,10,82,0,0],"gold":158,"neow_bonus":"THREE_ENEMY_KILL","is_daily":false,"chose_seed":false,"campfire_upgraded":2,"win_rate":0.0,"timestamp":1608872456,"path_taken":["M","M","$","M","M","R","?","?","T","M","?","M","E","?","R","BOSS","M"],"items_purchased_type":["Card","Relic"],"build_version":"2020-12-22","purchased_purges":0,"victory":false,"max_hp_per_floor":[75,75,75,75,75,75,75,75,75,75,75,75,75,82,82,82,82,82,82],"card_choices":[{"not_picked":["hermit:WideOpen","hermit:Cheat"],"picked":"hermit:Ricochet","floor":1},{"not_picked":["hermit:TrackingShot","hermit:FullyLoaded"],"picked":"hermit:Roulette","floor":2},{"not_picked":["hermit:Midnight","hermit:WideOpen"],"picked":"hermit:Deadeye","floor":4},{"not_picked":["hermit:SprayPray","hermit:LowProfile"],"picked":"hermit:TakeAim","floor":5},{"not_picked":["hermit:Desperado","hermit:TrackingShot","hermit:OverwhelmingPower"],"picked":"SKIP","floor":8},{"not_picked":["hermit:Manifest","hermit:Brawl"],"picked":"hermit:Showdown","floor":10},{"not_picked":["hermit:Cheat","hermit:Coalescence"],"picked":"hermit:Vantage","floor":12},{"not_picked":["hermit:FlashPowder","hermit:BodyArmor"],"picked":"hermit:Malice","floor":13},{"not_picked":["hermit:Dissolve","hermit:FromBeyond"],"picked":"hermit:Magnum","floor":16},{"not_picked":["Voices","Doubt"],"picked":"hermit:ImpendingDoom","floor":17},{"not_picked":["conspire:NecroticWound","CurseOfTheBell"],"picked":"Languid","floor":17},{"not_picked":["ReplayTheSpireMod:Faulty Equipment","Voices"],"picked":"animator:Curse_Dizziness","floor":17}],"player_experience":58455,"relics_obtained":[{"floor":9,"key":"Simple Rune"},{"floor":13,"key":"hermit:RyeStalk"}],"event_choices":[{"cards_removed":["hermit:Strike_Hermit"],"damage_healed":0,"gold_gain":0,"player_choice":"Offered Basic","damage_taken":0,"max_hp_gain":0,"max_hp_loss":0,"event_name":"Bonfire Elementals","floor":7,"gold_loss":0},{"damage_healed":0,"gold_gain":0,"cards_transformed":["hermit:Defend_Hermit"],"player_choice":"Transformed","damage_taken":0,"max_hp_gain":0,"max_hp_loss":0,"event_name":"Transmorgrifier","floor":11,"gold_loss":0,"cards_obtained":["hermit:FromBeyond"]}],"is_beta":false,"boss_relics":[{"not_picked":["Runic Pyramid","conspire:RoyalGoblet"],"picked":"Replay:Ancient Bell"},{"not_picked":["Juzu Bracelet","Happy Flower"],"picked":"Gremlin Food"},{"not_picked":["Quantum Egg","Kunai"],"picked":"Golden Egg"},{"not_picked":["Thread and Needle","Old Coin"],"picked":"Shovel"}],"items_purged_floors":[],"is_endless":false,"potions_floor_spawned":[5,10,12],"killed_by":"3 Byrds","ascension_level":0}}