{"host":"ad59wuc8ynh8u2z6","time":1608895516,"event":{"mods":["AchievementEnabler","BaseMod","Colored Powertips","DeckTracker","Highlight Path","Minty Spire (QoL Compilation)","Permanent Neow"],"gold_per_floor":[12,29,48,65,65,65,94,94,120,154,166,182,217,217,217,341,341,361,48,48,48,48,80,95,126,126,137,137,137,152,172,172,274,274,289,0,16,16,16,16],"floor_reached":41,"playtime":2088,"items_purged":["Strike_G"],"score":676,"play_id":"0c167852-5c1c-4978-a721-6c69ed5c62a7","local_time":"20201225122516","is_ascension_mode":false,"campfire_choices":[{"data":"Glass Knife","floor":6.0,"key":"SMITH"},{"data":"Dash","floor":8.0,"key":"SMITH"},{"data":"Phantasmal Killer","floor":15.0,"key":"SMITH"},{"data":"Glass Knife","floor":28,"key":"SMITH"},{"data":"Terror","floor":32,"key":"SMITH"}],"circlet_count":0,"master_deck":["Strike_G","Strike_G","Strike_G","Strike_G","Defend_G","Defend_G","Defend_G","Defend_G","Defend_G","Survivor","Neutralize","Glass Knife+1","Blade Dance","Deflect","Dash+1","Endless Agony","Die Die Die","Phantasmal Killer+1","Footwork","Backflip","Glass Knife+1","Deflect+1","Escape Plan","Phantasmal Killer+1","Blur","Terror+1","Adrenaline","Impatience","Impatience","Blind"],"relics":["Ring of the Snake","Bag of Marbles","Pen Nib","Potion Belt","Dream Catcher","Bloody Idol","Coffee Dripper","Shuriken","Pantograph","White Beast Statue","Juzu Bracelet","Ornamental Fan","Sozu","Red Mask"],"acts_visited":["Exordium","TheCity","TheBeyond"],"potions_floor_usage":[40,40,40],"damage_taken":[{"damage":0.0,"enemies":"2 Louse","floor":1.0,"turns":2.0},{"damage":0.0,"enemies":"Small Slimes","floor":2.0,"turns":3.0},{"damage":0.0,"enemies":"Jaw Worm","floor":3.0,"turns":2.0},{"damage":4.0,"enemies":"Exordium Wildlife","floor":4.0,"turns":5.0},{"damage":6.0,"enemies":"Gremlin Nob","floor":7.0,"turns":4.0},{"damage":8.0,"enemies":"Lagavulin","floor":10.0,"turns":3.0},{"damage":0.0,"enemies":"Gremlin Gang","floor":11.0,"turns":1.0},{"damage":1.0,"enemies":"Red Slaver","floor":12.0,"turns":2.0},{"damage":0.0,"enemies":"3 Sentries","floor":13.0,"turns":7.0},{"damage":19,"enemies":"Slime Boss","floor":16,"turns":8},{"damage":0,"enemies":"3 Byrds","floor":18,"turns":3},{"damage":15,"enemies":"Gremlin Leader","floor":23,"turns":5},{"damage":0,"enemies":"2 Thieves","floor":24,"turns":4},{"damage":5,"enemies":"Slavers","floor":25,"turns":4},{"damage":7,"enemies":"Snake Plant","floor":27,"turns":4},{"damage":0,"enemies":"Snecko","floor":30,"turns":3},{"damage":0,"enemies":"Centurion and Healer","floor":31,"turns":3},{"damage":5,"enemies":"Automaton","floor":33,"turns":8},{"damage":0,"enemies":"3 Shapes","floor":35,"turns":4},{"damage":0,"enemies":"3 Darklings","floor":37,"turns":3},{"damage":36,"enemies":"Donu and Deca","floor":40,"turns":7}],"seed_played":"-8654387877934602940","potions_obtained":[{"floor":3.0,"key":"ColorlessPotion"},{"floor":4.0,"key":"Poison Potion"},{"floor":11.0,"key":"SpeedPotion"},{"floor":13.0,"key":"SteroidPotion"},{"floor":24,"key":"AttackPotion"},{"floor":25,"key":"AttackPotion"},{"floor":27,"key":"Block Potion"},{"floor":30,"key":"SneckoOil"},{"floor":31,"key":"Energy Potion"},{"floor":33,"key":"PowerPotion"}],"is_trial":false,"path_per_floor":["M","M","M","M","?","R","E","R","T","E","M","M","E","?","R","B",null,"M","$","?","?","$","E","M","E","T","M","R","?","M","M","R","B",null,"M","?","M","?","?","B",null],"character_chosen":"THE_SILENT","items_purchased":["Shuriken"],"campfire_rested":0,"item_purchase_floors":[19],"current_hp_per_floor":[70,70,70,66,66,66,60,60,60,52,52,51,51,34,34,15,70,70,70,70,70,70,60,70,70,70,68,68,68,70,70,70,70,70,70,70,70,60,60,34],"gold":16,"neow_bonus":"THREE_RARE_CARDS","is_daily":false,"chose_seed":false,"campfire_upgraded":5,"win_rate":0.0,"timestamp":1608895516,"path_taken":["M","M","M","M","?","R","E","R","T","E","M","M","E","?","R","BOSS","M","$","?","?","?","E","M","E","T","M","R","?","M","M","R","BOSS","M","?","M","?","?","BOSS"],"items_purchased_type":["Relic"],"build_version":"2020-12-22","purchased_purges":1,"victory":true,"max_hp_per_floor":[70,70,70,70,70,70,70,70,70,70,70,70,70,70,70,70,70,70,70,70,70,70,70,70,70,70,70,70,70,70,70,70,70,70,70,70,70,70,70,70],"card_choices":[{"not_picked":["Unload","Malaise"],"picked":"Glass Knife","floor":0.0},{"not_picked":["Acrobatics","Distraction"],"picked":"Blade Dance","floor":1.0},{"not_picked":["Flying Knee","Sucker Punch"],"picked":"Deflect","floor":2.0},{"not_picked":["Dagger Throw","Backflip"],"picked":"Dash","floor":3.0},{"not_picked":["Expertise","Sucker Punch"],"picked":"Endless Agony","floor":4.0},{"not_picked":["Terror","Slice"],"picked":"Die Die Die","floor":7.0},{"not_picked":["Caltrops","Dagger Spray","Quick Slash"],"picked":"SKIP","floor":10.0},{"not_picked":["PiercingWail","Poisoned Stab"],"picked":"Phantasmal Killer","floor":11.0},{"not_picked":["Bouncing Flask","Dagger Throw"],"picked":"Footwork","floor":12.0},{"not_picked":["Underhanded Strike","Leg Sweep"],"picked":"Backflip","floor":13.0},{"not_picked":["Malaise","Night Terror"],"picked":"Glass Knife","floor":16},{"not_picked":["Underhanded Strike","Deadly Poison"],"picked":"Deflect+1","floor":18},{"not_picked":["Poisoned Stab","Dagger Spray","Distraction+1"],"picked":"SKIP","floor":23},{"not_picked":["Dodge and Roll","PiercingWail"],"picked":"Escape Plan","floor":24},{"not_picked":["Bouncing Flask+1","Acrobatics","Venomology"],"picked":"SKIP","floor":25},{"not_picked":["Caltrops","PiercingWail","Poisoned Stab"],"picked":"SKIP","floor":27},{"not_picked":["Quick Slash+1","Reflex"],"picked":"Blur","floor":30},{"not_picked":["Noxious Fumes","Backflip+1"],"picked":"Terror","floor":31},{"not_picked":["Night Terror","Tools of the Trade"],"picked":"Adrenaline","floor":33},{"not_picked":["Prepared+1","Crippling Poison+1","PiercingWail+1"],"picked":"SKIP","floor":35},{"not_picked":["Leg Sweep+1","Calculated Gamble","Flying Knee"],"picked":"SKIP","floor":37},{"not_picked":["Mind Blast","Discovery"],"picked":"Impatience","floor":38},{"not_picked":["Madness","Discovery"],"picked":"Impatience","floor":38},{"not_picked":["Mind Blast","Deep Breath"],"picked":"Blind","floor":38}],"player_experience":2547,"relics_obtained":[{"floor":7.0,"key":"Bag of Marbles"},{"floor":9.0,"key":"Pen Nib"},{"floor":10.0,"key":"Potion Belt"},{"floor":13.0,"key":"Dream Catcher"},{"floor":23,"key":"White Beast Statue"},{"floor":25,"key":"Juzu Bracelet"},{"floor":26,"key":"Ornamental Fan"}],"event_choices":[{"damage_healed":0.0,"max_hp_gain":0.0,"max_hp_loss":0.0,"gold_gain":0.0,"event_name":"Liars Game","player_choice":"Ignored","floor":5.0,"gold_loss":0.0,"damage_taken":0.0},{"damage_healed":0.0,"max_hp_gain":0.0,"max_hp_loss":0.0,"gold_gain":0.0,"event_name":"Golden Idol","player_choice":"Take Damage","floor":14.0,"gold_loss":0.0,"damage_taken":17.0,"relics_obtained":["Golden Idol"]},{"damage_healed":0,"gold_gain":0,"player_choice":"Gave Idol","damage_taken":0,"relics_obtained":["Bloody Idol"],"max_hp_gain":0,"max_hp_loss":0,"event_name":"Forgotten Altar","floor":20,"relics_lost":["Golden Idol"],"gold_loss":0},{"damage_healed":0,"gold_gain":0,"player_choice":"Opened","damage_taken":0,"relics_obtained":["Pantograph"],"max_hp_gain":0,"max_hp_loss":0,"event_name":"The Mausoleum","floor":21,"gold_loss":0},{"damage_healed":0,"gold_gain":0,"player_choice":"Copied","damage_taken":0,"max_hp_gain":0,"max_hp_loss":0,"event_name":"Duplicator","floor":29,"gold_loss":0,"cards_obtained":["Phantasmal Killer"]},{"damage_healed":0,"gold_gain":0,"player_choice":"Paid","damage_taken":0,"relics_obtained":["Red Mask"],"max_hp_gain":0,"max_hp_loss":0,"event_name":"Tomb of Lord Red Mask","floor":36,"gold_loss":289},{"damage_healed":0,"gold_gain":0,"player_choice":"Memory 3","damage_taken":10,"max_hp_gain":0,"max_hp_loss":0,"event_name":"SensoryStone","floor":38,"gold_loss":0},{"damage_healed":0,"gold_gain":0,"player_choice":"Took Portal","damage_taken":0,"max_hp_gain":0,"max_hp_loss":0,"event_name":"SecretPortal","floor":39,"gold_loss":0}],"is_beta":false,"boss_relics":[{"not_picked":["HoveringKite","Calling Bell"],"picked":"Coffee Dripper"},{"not_picked":["Runic Dome","Tiny House"],"picked":"Sozu"}],"items_purged_floors":[19],"is_endless":false,"potions_floor_spawned":[3,4,11,13,24,25,27,30,31,33,35,37],"ascension_level":0}}