{"host":"lhth1efayex2023z","time":1608934390,"event":{"mods":["BaseMod","Colored Map","Googly Eyes","Minty Spire (QoL Compilation)","StSLib"],"gold_per_floor":[212,387,662,673,271,302,377,377,377,377,121,156,170,199,199,294,294,310,320,320,335,335,335,351,351,351,351,351],"floor_reached":27,"playtime":847,"items_purged":["Regret","Strike_G"],"score":355,"play_id":"f1981661-bef9-4381-a68b-efe6ce5faa57","local_time":"20201225151310","is_ascension_mode":true,"campfire_choices":[{"floor":10,"key":"REST"},{"floor":15,"key":"REST"},{"floor":23,"key":"REST"}],"circlet_count":0,"master_deck":["AscendersBane","Strike_G","Strike_G","Strike_G","Strike_G","Defend_G","Defend_G","Defend_G","Defend_G","Defend_G","Survivor","Neutralize","Flechettes","Bouncing Flask","Bane","Cloak And Dagger","Catalyst","Blur","Burst+1","Infinite Blades+1"],"relics":["Ring of the Snake","TwistedFunnel","Tiny Chest","Orichalcum","Darkstone Periapt","PreservedInsect","Mercury Hourglass","Paper Crane","WristBlade","Toxic Egg 2","Sundial"],"acts_visited":["Exordium","TheCity"],"potions_floor_usage":[6,16,27,27,27],"damage_taken":[{"damage":4,"enemies":"Jaw Worm","floor":1,"turns":7},{"damage":0,"enemies":"2 Louse","floor":4,"turns":2},{"damage":24,"enemies":"3 Sentries","floor":6,"turns":10},{"damage":4,"enemies":"Gremlin Nob","floor":12,"turns":3},{"damage":0,"enemies":"Cultist","floor":13,"turns":2},{"damage":18,"enemies":"3 Sentries","floor":14,"turns":7},{"damage":19,"enemies":"The Guardian","floor":16,"turns":7},{"damage":18,"enemies":"Shell Parasite","floor":18,"turns":6},{"damage":5,"enemies":"3 Byrds","floor":19,"turns":4},{"damage":16,"enemies":"Snake Plant","floor":21,"turns":4},{"damage":36,"enemies":"Shelled Parasite and Fungi","floor":24,"turns":6},{"damage":13,"enemies":"Sentry and Sphere","floor":27,"turns":3}],"seed_played":"-8267988584570149779","potions_obtained":[{"floor":4,"key":"LiquidMemories"},{"floor":12,"key":"Energy Potion"},{"floor":13,"key":"DuplicationPotion"},{"floor":16,"key":"GamblersBrew"},{"floor":21,"key":"BlessingOfTheForge"},{"floor":25,"key":"EntropicBrew"},{"floor":25,"key":"Swift Potion"}],"is_trial":false,"path_per_floor":["M","?","?","M","$","E","?","?","T","R","$","E","M","E","R","B",null,"M","M","?","M","T","R","M","?","T","M"],"character_chosen":"THE_SILENT","items_purchased":["TwistedFunnel","Tiny Chest","Bane","PreservedInsect"],"campfire_rested":3,"item_purchase_floors":[5,5,5,11],"current_hp_per_floor":[59,59,59,59,59,35,24,24,24,45,45,41,41,23,44,25,59,41,36,36,20,20,41,5,5,5,0,0],"gold":351,"neow_bonus":"HUNDRED_GOLD","is_daily":false,"chose_seed":false,"campfire_upgraded":0,"win_rate":0.0,"timestamp":1608934390,"path_taken":["M","?","?","?","$","E","?","?","T","R","$","E","M","E","R","BOSS","M","M","?","M","?","R","M","?","T","M"],"items_purchased_type":["Relic","Relic","Card","Relic"],"build_version":"2020-12-22","purchased_purges":2,"victory":false,"max_hp_per_floor":[70,70,70,70,70,70,70,70,70,70,70,70,70,70,70,70,70,70,70,70,70,70,70,70,70,70,70,70],"card_choices":[{"not_picked":["Dagger Throw","Quick Slash"],"picked":"Flechettes","floor":1},{"not_picked":["Deadly Poison","Flying Knee"],"picked":"Bouncing Flask","floor":4},{"not_picked":["Eviscerate","Doppelganger"],"picked":"Cloak And Dagger","floor":6},{"not_picked":["Underhanded Strike","Sucker Punch"],"picked":"Catalyst","floor":12},{"not_picked":["Deflect","Deadly Poison"],"picked":"Blur","floor":13},{"not_picked":["Deflect","Skewer","Slice"],"picked":"SKIP","floor":14},{"not_picked":["Grand Finale","Night Terror"],"picked":"Burst","floor":16},{"not_picked":["Skewer+1","Deadly Poison","Acrobatics"],"picked":"SKIP","floor":18},{"not_picked":["Flying Knee","Choke","PiercingWail"],"picked":"SKIP","floor":19},{"not_picked":["Quick Slash","Well Laid Plans"],"picked":"Infinite Blades+1","floor":21},{"not_picked":["Deadly Poison+1","Poisoned Stab","Bane+1"],"picked":"SKIP","floor":24}],"player_experience":402065,"relics_obtained":[{"floor":6,"key":"Orichalcum"},{"floor":9,"key":"Darkstone Periapt"},{"floor":12,"key":"Mercury Hourglass"},{"floor":14,"key":"Paper Crane"},{"floor":22,"key":"Toxic Egg 2"},{"floor":26,"key":"Sundial"}],"event_choices":[{"damage_healed":0,"gold_gain":175,"player_choice":"AGREE","damage_taken":0,"max_hp_gain":0,"max_hp_loss":0,"event_name":"Liars Game","floor":2,"gold_loss":0,"cards_obtained":["Doubt"]},{"damage_healed":0,"gold_gain":275,"player_choice":"Desecrate","damage_taken":0,"max_hp_gain":0,"max_hp_loss":0,"event_name":"Golden Shrine","floor":3,"gold_loss":0,"cards_obtained":["Regret"]},{"damage_healed":0,"gold_gain":75,"player_choice":"Gather Gold","damage_taken":11,"max_hp_gain":0,"max_hp_loss":0,"event_name":"World of Goop","floor":7,"gold_loss":0},{"cards_removed":["Doubt"],"damage_healed":0,"gold_gain":0,"player_choice":"Removed Curses","damage_taken":0,"max_hp_gain":0,"max_hp_loss":0,"event_name":"Fountain of Cleansing","floor":8,"gold_loss":0},{"damage_healed":0,"gold_gain":0,"player_choice":"Upgraded","damage_taken":0,"max_hp_gain":0,"max_hp_loss":0,"event_name":"Upgrade Shrine","floor":20,"gold_loss":0,"cards_upgraded":["Burst"]},{"damage_healed":0,"gold_gain":0,"player_choice":"Got Potions","damage_taken":0,"max_hp_gain":0,"max_hp_loss":0,"event_name":"Lab","floor":25,"gold_loss":0}],"is_beta":false,"boss_relics":[{"not_picked":["SacredBark","Empty Cage"],"picked":"WristBlade"}],"items_purged_floors":[5,11],"is_endless":false,"potions_floor_spawned":[4,12,13,16,21,24],"killed_by":"Sentry and Sphere","ascension_level":11}}