{"host":"oqyakm3e5m4kt4l3","time":1608937715,"event":{"mods":["2.2 Compatiblity","AchievementEnabler","BaseMod","Better Altar","Better Match","Better Note","Better Sensory Stone","Better Skull","Better Third Choice","BetterRewards","Colored Map","Colored Powertips","Minty Spire (QoL Compilation)","Permanent Neow","Quick Restart","Rare Cards Sparkle","Shop Mod","StSLib","Synergy Search"],"gold_per_floor":[114,129,129,144,159,189,204,234,234,264,279,309,309,324,324,424,424,439,439,439,439,114,114,144,144,194,233,233,148,178,287,287,396,396,420,7,16,41,41,71,71,110,110,110,140,15,15,54,54,54],"floor_reached":51,"playtime":3398,"items_purged":[],"score":1193,"play_id":"18213b33-533b-425e-a77e-da8e76e2b250","local_time":"20201225180835","daily_mods":["Draft","Hoarder","Elite Swarm"],"is_ascension_mode":false,"campfire_choices":[{"data":"Armaments","floor":13.0,"key":"SMITH"},{"data":"Armaments","floor":15.0,"key":"SMITH"},{"data":"Armaments","floor":23.0,"key":"SMITH"},{"data":"Limit Break","floor":25.0,"key":"SMITH"},{"data":"Limit Break","floor":32,"key":"SMITH"},{"data":"Limit Break","floor":41,"key":"SMITH"},{"data":"Havoc","floor":44,"key":"SMITH"},{"data":"Havoc","floor":47,"key":"SMITH"},{"data":"Havoc","floor":49,"key":"SMITH"}],"circlet_count":0,"master_deck":["Warcry","Warcry","Warcry","Seeing Red","Seeing Red","Seeing Red","Flame Barrier","Flame Barrier","Flame Barrier","Iron Wave","Iron Wave","Iron Wave","Heavy Blade","Heavy Blade","Heavy Blade","Cleave","Cleave","Cleave","Clash","Clash","Clash+1","Shrug It Off","Shrug It Off","Shrug It Off","Seeing Red","Seeing Red","Seeing Red","Armaments+1","Armaments+1","Armaments+1","Seeing Red","Seeing Red","Seeing Red","Dropkick+1","Dropkick","Dropkick","Havoc+1","Havoc+1","Havoc+1","Disarm","Disarm","Disarm","Clash","Clash","Clash","Shrug It Off","Shrug It Off","Shrug It Off","Limit Break+1","Limit Break+1","Limit Break+1","Clash","Clash","Clash","Reaper","Reaper","Reaper","Impervious","Impervious","Impervious","Dark Embrace","Dark Embrace","Dark Embrace","Immolate","Immolate","Immolate","Flex","Flex","Flex","Fiend Fire","Fiend Fire","Fiend Fire","Demon Form","Demon Form","Demon Form","Reaper","Reaper","Reaper","Thunderclap+1","Thunderclap+1","Thunderclap+1","Fiend Fire","Fiend Fire","Fiend Fire","Anger+1","Anger+1","Anger+1","Dramatic Entrance","Dramatic Entrance","Dramatic Entrance","Corruption","Corruption","Corruption","Juggernaut","Juggernaut","Juggernaut"],"relics":["Burning Blood","Vajra","Potion Belt","Pear","InkBottle","Red Skull","Black Star","betterThird:NestCultRelic","MutagenicStrength","Centennial Puzzle","Membership Card","Juzu Bracelet","Ancient Tea Set","HornCleat","Magic Flower","CeramicFish","CaptainsWheel","Blue Candle","Nilry\u0027s Codex","Bronze Scales","Orichalcum","Du-Vu Doll","Torii","White Beast Statue","Busted Crown","Champion Belt","StoneCalendar","ClockworkSouvenir","Anchor","Lizard Tail","Whetstone","Charon\u0027s Ashes","Mango","Strawberry","Bag of Marbles","Mummified Hand","Self Forming Clay","Kunai","Paper Frog"],"acts_visited":["Exordium","TheCity","TheBeyond"],"potions_floor_usage":[30,50],"damage_taken":[{"damage":0.0,"enemies":"Small Slimes","floor":1.0,"turns":2.0},{"damage":0.0,"enemies":"Cultist","floor":2.0,"turns":2.0},{"damage":0.0,"enemies":"2 Louse","floor":4.0,"turns":1.0},{"damage":0.0,"enemies":"Large Slime","floor":5.0,"turns":7.0},{"damage":5.0,"enemies":"3 Sentries","floor":6.0,"turns":8.0},{"damage":5.0,"enemies":"Exordium Wildlife","floor":7.0,"turns":4.0},{"damage":45.0,"enemies":"Gremlin Nob","floor":8.0,"turns":5.0},{"damage":28.0,"enemies":"Lagavulin","floor":10.0,"turns":6.0},{"damage":0.0,"enemies":"Blue Slaver","floor":11.0,"turns":2.0},{"damage":0.0,"enemies":"Gremlin Nob","floor":12.0,"turns":2.0},{"damage":7.0,"enemies":"Exordium Thugs","floor":14.0,"turns":3.0},{"damage":12.0,"enemies":"Slime Boss","floor":16.0,"turns":7.0},{"damage":10.0,"enemies":"Shell Parasite","floor":18.0,"turns":4.0},{"damage":31.0,"enemies":"Gremlin Leader","floor":24.0,"turns":9.0},{"damage":38.0,"enemies":"Book of Stabbing","floor":27.0,"turns":7.0},{"damage":39,"enemies":"Slavers","floor":30,"turns":4},{"damage":25,"enemies":"Colosseum Slavers","floor":31,"turns":5},{"damage":1,"enemies":"Colosseum Nobs","floor":31,"turns":5},{"damage":17,"enemies":"Champ","floor":33,"turns":9},{"damage":9,"enemies":"3 Darklings","floor":35,"turns":4},{"damage":22,"enemies":"Reptomancer","floor":40,"turns":5},{"damage":48,"enemies":"Nemesis","floor":42,"turns":7},{"damage":15,"enemies":"Reptomancer","floor":45,"turns":4},{"damage":0,"enemies":"Giant Head","floor":48,"turns":6},{"damage":10,"enemies":"Donu and Deca","floor":50,"turns":3}],"seed_played":"-567031674859551473","potions_obtained":[{"floor":4.0,"key":"BloodPotion"},{"floor":5.0,"key":"FearPotion"},{"floor":8.0,"key":"Strength Potion"},{"floor":11.0,"key":"ElixirPotion"},{"floor":12.0,"key":"Weak Potion"},{"floor":18.0,"key":"SkillPotion"},{"floor":27.0,"key":"SpeedPotion"},{"floor":33,"key":"GamblersBrew"},{"floor":35,"key":"SteroidPotion"},{"floor":40,"key":"SkillPotion"},{"floor":42,"key":"Fire Potion"}],"is_trial":false,"path_per_floor":["M","M","?","M","M","E","M","E","T","E","M","E","R","M","R","B",null,"M","?","?","?","$","R","E","R","T","E","?","?","E","?","R","B",null,"M","$","?","T","?","E","R","E","T","R","E","$","R","E","R","B",null],"character_chosen":"IRONCLAD","items_purchased":["Membership Card","Juzu Bracelet","Explosive Potion","Ancient Tea Set","Champion Belt","StoneCalendar","ClockworkSouvenir","DuplicationPotion","Self Forming Clay"],"campfire_rested":0,"item_purchase_floors":[22,22,22,22,36,36,36,36,46],"current_hp_per_floor":[80,80,80,80,80,80,80,41,51,53,59,65,65,74,74,90,90,86,86,86,86,86,86,69,69,69,60,44,44,90,90,90,90,90,90,90,90,90,90,90,90,67,74,74,111,111,111,111,111,111],"gold":54,"neow_bonus":"","is_daily":true,"chose_seed":false,"campfire_upgraded":9,"win_rate":0.0,"timestamp":1608937715,"path_taken":["M","M","?","M","?","E","M","E","T","E","M","E","R","M","R","BOSS","M","?","?","?","$","R","E","R","T","E","?","?","E","?","R","BOSS","M","$","?","?","?","E","R","E","T","R","E","$","R","E","R","BOSS"],"items_purchased_type":["Relic","Relic","Potion","Relic","Relic","Relic","Relic","Potion","Relic"],"build_version":"2020-12-22","purchased_purges":0,"victory":true,"max_hp_per_floor":[80,80,80,80,80,80,80,80,90,90,90,90,90,90,90,90,90,90,90,90,90,90,90,90,90,90,90,90,90,90,90,90,90,90,90,90,90,90,90,90,90,104,111,111,111,111,111,111,111,111],"card_choices":[{"not_picked":["Havoc","Iron Wave"],"picked":"Warcry","floor":0.0},{"not_picked":["Reckless Charge","Pommel Strike"],"picked":"Seeing Red","floor":0.0},{"not_picked":["Searing Blow","Thunderclap"],"picked":"Flame Barrier","floor":0.0},{"not_picked":["Sentinel","Heavy Blade"],"picked":"Iron Wave","floor":0.0},{"not_picked":["Clothesline","Bloodletting"],"picked":"Heavy Blade","floor":0.0},{"not_picked":["Dual Wield","Heavy Blade"],"picked":"Cleave","floor":0.0},{"not_picked":["Cleave","Heavy Blade"],"picked":"Clash","floor":0.0},{"not_picked":["Power Through","Flex"],"picked":"Shrug It Off","floor":0.0},{"not_picked":["Heavy Blade","Combust"],"picked":"Seeing Red","floor":0.0},{"not_picked":["Clash","Sword Boomerang"],"picked":"Armaments","floor":0.0},{"not_picked":["Thunderclap","Perfected Strike"],"picked":"Seeing Red","floor":0.0},{"not_picked":["Wild Strike","Dual Wield"],"picked":"Dropkick","floor":0.0},{"not_picked":["Iron Wave","Cleave"],"picked":"Havoc","floor":0.0},{"not_picked":["Havoc","Body Slam"],"picked":"Disarm","floor":0.0},{"not_picked":["Armaments","Rupture"],"picked":"Clash","floor":0.0},{"not_picked":["Thunderclap","Combust","Sentinel"],"picked":"SKIP","floor":1.0},{"not_picked":["Entrench","Heavy Blade"],"picked":"Shrug It Off","floor":2.0},{"not_picked":["Shrug It Off","Seeing Red","Heavy Blade"],"picked":"SKIP","floor":4.0},{"not_picked":["Clothesline","Searing Blow","Heavy Blade"],"picked":"SKIP","floor":5.0},{"not_picked":["Impervious","Exhume"],"picked":"Limit Break","floor":6.0},{"not_picked":["Thunderclap","Wild Strike"],"picked":"Clash","floor":7.0},{"not_picked":["Limit Break","Feed"],"picked":"Reaper","floor":8.0},{"not_picked":["Limit Break","Brutality"],"picked":"Impervious","floor":10.0},{"not_picked":["Clothesline","Whirlwind"],"picked":"Dark Embrace","floor":11.0},{"not_picked":["Juggernaut","Impervious"],"picked":"Immolate","floor":12.0},{"not_picked":["Pommel Strike","Seeing Red"],"picked":"Flex","floor":14.0},{"not_picked":["Reaper","Limit Break"],"picked":"Fiend Fire","floor":16.0},{"not_picked":["Disarm","Dual Wield+1","Sword Boomerang"],"picked":"SKIP","floor":18.0},{"not_picked":["Immolate","Juggernaut"],"picked":"Demon Form","floor":24.0},{"not_picked":["Berserk","Feed"],"picked":"Reaper","floor":27.0},{"not_picked":["Berserk","Bludgeon","Offering"],"picked":"SKIP","floor":30},{"not_picked":["Pommel Strike","Iron Wave"],"picked":"Thunderclap+1","floor":31},{"not_picked":["Juggernaut","Bludgeon"],"picked":"Fiend Fire","floor":33},{"not_picked":[],"picked":"Anger+1","floor":35},{"not_picked":[],"picked":"Dramatic Entrance","floor":37},{"not_picked":["Fiend Fire"],"picked":"SKIP","floor":40},{"not_picked":[],"picked":"Corruption","floor":42},{"not_picked":["Corruption"],"picked":"SKIP","floor":45},{"not_picked":[],"picked":"Juggernaut","floor":48}],"player_experience":495088,"relics_obtained":[{"floor":6.0,"key":"Vajra"},{"floor":8.0,"key":"Potion Belt"},{"floor":9.0,"key":"Pear"},{"floor":10.0,"key":"InkBottle"},{"floor":12.0,"key":"Red Skull"},{"floor":24.0,"key":"HornCleat"},{"floor":24.0,"key":"Magic Flower"},{"floor":26.0,"key":"CeramicFish"},{"floor":27.0,"key":"CaptainsWheel"},{"floor":27.0,"key":"Blue Candle"},{"floor":28,"key":"Nilry\u0027s Codex"},{"floor":30,"key":"Orichalcum"},{"floor":30,"key":"Du-Vu Doll"},{"floor":31,"key":"Torii"},{"floor":31,"key":"White Beast Statue"},{"floor":38,"key":"Anchor"},{"floor":40,"key":"Lizard Tail"},{"floor":40,"key":"Whetstone"},{"floor":42,"key":"Charon\u0027s Ashes"},{"floor":42,"key":"Mango"},{"floor":43,"key":"Strawberry"},{"floor":45,"key":"Bag of Marbles"},{"floor":45,"key":"Mummified Hand"},{"floor":48,"key":"Kunai"},{"floor":48,"key":"Paper Frog"}],"event_choices":[{"damage_healed":0.0,"max_hp_gain":0.0,"max_hp_loss":0.0,"gold_gain":0.0,"event_name":"The Woman in Blue","player_choice":"Bought 0 Potions","floor":3.0,"gold_loss":0.0,"damage_taken":0.0},{"damage_healed":0.0,"max_hp_gain":0.0,"max_hp_loss":0.0,"gold_gain":0.0,"event_name":"betterThird:BetterNest","player_choice":"Madness","floor":19.0,"gold_loss":0.0,"damage_taken":0.0,"relics_obtained":["betterThird:NestCultRelic"]},{"damage_healed":0.0,"max_hp_gain":0.0,"max_hp_loss":0.0,"gold_gain":0.0,"event_name":"Drug Dealer","player_choice":"Inject Mutagens","floor":20.0,"gold_loss":0.0,"damage_taken":0.0,"relics_obtained":["MutagenicStrength"]},{"damage_healed":0.0,"max_hp_gain":0.0,"max_hp_loss":0.0,"gold_gain":0.0,"event_name":"The Mausoleum","player_choice":"Opened","floor":21.0,"gold_loss":0.0,"damage_taken":0.0,"relics_obtained":["Centennial Puzzle"],"cards_obtained":["Writhe"]},{"damage_healed":0,"gold_gain":0,"player_choice":"Obtained Book","damage_taken":16,"max_hp_gain":0,"max_hp_loss":0,"event_name":"Cursed Tome","floor":28,"gold_loss":0},{"damage_healed":0,"gold_gain":0,"player_choice":"Obtained Relic","damage_taken":0,"relics_obtained":["Bronze Scales"],"max_hp_gain":0,"max_hp_loss":0,"event_name":"Addict","floor":29,"gold_loss":85},{"damage_healed":0,"gold_gain":0,"player_choice":"Fight","damage_taken":0,"max_hp_gain":0,"max_hp_loss":0,"event_name":"Colosseum","floor":31,"gold_loss":0},{"damage_healed":0,"gold_gain":0,"player_choice":"Fought Nobs","damage_taken":0,"max_hp_gain":0,"max_hp_loss":0,"event_name":"Colosseum","floor":31,"gold_loss":0},{"damage_healed":0,"gold_gain":3,"player_choice":"1","damage_taken":0,"max_hp_gain":0,"max_hp_loss":0,"event_name":"betterStone:BetterStone","floor":37,"gold_loss":0},{"cards_removed":["Writhe","Writhe","Writhe"],"damage_healed":0,"gold_gain":0,"player_choice":"Removed Curses","damage_taken":0,"max_hp_gain":0,"max_hp_loss":0,"event_name":"Fountain of Cleansing","floor":39,"gold_loss":0}],"is_beta":false,"boss_relics":[{"not_picked":["SacredBark","Astrolabe"],"picked":"Black Star"},{"not_picked":["Cursed Key","Coffee Dripper"],"picked":"Busted Crown"}],"items_purged_floors":[],"is_endless":false,"potions_floor_spawned":[4,5,8,11,12,18,27,31,33,35,40,42,45,48],"ascension_level":0}}