{"host":"7cp3z5w0tcrrm8ys","time":1608894456,"event":{"mods":["AchievementEnabler","BaseMod","DeckTracker","Minty Spire (QoL Compilation)","StSLib","SuperFastMode"],"gold_per_floor":[111,111,130,141,49,49,78,95,95,95,95,11,40,50,50,124,124,142,162,19,19,0,0,0],"floor_reached":23,"playtime":693,"items_purged":[],"score":398,"play_id":"644c0fc9-594d-4b9b-99e9-d38f1525e514","local_time":"20201225200736","is_ascension_mode":true,"campfire_choices":[{"data":"Hemokinesis","floor":6.0,"key":"SMITH"},{"floor":11.0,"key":"REST"},{"data":"Fire Breathing","floor":15.0,"key":"SMITH"}],"circlet_count":0,"master_deck":["AscendersBane","Strike_R","Strike_R","Strike_R","Strike_R","Strike_R","Defend_R","Defend_R","Defend_R","Defend_R","Bash","Apotheosis+1","Dark Embrace","Cleave","Battle Trance","Hemokinesis+1","Seeing Red","Reckless Charge","Fire Breathing+1","Bludgeon","Fiend Fire","Shrug It Off+1","Rage"],"relics":["Burning Blood","Shuriken","Bottled Flame","Bottled Tornado","Cursed Key"],"acts_visited":["Exordium","TheCity"],"potions_floor_usage":[16,18,19,23],"damage_taken":[{"damage":4.0,"enemies":"Small Slimes","floor":1.0,"turns":4.0},{"damage":6.0,"enemies":"Cultist","floor":3.0,"turns":3.0},{"damage":18.0,"enemies":"2 Louse","floor":4.0,"turns":3.0},{"damage":54.0,"enemies":"Gremlin Nob","floor":7.0,"turns":5.0},{"damage":7.0,"enemies":"Gremlin Gang","floor":8.0,"turns":3.0},{"damage":14.0,"enemies":"Lagavulin","floor":13.0,"turns":5.0},{"damage":2.0,"enemies":"Large Slime","floor":14.0,"turns":2.0},{"damage":14,"enemies":"Slime Boss","floor":16,"turns":5},{"damage":19,"enemies":"2 Thieves","floor":18,"turns":3},{"damage":18,"enemies":"3 Byrds","floor":19,"turns":3},{"damage":31,"enemies":"Book of Stabbing","floor":23,"turns":3}],"seed_played":"5843769970943151127","potions_obtained":[{"floor":3.0,"key":"ColorlessPotion"},{"floor":7.0,"key":"Swift Potion"},{"floor":8.0,"key":"BlessingOfTheForge"},{"floor":14.0,"key":"Block Potion"},{"floor":18,"key":"LiquidBronze"}],"is_trial":false,"path_per_floor":["M","?","M","M","$","R","E","M","T","?","R","$","E","M","R","B",null,"M","M","$","?","?","E"],"character_chosen":"IRONCLAD","items_purchased":["SteroidPotion","Hemokinesis","Fire Breathing","Block Potion","Rage"],"campfire_rested":1,"item_purchase_floors":[5,5,12,20,20],"current_hp_per_floor":[68,68,68,56,56,56,8,7,7,7,27,27,19,23,23,15,55,42,30,30,30,30,0,0],"gold":0,"neow_bonus":"RANDOM_COLORLESS_2","is_daily":false,"chose_seed":false,"campfire_upgraded":2,"win_rate":0.0,"timestamp":1608894456,"path_taken":["M","?","M","?","$","R","E","M","T","?","R","$","E","M","R","BOSS","M","?","$","?","?","E"],"items_purchased_type":["Potion","Card","Card","Potion","Card"],"build_version":"2020-12-22","purchased_purges":0,"victory":false,"max_hp_per_floor":[68,68,68,68,68,68,68,68,68,68,68,68,68,68,68,68,68,68,68,68,68,68,68,68],"card_choices":[{"not_picked":["Chrysalis","Secret Weapon"],"picked":"Apotheosis","floor":0.0},{"not_picked":["Anger","True Grit"],"picked":"Dark Embrace","floor":1.0},{"not_picked":["Havoc","Dual Wield"],"picked":"Cleave","floor":3.0},{"not_picked":["Ghostly Armor","Shockwave"],"picked":"Battle Trance","floor":4.0},{"not_picked":["Juggernaut","Wild Strike"],"picked":"Seeing Red","floor":7.0},{"not_picked":["Armaments","Thunderclap"],"picked":"Reckless Charge","floor":8.0},{"not_picked":["Burning Pact","Rampage","Clash"],"picked":"SKIP","floor":13.0},{"not_picked":["Battle Trance","Dropkick"],"picked":"Bludgeon","floor":14.0},{"not_picked":["Demon Form","Limit Break"],"picked":"Fiend Fire","floor":16},{"not_picked":["Dropkick","Clothesline","Rampage"],"picked":"SKIP","floor":18},{"not_picked":["Clothesline","Hemokinesis"],"picked":"Shrug It Off+1","floor":19}],"player_experience":789976,"relics_obtained":[{"floor":7.0,"key":"Shuriken"},{"floor":9.0,"key":"Bottled Flame"},{"floor":13.0,"key":"Bottled Tornado"}],"event_choices":[{"damage_healed":0.0,"max_hp_gain":0.0,"max_hp_loss":0.0,"gold_gain":0.0,"event_name":"Upgrade Shrine","player_choice":"Upgraded","floor":2.0,"gold_loss":0.0,"damage_taken":0.0,"cards_upgraded":["Apotheosis"]},{"damage_healed":0.0,"max_hp_gain":0.0,"max_hp_loss":0.0,"gold_gain":0.0,"event_name":"FaceTrader","player_choice":"Leave","floor":10.0,"gold_loss":0.0,"damage_taken":0.0},{"damage_healed":0,"gold_gain":0,"player_choice":"Ignored","damage_taken":0,"max_hp_gain":0,"max_hp_loss":0,"event_name":"The Mausoleum","floor":21,"gold_loss":0},{"damage_healed":0,"gold_gain":0,"player_choice":"Paid Fearfully","damage_taken":0,"max_hp_gain":0,"max_hp_loss":0,"event_name":"Masked Bandits","floor":22,"gold_loss":19}],"is_beta":false,"boss_relics":[{"not_picked":["Empty Cage","Runic Dome"],"picked":"Cursed Key"}],"items_purged_floors":[],"is_endless":false,"potions_floor_spawned":[3,7,8,14,18],"killed_by":"Book of Stabbing","ascension_level":20}}