{"host":"1vqon1dbpr5c1qll","time":1608901961,"event":{"mods":["2.2 Compatiblity","AchievementEnabler","BaseMod","BetterRewards","Colored Map","DeckTracker","GungeonMod","Hermit","Highlight Path","Minty Spire (QoL Compilation)","Permanent Neow","Quick Restart","Random Character Button","Replay The Spire","StSLib","SuperFastMode","The Cursed","The Dragon Tamer","The Servant 0.9.4","everything is the same but u backflip on backflip"],"gold_per_floor":[217,247,247,259,259,284,117,149,149,149,2,77,77,87,87,191,191,202,222,222,235,255,290,290,290,290,290,308,323,335,355,366,366,366,366,366],"floor_reached":35,"playtime":2255,"items_purged":[],"score":341,"play_id":"3ee17585-1c15-4659-bce9-0aee0395bbda","local_time":"20201225221241","is_ascension_mode":false,"campfire_choices":[{"floor":10.0,"key":"REST"},{"floor":13.0,"key":"REST"},{"data":"DemoMod:BSG","floor":15.0,"key":"SMITH"},{"data":"DemoMod:FortunesFavor","floor":24.0,"key":"SMITH"},{"data":"DemoMod:BlackHoleGun","floor":27,"key":"SMITH"},{"floor":33,"key":"REST"}],"circlet_count":0,"master_deck":["DemoMod:Strike_Huntress","DemoMod:Strike_Huntress","DemoMod:Strike_Huntress+1","DemoMod:Defend_Huntress","DemoMod:Defend_Huntress","DemoMod:Defend_Huntress","DemoMod:Defend_Huntress","DemoMod:Roll","DemoMod:ManualReload","DemoMod:RustySidearm","DemoMod:CrossBow","DemoMod:GunShield","DemoMod:DoubleSwitch+1","DemoMod:DirectionalPad","DemoMod:PotionOfGunFriendShip","DemoMod:BSG+1","DemoMod:Unity","DemoMod:BlackHoleGun+1","DemoMod:Camera+1","DemoMod:TripleGun+1","DemoMod:FortunesFavor+1","DemoMod:Polaris+1","DemoMod:HardPowerCard+1","DemoMod:Purify","DemoMod:FortunesFavor+1","DemoMod:ProbeStrike","DemoMod:PracticeMakesPerfect+1","DemoMod:BattleInHaste+1"],"relics":["DemoMod:Dog","Mercury Hourglass","Potion Belt","Bird Faced Urn","DemoMod:Metronome","DemoMod:Wolf","Singing Bowl","DemoMod:RingOfEthereal","Replay:Ringing Soul"],"acts_visited":["Exordium","TheCity","TheCity"],"potions_floor_usage":[31,32,34,35],"damage_taken":[{"damage":1.0,"enemies":"Jaw Worm","floor":1.0,"turns":4.0},{"damage":0.0,"enemies":"2 Louse","floor":2.0,"turns":3.0},{"damage":0.0,"enemies":"Small Slimes","floor":4.0,"turns":2.0},{"damage":17.0,"enemies":"3 Sentries","floor":6.0,"turns":11.0},{"damage":17.0,"enemies":"Replay:BlueRogue","floor":8.0,"turns":5.0},{"damage":5.0,"enemies":"Gremlin Gang","floor":14.0,"turns":3.0},{"damage":30.0,"enemies":"The Guardian","floor":16.0,"turns":9.0},{"damage":0.0,"enemies":"Spheric Guardian","floor":18.0,"turns":2.0},{"damage":0.0,"enemies":"3 Byrds","floor":19.0,"turns":3.0},{"damage":13.0,"enemies":"Snake Plant","floor":21.0,"turns":4.0},{"damage":0.0,"enemies":"3 Cultists","floor":22.0,"turns":2.0},{"damage":0.0,"enemies":"Gremlin Leader","floor":23.0,"turns":4.0},{"damage":1,"enemies":"DemoMod:Veteran_shot_gun_kin_and_bullet_kin","floor":28,"turns":1},{"damage":6,"enemies":"DemoMod:Red_and_blue_shotgun_kin","floor":29,"turns":2},{"damage":13,"enemies":"DemoMod:Veteran_shot_gun_kin_and_red_shotgun_kin_with_gunsinger","floor":30,"turns":1},{"damage":7,"enemies":"DemoMod:Veteran_shot_gun_kin_and_blue_shotgun_kin_with_gunsinger","floor":31,"turns":2},{"damage":5,"enemies":"DemoMod:Red_and_blue_shotgun_kin_with_gunsinger","floor":32,"turns":3},{"damage":68,"enemies":"DemoMod:ResourcefulRat","floor":35,"turns":5}],"seed_played":"5970106319761599317","potions_obtained":[{"floor":1.0,"key":"FearPotion"},{"floor":4.0,"key":"Swift Potion"},{"floor":16.0,"key":"SteroidPotion"},{"floor":19.0,"key":"Elixir"},{"floor":22.0,"key":"DemoMod:LeadSkinPotion"},{"floor":23.0,"key":"Elixir"},{"floor":30,"key":"AttackPotion"},{"floor":31,"key":"LiquidBronze"}],"is_trial":false,"path_per_floor":["M","M","?","M","?","E","$","E","T","R","$","?","R","M","R","B",null,"M","M","T","M","M","E","R","$","T","R","M","M","M","M","M","R","B","B"],"character_chosen":"HUNTRESS","items_purchased":["DemoMod:GnawedKey","Block Potion","DemoMod:Metronome","Replay:Ringing Soul"],"campfire_rested":3,"item_purchase_floors":[7,7,11,25],"current_hp_per_floor":[69,69,55,55,55,38,38,21,21,42,42,35,56,51,51,21,70,70,70,70,59,59,59,59,59,72,72,74,73,63,59,57,83,41,0,0],"gold":366,"neow_bonus":"HUNDRED_GOLD","is_daily":false,"chose_seed":false,"campfire_upgraded":3,"win_rate":0.0,"timestamp":1608901961,"path_taken":["M","M","?","M","?","E","$","E","T","R","?","?","R","M","R","BOSS","M","?","?","M","M","E","R","$","T","R","M","M","M","M","M","R","BOSS","BOSS"],"items_purchased_type":["Relic","Potion","Relic","Relic"],"build_version":"2020-12-22","purchased_purges":0,"victory":false,"max_hp_per_floor":[70,70,70,70,70,70,70,70,70,70,70,70,70,70,70,70,70,70,70,70,72,72,72,72,72,72,72,75,80,83,86,89,89,89,89,89],"card_choices":[{"not_picked":["DemoMod:HuntsMan","DemoMod:StickyCrossBow"],"picked":"DemoMod:GunShield","floor":1.0},{"not_picked":["DemoMod:GunstockTap","DemoMod:SniperShot"],"picked":"DemoMod:DoubleSwitch","floor":2.0},{"not_picked":["DemoMod:BoxingGlove","DemoMod:Ejector"],"picked":"DemoMod:DirectionalPad","floor":4.0},{"not_picked":["DemoMod:HardPowerCard","DemoMod:RadGun"],"picked":"DemoMod:PotionOfGunFriendShip","floor":6.0},{"not_picked":["DemoMod:ConditionalReflex","DemoMod:EasyReloadBullets"],"picked":"DemoMod:BSG","floor":8.0},{"not_picked":["DemoMod:CursedBullets","DemoMod:GunstockTap"],"picked":"DemoMod:Unity","floor":14.0},{"not_picked":["DemoMod:BulletBore","DemoMod:GunslingerForm"],"picked":"DemoMod:BlackHoleGun","floor":16.0},{"not_picked":["DemoMod:HuntsMan","DemoMod:Polaris"],"picked":"DemoMod:Camera+1","floor":18.0},{"not_picked":["DemoMod:GunShield+1","DemoMod:Ejector+1"],"picked":"DemoMod:TripleGun+1","floor":19.0},{"not_picked":["DemoMod:HighKaliber","DemoMod:GunstockTap","DemoMod:PotionOfGunFriendShip"],"picked":"Singing Bowl","floor":21.0},{"not_picked":["DemoMod:MachoBrace","DemoMod:Purify+1"],"picked":"DemoMod:FortunesFavor","floor":22.0},{"not_picked":["DemoMod:DoubleSwitch","DemoMod:PotionOfGunFriendShip"],"picked":"DemoMod:Polaris+1","floor":22.0},{"not_picked":["DemoMod:BulletBore","DemoMod:DoubleSwitch+1"],"picked":"DemoMod:HardPowerCard+1","floor":23.0},{"not_picked":["DemoMod:Ejector+1","DemoMod:GunstockTap+1"],"picked":"DemoMod:Purify","floor":28},{"not_picked":["DemoMod:DarkMarker","DemoMod:FeignSurrender","DemoMod:CursedBullets+1"],"picked":"Singing Bowl","floor":29},{"not_picked":["DemoMod:AC15+1","DemoMod:HuntsMan"],"picked":"DemoMod:FortunesFavor+1","floor":29},{"not_picked":["DemoMod:BattleInHaste+1","DemoMod:DirectionalPad"],"picked":"DemoMod:ProbeStrike","floor":30},{"not_picked":["DemoMod:FortunesFavor+1","DemoMod:GunShield"],"picked":"DemoMod:PracticeMakesPerfect+1","floor":31},{"not_picked":["DemoMod:GunstockTap","DemoMod:PotionOfGunFriendShip"],"picked":"DemoMod:BattleInHaste+1","floor":32}],"player_experience":950406,"relics_obtained":[{"floor":6.0,"key":"Mercury Hourglass"},{"floor":8.0,"key":"Potion Belt"},{"floor":9.0,"key":"Bird Faced Urn"},{"floor":20.0,"key":"Singing Bowl"},{"floor":23.0,"key":"DemoMod:RingOfEthereal"}],"event_choices":[{"damage_healed":0.0,"max_hp_gain":0.0,"max_hp_loss":0.0,"gold_gain":0.0,"event_name":"Shining Light","player_choice":"Entered Light","floor":3.0,"gold_loss":0.0,"damage_taken":14.0,"cards_upgraded":["DemoMod:DoubleSwitch","DemoMod:Strike_Huntress"]},{"damage_healed":0.0,"max_hp_gain":0.0,"max_hp_loss":0.0,"gold_gain":0.0,"event_name":"Liars Game","player_choice":"Ignored","floor":5.0,"gold_loss":0.0,"damage_taken":0.0},{"damage_healed":0.0,"max_hp_gain":0.0,"max_hp_loss":0.0,"gold_gain":75.0,"event_name":"FaceTrader","player_choice":"Touch","floor":12.0,"gold_loss":0.0,"damage_taken":7.0}],"is_beta":false,"boss_relics":[{"not_picked":["Astrolabe","Honey Jar"],"picked":"DemoMod:Wolf"}],"items_purged_floors":[],"is_endless":false,"potions_floor_spawned":[1,4,16,19,22,23,30,31],"killed_by":"DemoMod:ResourcefulRat","ascension_level":0}}