{"host":"o5jvvi5yapo90aia","time":1608890349,"event":{"mods":["BaseMod","CapriCore","Minty Spire (QoL Compilation)","MostiFishMod","Prisma Mod","Spicy Shops","StSLib","TestMod","The Immortal","【东方二次创作】八云紫mod","【人物mod】游戏王New YuGiOh mod","【功能Mod】Neow奖励"],"gold_per_floor":[111,127,127,147,163,195,208,239,264,289,289,309,328,360,360,435,435,450,93,143,143,143,169,169,203,282,307,307,307,346,746,746,830,830,852,23,41,41,46,84,100,100,123,157,157,177,212,237,237,242,247,247,247,28,63,68],"floor_reached":57,"playtime":2735,"items_purged":["Bash"],"score":3917,"play_id":"69893b61-9b59-4d6a-af07-b2dba99ece86","local_time":"20201225175909","is_ascension_mode":true,"campfire_choices":[{"data":"Strike_R","floor":15.0,"key":"PURGE"},{"data":"Strike_R","floor":24.0,"key":"PURGE"},{"data":"Strike_R","floor":29.0,"key":"PURGE"},{"data":"MostiFishMod:HellRitual","floor":32.0,"key":"SMITH"},{"floor":45,"key":"RECALL"},{"data":"Defend_R+1","floor":49,"key":"PURGE"},{"data":"Defend_R+1","floor":53,"key":"PURGE"}],"circlet_count":0,"master_deck":["Defend_R+1","Defend_R+1","Offering+1","Entrench+1","Feel No Pain+1","Barricade+1","Ghostly Armor+1","Second Wind+1","MostiFishMod:HellRitual+1","Shockwave+1","Body Slam+1","MostiFishMod:RacingGame+1","Dark Embrace+1"],"relics":["testmod-TestBox","SlaversCollar","ThornShield","testmod-BouquetWithThorns","SynthV:TestCard","Juzu Bracelet","Happy Flower","War Paint","Bag of Marbles","Omamori","JellyFishMachine","Bottled Tornado","Frozen Egg 2","Lantern","Gambling Chip","HornCleat","testmod-Recursion","BirthdayGift-Icosahedron","White Beast Statue","Nunchaku","Pear","Potion Belt","Lee\u0027s Waffle","StrikeDummy"],"acts_visited":["Exordium","TheCity","TheBeyond","TheEnding"],"potions_floor_usage":[56,56,56,56,56],"damage_taken":[{"damage":0.0,"enemies":"2 Louse","floor":1.0,"turns":2.0},{"damage":1.0,"enemies":"Cultist","floor":2.0,"turns":3.0},{"damage":6.0,"enemies":"Jaw Worm","floor":4.0,"turns":3.0},{"damage":6.0,"enemies":"Exordium Wildlife","floor":5.0,"turns":3.0},{"damage":43.0,"enemies":"Gremlin Nob","floor":6.0,"turns":4.0},{"damage":12.0,"enemies":"Large Slime","floor":7.0,"turns":6.0},{"damage":1.0,"enemies":"Lagavulin","floor":8.0,"turns":5.0},{"damage":1.0,"enemies":"3 Sentries","floor":10.0,"turns":7.0},{"damage":1.0,"enemies":"Blue Slaver","floor":12.0,"turns":5.0},{"damage":1.0,"enemies":"2 Fungi Beasts","floor":13.0,"turns":5.0},{"damage":1.0,"enemies":"Gremlin Nob","floor":14.0,"turns":6.0},{"damage":1.0,"enemies":"Slime Boss","floor":16.0,"turns":21.0},{"damage":6.0,"enemies":"Spheric Guardian","floor":18.0,"turns":5.0},{"damage":9.0,"enemies":"Gremlin Leader","floor":23.0,"turns":5.0},{"damage":6.0,"enemies":"Book of Stabbing","floor":25.0,"turns":4.0},{"damage":6.0,"enemies":"Gremlin Leader","floor":27.0,"turns":6.0},{"damage":6.0,"enemies":"Slavers","floor":30.0,"turns":4.0},{"damage":6.0,"enemies":"Automaton","floor":33.0,"turns":4.0},{"damage":15.0,"enemies":"3 Darklings","floor":35.0,"turns":5.0},{"damage":0.0,"enemies":"3 Shapes","floor":37.0,"turns":3.0},{"damage":0,"enemies":"3 Shapes","floor":39,"turns":4},{"damage":0,"enemies":"Giant Head","floor":40,"turns":2},{"damage":0,"enemies":"Spire Growth","floor":41,"turns":2},{"damage":6,"enemies":"Nemesis","floor":44,"turns":1},{"damage":6,"enemies":"Transient","floor":46,"turns":2},{"damage":0,"enemies":"Giant Head","floor":47,"turns":1},{"damage":0,"enemies":"Sphere and 2 Shapes","floor":48,"turns":2},{"damage":6,"enemies":"Awakened One","floor":50,"turns":6},{"damage":6,"enemies":"Time Eater","floor":51,"turns":2},{"damage":0,"enemies":"Shield and Spear","floor":55,"turns":1},{"damage":0,"enemies":"The Heart","floor":56,"turns":5}],"seed_played":"8614653156545870748","potions_obtained":[{"floor":1.0,"key":"testmod-SpacePotion"},{"floor":5.0,"key":"AttackPotion"},{"floor":7.0,"key":"testmod-TestPotion"},{"floor":8.0,"key":"testmod-TestPotion"},{"floor":10.0,"key":"SpeedPotion"},{"floor":16.0,"key":"Weak Potion"},{"floor":18.0,"key":"FearPotion"},{"floor":27.0,"key":"Block Potion"},{"floor":47,"key":"Explosive Potion"},{"floor":48,"key":"Ancient Potion"}],"is_trial":false,"path_per_floor":["M","M","?","M","M","E","M","E","T","E","?","M","M","E","R","B",null,"M","$","?","?","$","E","R","E","T","E","?","R","E","?","R","B",null,"M","$","M","?","?","E","M","?","T","E","R","M","E","M","R","B","B",null,"R","$","E","B",null],"character_chosen":"IRONCLAD","items_purchased":["Bottled Tornado","BirthdayGift-Icosahedron","Lee\u0027s Waffle","ColorlessPotion"],"campfire_rested":0,"item_purchase_floors":[19,36,54,54],"current_hp_per_floor":[69,69,69,64,58,16,5,5,5,5,5,5,5,4,4,5,58,54,54,54,33,33,26,26,22,22,18,18,18,12,12,12,6,62,47,47,48,38,80,80,80,80,80,85,85,80,81,82,82,77,72,86,86,97,97,97],"gold":68,"neow_bonus":"BOSS_RELIC","is_daily":false,"chose_seed":false,"campfire_upgraded":1,"win_rate":0.0,"timestamp":1608890349,"path_taken":["M","M","?","?","M","E","M","E","T","E","?","M","M","E","R","BOSS","M","$","?","?","?","E","R","E","T","E","?","R","E","?","R","BOSS","M","$","M","?","?","E","M","?","T","E","R","M","E","M","R","BOSS","BOSS","R","$","E","BOSS"],"items_purchased_type":["Relic","Relic","Relic","Potion"],"build_version":"2020-12-22","purchased_purges":1,"victory":true,"max_hp_per_floor":[75,75,75,75,75,75,75,75,75,75,75,75,75,75,75,75,75,75,75,75,80,80,80,80,80,80,80,80,80,80,80,80,80,80,80,80,80,80,80,80,80,80,80,90,90,90,90,90,90,90,90,90,90,97,97,97],"card_choices":[{"not_picked":["MostiFishMod:BrandingRite","Headbutt","Iron Wave"],"picked":"SKIP","floor":1.0},{"not_picked":["Perfected Strike","Clothesline","Anger","Sword Boomerang"],"picked":"Offering","floor":2.0},{"not_picked":["Clash","Pummel","Reckless Charge","Flame Barrier"],"picked":"Feel No Pain","floor":4.0},{"not_picked":["Body Slam","Armaments","Brutality","Metallicize","Feel No Pain"],"picked":"SKIP","floor":5.0},{"not_picked":["Fire Breathing","Body Slam","Armaments","Twin Strike","Warcry"],"picked":"SKIP","floor":6.0},{"not_picked":["True Grit","Flex","Headbutt","Heavy Blade","Cleave"],"picked":"SKIP","floor":7.0},{"not_picked":["Pommel Strike","Warcry","Reckless Charge","Wild Strike"],"picked":"Barricade","floor":8.0},{"not_picked":["MostiFishMod:#F4004","Warcry","Clothesline","Havoc","Entrench"],"picked":"SKIP","floor":10.0},{"not_picked":["Anger","Perfected Strike","Flex","Clash","Cleave"],"picked":"SKIP","floor":12.0},{"not_picked":["Dark Embrace","Pommel Strike","Shrug It Off","Anger"],"picked":"Second Wind","floor":13.0},{"not_picked":["Body Slam","Thunderclap","Dropkick","True Grit","Blood for Blood"],"picked":"SKIP","floor":14.0},{"not_picked":["Demon Form","Immolate","Fiend Fire","MostiFishMod:DarkDeal"],"picked":"MostiFishMod:HellRitual","floor":16.0},{"not_picked":["Clothesline+1","Cleave","Metallicize","Headbutt"],"picked":"Shockwave","floor":18.0},{"not_picked":["Reckless Charge","Twin Strike","Heavy Blade","Pommel Strike","Havoc"],"picked":"SKIP","floor":23.0},{"not_picked":["Pommel Strike","Sever Soul","Limit Break","Twin Strike","Armaments"],"picked":"SKIP","floor":25.0},{"not_picked":["Headbutt+1","Barricade+1","MostiFishMod:BrandingRite","MostiFishMod:DarkDeal"],"picked":"Body Slam","floor":27.0},{"not_picked":["Seeing Red","Thunderclap","Dropkick","Reckless Charge","Havoc"],"picked":"SKIP","floor":30.0},{"not_picked":["Anger+1","Armaments","Spot Weakness+1","Body Slam+1","Sever Soul"],"picked":"SKIP","floor":35.0},{"not_picked":["Blood for Blood+1","Pommel Strike","Sword Boomerang","Dual Wield","Whirlwind"],"picked":"SKIP","floor":37.0},{"not_picked":["Wild Strike+1","Headbutt","Burning Pact","Iron Wave+1"],"picked":"MostiFishMod:RacingGame","floor":39},{"not_picked":["Immolate","Warcry","Body Slam+1","Thunderclap","Sword Boomerang"],"picked":"SKIP","floor":40},{"not_picked":["Disarm","Body Slam","Warcry","Iron Wave"],"picked":"Dark Embrace+1","floor":41},{"not_picked":["Sever Soul","Anger","Rampage+1","Pommel Strike+1","MostiFishMod:#F4004"],"picked":"SKIP","floor":44},{"not_picked":["Rampage","Rupture+1","Sever Soul","Thunderclap","Whirlwind"],"picked":"SKIP","floor":46},{"not_picked":["Shrug It Off","Pummel+1","Armaments","Iron Wave","True Grit"],"picked":"SKIP","floor":47},{"not_picked":["Sever Soul","Rupture+1","Wild Strike","Reckless Charge+1","Ghostly Armor"],"picked":"SKIP","floor":48},{"not_picked":["Searing Blow","Entrench","Hemokinesis","Demon Form+1","Havoc"],"picked":"SKIP","floor":55}],"player_experience":1348354,"relics_obtained":[{"floor":1.0,"key":"SynthV:TestCard"},{"floor":6.0,"key":"Juzu Bracelet"},{"floor":8.0,"key":"Happy Flower"},{"floor":9.0,"key":"War Paint"},{"floor":10.0,"key":"Bag of Marbles"},{"floor":14.0,"key":"Omamori"},{"floor":23.0,"key":"Frozen Egg 2"},{"floor":25.0,"key":"Lantern"},{"floor":27.0,"key":"Gambling Chip"},{"floor":30.0,"key":"HornCleat"},{"floor":40,"key":"White Beast Statue"},{"floor":43,"key":"Nunchaku"},{"floor":44,"key":"Pear"},{"floor":47,"key":"Potion Belt"},{"floor":55,"key":"StrikeDummy"}],"event_choices":[{"damage_healed":0.0,"max_hp_gain":0.0,"max_hp_loss":0.0,"gold_gain":0.0,"cards_transformed":["Strike_R"],"event_name":"Transmorgrifier","player_choice":"Transformed","floor":3.0,"gold_loss":0.0,"damage_taken":0.0,"cards_obtained":["Entrench"]},{"damage_healed":0.0,"max_hp_gain":0.0,"max_hp_loss":0.0,"gold_gain":0.0,"cards_transformed":["Strike_R"],"event_name":"Living Wall","player_choice":"Change","floor":11.0,"gold_loss":0.0,"damage_taken":0.0,"cards_obtained":["Ghostly Armor"]},{"damage_healed":0.0,"max_hp_gain":0.0,"max_hp_loss":0.0,"gold_gain":50.0,"event_name":"Nest","player_choice":"Stole From Cult","floor":20.0,"gold_loss":0.0,"damage_taken":0.0},{"damage_healed":0.0,"max_hp_gain":5.0,"max_hp_loss":0.0,"gold_gain":0.0,"event_name":"Forgotten Altar","player_choice":"Shed Blood","floor":21.0,"gold_loss":0.0,"damage_taken":26.0},{"damage_healed":0.0,"max_hp_gain":0.0,"max_hp_loss":0.0,"gold_gain":0.0,"event_name":"Vampires","player_choice":"Ignored","floor":28.0,"gold_loss":0.0,"damage_taken":0.0},{"damage_healed":0.0,"max_hp_gain":0.0,"max_hp_loss":0.0,"gold_gain":400.0,"event_name":"恩洛斯的盘子","player_choice":"Sell","floor":31.0,"relics_lost":["DaveBox"],"gold_loss":0.0,"damage_taken":0.0},{"damage_healed":0.0,"max_hp_gain":0.0,"max_hp_loss":0.0,"gold_gain":0.0,"event_name":"SensoryStone","player_choice":"Memory 3","floor":38.0,"gold_loss":0.0,"damage_taken":10.0},{"damage_healed":0,"gold_gain":0,"player_choice":"Ignored","damage_taken":0,"max_hp_gain":0,"max_hp_loss":0,"event_name":"Tomb of Lord Red Mask","floor":42,"gold_loss":0}],"is_beta":false,"boss_relics":[{"not_picked":["NightmareShop","Sozu"],"picked":"JellyFishMachine"},{"not_picked":["testmod-TimeTraveler","HereWithMe"],"picked":"testmod-Recursion"}],"items_purged_floors":[19],"is_endless":false,"potions_floor_spawned":[1,5,7,8,10,16,18,27,35,39,40,41,44,46,47,48,55],"ascension_level":20}}