{"host":"wkq136ike0ligh15","time":1608873855,"event":{"mods":["Bard","BaseMod","Clockwork Mod","Minty Spire (QoL Compilation)","StSLib"],"gold_per_floor":[110,110,110,123,142,142,173,173,173,185,35,70,70,117,129,242,254,277,289,301,324,346,358,358],"floor_reached":23,"playtime":471,"items_purged":[],"score":199,"play_id":"12bd2e01-b251-4b88-8c7e-0a290c6fecd2","local_time":"20201225002415","is_ascension_mode":false,"campfire_choices":[{"floor":6.0,"key":"REST"},{"floor":8.0,"key":"REST"},{"floor":13.0,"key":"REST"},{"data":"Ball Lightning","floor":15.0,"key":"SMITH"}],"circlet_count":0,"master_deck":["Strike_B","Strike_B","Strike_B","Strike_B","Defend_B+1","Defend_B","Defend_B","Defend_B","Zap","Dualcast+1","Sweeping Beam","Thunder Strike","Static Discharge","White Noise","Ball Lightning+1","Loop","Streamline","Defragment","Melter","Biased Cognition","Coolheaded","All For One","Hello World","Ball Lightning+1","Lockon","Auto Shields"],"relics":["Cracked Core","NeowsBlessing","Meat on the Bone","Gremlin Horn","Orrery","Bag of Marbles","MawBank","SlaversCollar"],"acts_visited":["Exordium","TheCity"],"potions_floor_usage":[],"damage_taken":[{"damage":0.0,"enemies":"Jaw Worm","floor":1.0,"turns":1.0},{"damage":0.0,"enemies":"2 Louse","floor":4.0,"turns":1.0},{"damage":0.0,"enemies":"Cultist","floor":5.0,"turns":1.0},{"damage":20.0,"enemies":"Gremlin Nob","floor":7.0,"turns":4.0},{"damage":35.0,"enemies":"Gremlin Gang","floor":10.0,"turns":3.0},{"damage":18.0,"enemies":"Lagavulin","floor":12.0,"turns":3.0},{"damage":42.0,"enemies":"Slime Boss","floor":16.0,"turns":6.0},{"damage":35.0,"enemies":"2 Thieves","floor":18.0,"turns":4.0},{"damage":10.0,"enemies":"Chosen","floor":21.0,"turns":3.0},{"damage":36.0,"enemies":"3 Cultists","floor":22.0,"turns":4.0},{"damage":25,"enemies":"Book of Stabbing","floor":23,"turns":3}],"seed_played":"1690783596015682897","potions_obtained":[{"floor":3.0,"key":"PowerPotion"},{"floor":3.0,"key":"Ancient Potion"},{"floor":3.0,"key":"Fruit Juice"},{"floor":7.0,"key":"FearPotion"},{"floor":16.0,"key":"GamblersBrew"}],"is_trial":false,"path_per_floor":["M","?","?","M","M","R","E","R","T","M","$","E","R","T","R","B",null,"M","?","?","M","M","E"],"character_chosen":"DEFECT","items_purchased":["Orrery"],"campfire_rested":3,"item_purchase_floors":[11],"current_hp_per_floor":[75,60,60,60,60,80,60,80,80,45,45,39,63,63,63,33,80,45,45,45,47,23,0,0],"gold":358,"neow_bonus":"THREE_ENEMY_KILL","is_daily":false,"chose_seed":false,"campfire_upgraded":1,"win_rate":0.0,"timestamp":1608873855,"path_taken":["M","?","?","M","?","R","E","R","T","?","$","E","R","?","R","BOSS","M","?","?","M","M","E"],"items_purchased_type":["Relic"],"build_version":"2020-12-22","purchased_purges":0,"victory":false,"max_hp_per_floor":[75,75,75,75,75,80,80,80,80,80,80,80,80,80,80,80,80,80,80,80,80,80,80,80],"card_choices":[{"not_picked":["Go for the Eyes","Stack"],"picked":"Sweeping Beam","floor":1.0},{"not_picked":["Genetic Algorithm","Rebound"],"picked":"Thunder Strike","floor":4.0},{"not_picked":["Compile Driver","Reinforced Body"],"picked":"Static Discharge","floor":5.0},{"not_picked":["Redo","Scrape"],"picked":"White Noise","floor":7.0},{"not_picked":["Beam Cell","Leap"],"picked":"Ball Lightning","floor":10.0},{"not_picked":["Stack","Double Energy"],"picked":"Loop","floor":11.0},{"not_picked":["Sweeping Beam","Loop"],"picked":"Streamline","floor":11.0},{"not_picked":["FTL","Redo"],"picked":"Defragment","floor":11.0},{"not_picked":["Aggregate","Skim"],"picked":"Melter","floor":11.0},{"not_picked":["Rebound","Steam"],"picked":"Biased Cognition","floor":11.0},{"not_picked":["Conserve Battery","Fission"],"picked":"Coolheaded","floor":12.0},{"not_picked":["Echo Form","Amplify"],"picked":"All For One","floor":16.0},{"not_picked":["Compile Driver+1","Reprogram"],"picked":"Hello World","floor":18.0},{"not_picked":["Cold Snap+1","Redo"],"picked":"Lockon","floor":21.0},{"not_picked":["Consume","Glacier"],"picked":"Auto Shields","floor":22.0}],"player_experience":238627,"relics_obtained":[{"floor":7.0,"key":"Meat on the Bone"},{"floor":9.0,"key":"Gremlin Horn"},{"floor":12.0,"key":"Bag of Marbles"},{"floor":14.0,"key":"MawBank"}],"event_choices":[{"damage_healed":0.0,"max_hp_gain":0.0,"max_hp_loss":0.0,"gold_gain":0.0,"event_name":"Shining Light","player_choice":"Entered Light","floor":2.0,"gold_loss":0.0,"damage_taken":15.0,"cards_upgraded":["Defend_B","Dualcast"]},{"damage_healed":0.0,"max_hp_gain":0.0,"max_hp_loss":0.0,"gold_gain":0.0,"event_name":"Lab","player_choice":"Got Potions","floor":3.0,"gold_loss":0.0,"damage_taken":0.0},{"damage_healed":0.0,"max_hp_gain":0.0,"max_hp_loss":0.0,"gold_gain":0.0,"event_name":"Cursed Tome","player_choice":"Ignored","floor":19.0,"gold_loss":0.0,"damage_taken":0.0},{"damage_healed":0.0,"max_hp_gain":0.0,"max_hp_loss":0.0,"gold_gain":0.0,"event_name":"Duplicator","player_choice":"Copied","floor":20.0,"gold_loss":0.0,"damage_taken":0.0,"cards_obtained":["Ball Lightning"]}],"is_beta":false,"boss_relics":[{"not_picked":["Cursed Key","Astrolabe"],"picked":"SlaversCollar"}],"items_purged_floors":[],"is_endless":false,"potions_floor_spawned":[7,16],"killed_by":"Book of Stabbing","ascension_level":0}}