{"host":"BK","time":1608874151,"event":{"mods":["BaseMod","Highlight Path","Minty Spire (QoL Compilation)","StSLib"],"gold_per_floor":[111,130,150,150,163,163,193,193,193,528,528,544,554,239,239,310,310,321,99,99,118,0,35,35,65,65,65,65,23,39,55,55,132,132,150,175,175,13,26,56,56,89,112,112,140,190,217,217,217,217,217,217,217,53,79,79,79],"floor_reached":56,"playtime":3180,"items_purged":["Strike_G"],"score":1987,"play_id":"ffa18a45-2970-4bac-8689-1e071053f050","local_time":"20201224222911","is_ascension_mode":true,"campfire_choices":[{"data":"Skewer","floor":6.0,"key":"SMITH"},{"floor":8.0,"key":"REST"},{"floor":11.0,"key":"REST"},{"data":"Footwork","floor":15.0,"key":"SMITH"},{"floor":24.0,"key":"REST"},{"floor":27.0,"key":"REST"},{"data":"Catalyst","floor":32.0,"key":"SMITH"},{"data":"Malaise","floor":41.0,"key":"SMITH"},{"floor":44.0,"key":"REST"},{"floor":49.0,"key":"RECALL"},{"data":"Crippling Poison","floor":53.0,"key":"SMITH"}],"circlet_count":0,"master_deck":["AscendersBane","Strike_G","Defend_G","Defend_G","Defend_G","Defend_G","Defend_G","Survivor","Neutralize","Deadly Poison","Skewer+1","Flying Knee","Blur","Footwork+1","Leg Sweep","Dagger Throw","Noxious Fumes","Bullet Time","Predator","Poisoned Stab","Corpse Explosion","Crippling Poison+1","Catalyst+1","After Image","CurseOfTheBell","Escape Plan","Catalyst+1","Malaise+1","Catalyst+1"],"relics":["Runic Pyramid","Dream Catcher","InkBottle","Old Coin","Snake Skull","Cursed Key","Bag of Preparation","Art of War","Incense Burner","Calling Bell","Happy Flower","Mercury Hourglass","CaptainsWheel","Du-Vu Doll","Chemical X","Lantern","Omamori","CeramicFish","OrangePellets","Paper Crane"],"acts_visited":["Exordium","TheCity","TheBeyond","TheEnding"],"potions_floor_usage":[56,56],"damage_taken":[{"damage":0.0,"enemies":"Cultist","floor":1.0,"turns":4.0},{"damage":4.0,"enemies":"Small Slimes","floor":2.0,"turns":4.0},{"damage":0.0,"enemies":"2 Louse","floor":3.0,"turns":3.0},{"damage":3.0,"enemies":"Looter","floor":5.0,"turns":4.0},{"damage":19.0,"enemies":"3 Sentries","floor":7.0,"turns":11.0},{"damage":48.0,"enemies":"Gremlin Nob","floor":10.0,"turns":5.0},{"damage":13.0,"enemies":"Exordium Wildlife","floor":12.0,"turns":7.0},{"damage":0.0,"enemies":"Exordium Thugs","floor":13.0,"turns":6.0},{"damage":4.0,"enemies":"Hexaghost","floor":16.0,"turns":11.0},{"damage":11.0,"enemies":"Shell Parasite","floor":18.0,"turns":6.0},{"damage":16.0,"enemies":"2 Thieves","floor":21.0,"turns":4.0},{"damage":5.0,"enemies":"Gremlin Leader","floor":23.0,"turns":7.0},{"damage":7.0,"enemies":"Book of Stabbing","floor":25.0,"turns":6.0},{"damage":0.0,"enemies":"3 Cultists","floor":30.0,"turns":2.0},{"damage":0.0,"enemies":"Snecko","floor":31.0,"turns":4.0},{"damage":24.0,"enemies":"Collector","floor":33.0,"turns":6.0},{"damage":20.0,"enemies":"3 Darklings","floor":35.0,"turns":2.0},{"damage":0.0,"enemies":"Mind Bloom Boss Battle","floor":36.0,"turns":5.0},{"damage":0.0,"enemies":"Orb Walker","floor":39.0,"turns":3.0},{"damage":1.0,"enemies":"Giant Head","floor":40.0,"turns":4.0},{"damage":29.0,"enemies":"Reptomancer","floor":42.0,"turns":5.0},{"damage":11.0,"enemies":"Nemesis","floor":45.0,"turns":3.0},{"damage":0.0,"enemies":"Writhing Mass","floor":47.0,"turns":3.0},{"damage":3.0,"enemies":"Awakened One","floor":50.0,"turns":11.0},{"damage":6.0,"enemies":"Time Eater","floor":51.0,"turns":10.0},{"damage":35.0,"enemies":"Shield and Spear","floor":55.0,"turns":7.0},{"damage":45,"enemies":"The Heart","floor":56,"turns":2}],"seed_played":"7240061126321782282","potions_obtained":[{"floor":1.0,"key":"DuplicationPotion"},{"floor":3.0,"key":"GamblersBrew"},{"floor":10.0,"key":"Fruit Juice"},{"floor":16.0,"key":"BlessingOfTheForge"},{"floor":30.0,"key":"Regen Potion"},{"floor":31.0,"key":"SmokeBomb"},{"floor":39.0,"key":"LiquidBronze"},{"floor":55.0,"key":"Regen Potion"}],"is_trial":false,"path_per_floor":["M","M","M","?","M","R","E","R","T","E","R","M","M","$","R","B",null,"M","$","?","M","?","E","R","E","T","R","?","$","M","M","R","B",null,"M","?","?","$","M","E","R","E","T","R","E","?","M","?","R","B","B",null,"R","$","E","B"],"character_chosen":"THE_SILENT","items_purchased":["Noxious Fumes","Snake Skull","Bag of Preparation","Block Potion","Catalyst","Chemical X","OrangePellets"],"campfire_rested":5,"item_purchase_floors":[14,14,19,19,29,38,54],"current_hp_per_floor":[59,55,55,55,52,52,33,52,52,4,23,10,10,10,10,11,56,45,45,45,29,29,24,45,38,38,59,59,59,59,71,71,47,65,45,45,45,45,45,44,44,15,15,36,25,25,25,25,25,22,16,57,57,57,22,0,0],"gold":79,"neow_bonus":"BOSS_RELIC","is_daily":false,"chose_seed":false,"campfire_upgraded":5,"win_rate":0.0,"timestamp":1608874151,"path_taken":["M","M","M","?","?","R","E","R","T","E","R","M","M","$","R","BOSS","M","$","?","?","?","E","R","E","T","R","?","?","?","M","R","BOSS","M","?","?","$","M","E","R","E","T","R","E","?","?","?","R","BOSS","BOSS","R","$","E","BOSS"],"items_purchased_type":["Card","Relic","Relic","Potion","Card","Relic","Relic"],"build_version":"2020-12-18","purchased_purges":1,"victory":false,"max_hp_per_floor":[66,66,66,66,66,66,66,66,66,66,66,66,66,66,66,71,71,71,71,71,71,71,71,71,71,71,71,71,71,71,71,71,71,71,71,71,71,71,71,71,71,71,71,71,71,71,71,71,71,71,71,71,71,71,71,71,71],"card_choices":[{"not_picked":["Endless Agony","Dodge and Roll"],"picked":"Deadly Poison","floor":1.0},{"not_picked":["Leg Sweep","Riddle With Holes"],"picked":"Skewer","floor":2.0},{"not_picked":["Backflip","Acrobatics","Deflect"],"picked":"SKIP","floor":3.0},{"not_picked":["PiercingWail","Dodge and Roll"],"picked":"Flying Knee","floor":5.0},{"not_picked":["Phantasmal Killer","Infinite Blades"],"picked":"Blur","floor":7.0},{"not_picked":["Distraction","Outmaneuver"],"picked":"Footwork","floor":8.0},{"not_picked":["Masterful Stab","Prepared"],"picked":"Leg Sweep","floor":10.0},{"not_picked":["Riddle With Holes","Backstab"],"picked":"Dagger Throw","floor":11.0},{"not_picked":["Dagger Throw","Quick Slash","Sucker Punch"],"picked":"SKIP","floor":12.0},{"not_picked":["Choke","Cloak And Dagger","Prepared"],"picked":"SKIP","floor":13.0},{"not_picked":["Malaise","Grand Finale"],"picked":"Bullet Time","floor":16.0},{"not_picked":["Quick Slash","Outmaneuver","Deflect"],"picked":"SKIP","floor":18.0},{"not_picked":["Dagger Spray","Riddle With Holes"],"picked":"Poisoned Stab","floor":21.0},{"not_picked":["Well Laid Plans","Sucker Punch","Masterful Stab"],"picked":"SKIP","floor":23.0},{"not_picked":["Reflex","Blur"],"picked":"Corpse Explosion","floor":24.0},{"not_picked":["Expertise","Eviscerate","Dagger Spray"],"picked":"SKIP","floor":25.0},{"not_picked":["Tactician","Dagger Spray"],"picked":"Crippling Poison","floor":27.0},{"not_picked":["Eviscerate","Poisoned Stab","Acrobatics"],"picked":"SKIP","floor":30.0},{"not_picked":["Acrobatics","Blade Dance","Terror"],"picked":"SKIP","floor":31.0},{"not_picked":["Storm of Steel","A Thousand Cuts"],"picked":"After Image","floor":33.0},{"not_picked":["Acrobatics","Dagger Spray","After Image"],"picked":"SKIP","floor":35.0},{"not_picked":["Poisoned Stab","Deadly Poison"],"picked":"Escape Plan","floor":36.0},{"not_picked":["Bane","Sucker Punch"],"picked":"Catalyst+1","floor":39.0},{"not_picked":["Sucker Punch","Masterful Stab"],"picked":"Malaise","floor":40.0},{"not_picked":["Accuracy","Cloak And Dagger","Dagger Throw+1"],"picked":"SKIP","floor":42.0},{"not_picked":["Deflect","Bane","Endless Agony"],"picked":"SKIP","floor":45.0},{"not_picked":["Leg Sweep","Sucker Punch"],"picked":"Catalyst+1","floor":47.0},{"not_picked":["Dodge and Roll","Dagger Throw","Acrobatics"],"picked":"SKIP","floor":55.0}],"player_experience":2417707,"relics_obtained":[{"floor":7.0,"key":"Dream Catcher"},{"floor":9.0,"key":"InkBottle"},{"floor":10.0,"key":"Old Coin"},{"floor":23.0,"key":"Art of War"},{"floor":25.0,"key":"Incense Burner"},{"floor":34.0,"key":"Happy Flower"},{"floor":34.0,"key":"Mercury Hourglass"},{"floor":34.0,"key":"CaptainsWheel"},{"floor":36.0,"key":"Du-Vu Doll"},{"floor":40.0,"key":"Lantern"},{"floor":42.0,"key":"Omamori"},{"floor":45.0,"key":"CeramicFish"},{"floor":55.0,"key":"Paper Crane"}],"event_choices":[{"cards_removed":["Strike_G"],"damage_healed":0.0,"max_hp_gain":0.0,"max_hp_loss":0.0,"gold_gain":0.0,"event_name":"Wheel of Change","player_choice":"Card Removal","floor":4.0,"gold_loss":0.0,"damage_taken":0.0},{"damage_healed":0.0,"max_hp_gain":0.0,"max_hp_loss":0.0,"gold_gain":0.0,"cards_transformed":["Strike_G"],"event_name":"Transmorgrifier","player_choice":"Transformed","floor":20.0,"gold_loss":0.0,"damage_taken":0.0,"cards_obtained":["Predator"]},{"damage_healed":0.0,"max_hp_gain":0.0,"max_hp_loss":0.0,"gold_gain":0.0,"event_name":"Masked Bandits","player_choice":"Paid Fearfully","floor":22.0,"gold_loss":118.0,"damage_taken":0.0},{"damage_healed":0.0,"max_hp_gain":0.0,"max_hp_loss":0.0,"gold_gain":0.0,"event_name":"Vampires","player_choice":"Ignored","floor":28.0,"gold_loss":0.0,"damage_taken":0.0},{"damage_healed":0.0,"max_hp_gain":0.0,"max_hp_loss":0.0,"gold_gain":0.0,"event_name":"MindBloom","player_choice":"Fight","floor":36.0,"gold_loss":0.0,"damage_taken":0.0},{"damage_healed":0.0,"max_hp_gain":0.0,"max_hp_loss":0.0,"gold_gain":0.0,"event_name":"Tomb of Lord Red Mask","player_choice":"Ignored","floor":37.0,"gold_loss":0.0,"damage_taken":0.0},{"damage_healed":0.0,"max_hp_gain":0.0,"max_hp_loss":0.0,"gold_gain":50.0,"event_name":"Golden Shrine","player_choice":"Pray","floor":46.0,"gold_loss":0.0,"damage_taken":0.0},{"cards_removed":["Strike_G"],"damage_healed":0.0,"max_hp_gain":0.0,"max_hp_loss":0.0,"gold_gain":0.0,"event_name":"Purifier","player_choice":"Purged","floor":48.0,"gold_loss":0.0,"damage_taken":0.0}],"is_beta":true,"boss_relics":[{"not_picked":["SlaversCollar","Philosopher\u0027s Stone"],"picked":"Cursed Key"},{"not_picked":["Coffee Dripper","Snecko Eye"],"picked":"Calling Bell"}],"items_purged_floors":[14],"is_endless":false,"potions_floor_spawned":[1,3,5,10,16,23,30,31,39,40,55],"killed_by":"The Heart","ascension_level":20}}