{"host":"34t1jk6syqcngxqr","time":1608938292,"event":{"mods":["BaseMod","BetterRewards","GifTheSpireLib","Hubris","Infinite Spire","Minty Spire (QoL Compilation)","Replay The Spire","Shop Mod","StSLib","Stuff the Spire","The Jungle"],"gold_per_floor":[110,110,35,52,64,89,136,162,186,217,167,167,190,202,204,216,216],"floor_reached":16,"playtime":540,"items_purged":["Strike_R"],"score":124,"play_id":"f0772d86-7e73-44e9-b4e5-9fdcd96b55fd","local_time":"20201226001812","is_ascension_mode":true,"campfire_choices":[{"data":"Ghostly Armor","floor":12,"key":"SMITH"}],"circlet_count":0,"master_deck":["Strike_R","Strike_R","Strike_R","Defend_R","Defend_R","Defend_R","Bash+1","Ghostly Armor+1","Clash","Twin Strike","Replay:Undeath\u0027s Touch","Replay:Undeath\u0027s Touch"],"relics":["Burning Blood","Dream Catcher","StuffTheSpire:Experiment12","ReplayTheSpireMod:Shallot","infinitespire:Midas Blood","Replay:Rubber Ducky","Golden Idol"],"acts_visited":["Exordium"],"potions_floor_usage":[10,14,16],"damage_taken":[{"damage":6,"enemies":"Cultist","floor":1,"turns":3},{"damage":0,"enemies":"2 Louse","floor":4,"turns":3},{"damage":3,"enemies":"Jaw Worm","floor":5,"turns":4},{"damage":26,"enemies":"Lagavulin","floor":6,"turns":6},{"damage":18,"enemies":"Gremlin Nob","floor":8,"turns":4},{"damage":36,"enemies":"3 Sentries","floor":10,"turns":9},{"damage":0,"enemies":"Looter","floor":14,"turns":3},{"damage":22,"enemies":"Hexaghost","floor":16,"turns":9}],"seed_played":"1882618998816785645","potions_obtained":[{"floor":4,"key":"GamblersBrew"},{"floor":5,"key":"Swift Potion"},{"floor":8,"key":"BloodPotion"}],"is_trial":false,"path_per_floor":["M","?","$","M","M","E","T","E","T","E","?","R","T","M","R","B"],"character_chosen":"IRONCLAD","items_purchased":[],"campfire_rested":0,"item_purchase_floors":[],"current_hp_per_floor":[80,80,80,80,80,60,60,48,48,18,18,18,18,24,4,0,0],"gold":216,"neow_bonus":"RANDOM_EVENT","is_daily":false,"chose_seed":false,"campfire_upgraded":1,"win_rate":0.0,"timestamp":1608938292,"path_taken":["M","?","$","M","?","E","?","E","T","E","?","R","?","M","R","BOSS"],"items_purchased_type":[],"build_version":"2020-12-22","purchased_purges":1,"victory":false,"max_hp_per_floor":[80,80,80,80,80,80,80,80,80,80,80,80,80,80,80,80,80],"card_choices":[{"not_picked":["Headbutt","Life Link","True Grit"],"picked":"SKIP","floor":1},{"not_picked":["Warcry","Havoc"],"picked":"Ghostly Armor","floor":4},{"not_picked":["Pommel Strike","Dropkick"],"picked":"Clash","floor":5},{"not_picked":["Massacre","Headbutt"],"picked":"Twin Strike","floor":6},{"not_picked":["StuffTheSpire:Incineration","Bludgeon"],"picked":"Replay:Undeath\u0027s Touch","floor":8},{"not_picked":["Run Through","True Grit","Havoc"],"picked":"SKIP","floor":10},{"not_picked":["Pommel Strike","Ghostly Armor"],"picked":"Replay:Undeath\u0027s Touch","floor":14}],"player_experience":443690,"relics_obtained":[{"floor":6,"key":"Dream Catcher"},{"floor":7,"key":"StuffTheSpire:Experiment12"},{"floor":8,"key":"ReplayTheSpireMod:Shallot"},{"floor":10,"key":"infinitespire:Midas Blood"},{"floor":13,"key":"Replay:Rubber Ducky"}],"event_choices":[{"cards_removed":["Defend_R"],"damage_healed":0,"gold_gain":0,"player_choice":"Offered Basic","damage_taken":0,"max_hp_gain":0,"max_hp_loss":0,"event_name":"Bonfire Elementals","floor":2,"gold_loss":0},{"cards_removed":["Strike_R"],"damage_healed":0,"gold_gain":0,"player_choice":"Card Removal","damage_taken":0,"max_hp_gain":0,"max_hp_loss":0,"event_name":"The Cleric","floor":11,"gold_loss":50},{"damage_healed":0,"gold_gain":0,"player_choice":"Take Damage","damage_taken":20,"relics_obtained":["Golden Idol"],"max_hp_gain":0,"max_hp_loss":0,"event_name":"Golden Idol","floor":15,"gold_loss":0}],"is_beta":false,"boss_relics":[],"items_purged_floors":[3],"is_endless":false,"potions_floor_spawned":[4,5,8],"killed_by":"Hexaghost","ascension_level":1}}