{"host":"qjr2x8lg4bxz99yh","time":1608855450,"event":{"mods":["Act Like it!","BaseMod","Colored Powertips","Downfall","Friendly Minions","Hallownest","Hermit","Minty Spire (QoL Compilation)","Replay The Spire","StSLib","The Bug Knight","The Cursed","The Disciple","The Hierophant","The Jungle","The Necromancer","The Runesmith","everything is the same but u backflip on backflip"],"gold_per_floor":[110,7,7,32,82,94,150,162,174,211,242,204,216,254,266,409,421,413,425,437,453,453],"floor_reached":21,"playtime":1112,"items_purged":[],"score":302,"play_id":"2bb29e0a-8ed9-4889-9013-512763880581","local_time":"20201224181730","is_ascension_mode":false,"campfire_choices":[{"floor":6,"key":"REST"}],"circlet_count":0,"master_deck":["Strike_B","Strike_B","Strike_B","Strike_B","Defend_B","Defend_B","Defend_B","Defend_B","Zap","Dualcast","Streamline","FIFO Queue+1","Steam","Injury","Streamline","Force Field","TheCursedMod:Dregs","Cold Snap","Auto Shields","Time Bomb+1","ReplayTheSpireMod:Doomed","Electrodynamics","CommonCold","Gash","Pain"],"relics":["Cracked Core","Calipers","Golden Idol","ReplayTheSpireMod:Ring of Sloth","Ring of Greed","MawBank","Replay:Wax Seal","Replay:Accelerometer","Replay:Bandana","StoneCalendar","Inserter","Enchiridion","WarpedTongs"],"acts_visited":["Exordium","TheCity"],"potions_floor_usage":[16,16,21],"damage_taken":[{"damage":6,"enemies":"Jaw Worm","floor":1,"turns":3},{"damage":6,"enemies":"Small Slimes","floor":4,"turns":3},{"damage":41,"enemies":"Gremlin Nob","floor":7,"turns":5},{"damage":1,"enemies":"2 Louse","floor":10,"turns":2},{"damage":8,"enemies":"Blue Slaver","floor":11,"turns":3},{"damage":9,"enemies":"Exordium Thugs","floor":14,"turns":6},{"damage":26,"enemies":"Fading Forest","floor":16,"turns":11},{"damage":37,"enemies":"2 Thieves","floor":18,"turns":5},{"damage":25,"enemies":"Shell Parasite","floor":21,"turns":2}],"seed_played":"244308476970106323","potions_obtained":[{"floor":7,"key":"Doom Potion"},{"floor":10,"key":"SmokeBomb"},{"floor":14,"key":"FocusPotion"},{"floor":18,"key":"Toxic Potion"}],"is_trial":false,"path_per_floor":["M","$","?","M","?","R","E","T","T","M","M","?","$","M","R","B",null,"M","?","?","M"],"character_chosen":"DEFECT","items_purchased":["FIFO Queue+1","Steam"],"campfire_rested":1,"item_purchase_floors":[2,2],"current_hp_per_floor":[48,48,48,42,42,64,23,23,23,22,14,14,14,5,27,19,75,38,22,22,0,0],"gold":453,"neow_bonus":"ONE_RARE_RELIC","is_daily":false,"chose_seed":false,"campfire_upgraded":0,"win_rate":0.0,"timestamp":1608855450,"path_taken":["M","$","?","M","?","R","E","?","T","M","M","?","$","?","R","BOSS","M","?","?","?"],"items_purchased_type":["Card","Card"],"build_version":"2020-12-22","purchased_purges":0,"victory":false,"max_hp_per_floor":[75,75,75,75,75,75,75,75,75,75,75,75,75,75,75,75,75,75,75,75,75,75],"card_choices":[{"not_picked":["Scrape","Compile Driver"],"picked":"Streamline","floor":1},{"not_picked":["Panic Button","Steam"],"picked":"Streamline","floor":4},{"not_picked":["ReplayTheSpireMod:Repulse","Lockon"],"picked":"Force Field","floor":7},{"not_picked":["ReplayTheSpireMod:Calculation Training","Steam Power"],"picked":"Cold Snap","floor":10},{"not_picked":["Leap","Cold Snap"],"picked":"Auto Shields","floor":11},{"not_picked":["Conserve Battery","Sweeping Beam"],"picked":"Time Bomb","floor":14},{"not_picked":["ReplayTheSpireMod:Omega Cannon","ReplayTheSpireMod:Fabricate Wheel"],"picked":"Electrodynamics","floor":16},{"not_picked":["Melter+1","Fusion"],"picked":"Gash","floor":18}],"player_experience":38105,"relics_obtained":[{"floor":5,"key":"ReplayTheSpireMod:Ring of Sloth"},{"floor":5,"key":"Ring of Greed"},{"floor":5,"key":"MawBank"},{"floor":5,"key":"Replay:Wax Seal"},{"floor":7,"key":"Replay:Accelerometer"},{"floor":8,"key":"Replay:Bandana"},{"floor":9,"key":"StoneCalendar"},{"floor":19,"key":"Enchiridion"}],"event_choices":[{"damage_healed":0,"gold_gain":0,"player_choice":"Take Wound","damage_taken":0,"relics_obtained":["Golden Idol"],"max_hp_gain":0,"max_hp_loss":0,"event_name":"Golden Idol","floor":3,"gold_loss":0,"cards_obtained":["Injury"]},{"cards_removed":["Spreading Infection"],"damage_healed":0,"gold_gain":0,"player_choice":"Card Removal","damage_taken":0,"max_hp_gain":0,"max_hp_loss":0,"event_name":"The Cleric","floor":12,"gold_loss":50},{"damage_healed":0,"gold_gain":0,"player_choice":"Obtained Book","damage_taken":16,"max_hp_gain":0,"max_hp_loss":0,"event_name":"Cursed Tome","floor":19,"gold_loss":0},{"damage_healed":0,"gold_gain":0,"player_choice":"Rummage","damage_taken":0,"relics_obtained":["WarpedTongs"],"max_hp_gain":0,"max_hp_loss":0,"event_name":"Accursed Blacksmith","floor":20,"gold_loss":0,"cards_obtained":["Pain"]}],"is_beta":false,"boss_relics":[{"not_picked":["Runic Pyramid","Ring of Chaos"],"picked":"Inserter"}],"items_purged_floors":[],"is_endless":false,"potions_floor_spawned":[7,10,14,18],"killed_by":"Shell Parasite","ascension_level":0}}