{"host":"lh9qfzqeqctr28d2","time":1608877081,"event":{"mods":["BaseMod","Decade(王小明)","Luminous","Minty Spire (QoL Compilation)","Quick Restart","Reimu（博丽灵梦）","Relic Stats","Remilia（蕾米莉亚）","StSLib"],"gold_per_floor":[109,127,143,98,98,98,133,133,181,181,193,193,211,227,227,331,331,343,258,5,23,323,323,335,335,335,295,295,310,21,21,21,124,124,140,153,113,133,0,0,0,0],"floor_reached":41,"playtime":2187,"items_purged":["Strike_Lin:ReiMu","Greed_TH"],"score":391,"play_id":"5ce63dff-6c10-486f-8852-daa582928519","local_time":"20201225141801","is_ascension_mode":false,"campfire_choices":[{"data":"MikOfLucky:ReiMu","floor":6.0,"key":"SMITH"},{"data":"Conquer:ReiMu","floor":8.0,"key":"SMITH"},{"data":"AirStrike:ReiMu","floor":10.0,"key":"SMITH"},{"data":"SubAcupoint:ReiMu","floor":12.0,"key":"SMITH"},{"data":"NB:ReiMu","floor":15.0,"key":"SMITH"},{"data":"LovePray:ReiMu","floor":23.0,"key":"SMITH"},{"data":"FineLineFantasy:ReiMu","floor":25,"key":"SMITH"},{"floor":28,"key":"REST"},{"floor":32,"key":"REST"},{"floor":40,"key":"REST"}],"circlet_count":0,"master_deck":["Strike_Lin:ReiMu","Strike_Lin:ReiMu","Strike_Lin:ReiMu","Defend_Lin:ReiMu","Defend_Lin:ReiMu","Defend_Lin:ReiMu","Defend_Lin:ReiMu","NB:ReiMu+1","Stagnation:ReiMu","EmergencyTakeOff:ReiMu","MikOfLucky:ReiMu+1","PrepareRite:ReiMu","AirStrike:ReiMu+1","Conquer:ReiMu+1","SubAcupoint:ReiMu+1","RainPray2:ReiMu","HakureiPhantom:ReiMu","Dreaming2:ReiMu","LovePray:ReiMu+1","KamiSacrifice:ReiMu","FineLineFantasy:ReiMu+1","ZunPunch:ReiMu","Meditation:ReiMu","KamiRite:ReiMu+1","SpringWay:ReiMu","WonderfulDomain:ReiMu","CareerPray:ReiMu+1"],"relics":["FlyPower:ReiMu","NeowsBlessing","PreservedInsect","Bag of Marbles","Black Star","Tea:ReiMu","Lizard Tail","TurtleShell:ReiMu","DonationBox:ReiMu"],"acts_visited":["Exordium","TheCity","TheBeyond"],"potions_floor_usage":[33,33,36],"damage_taken":[{"damage":0.0,"enemies":"Cultist","floor":1.0,"turns":1.0},{"damage":0.0,"enemies":"2 Louse","floor":2.0,"turns":1.0},{"damage":0.0,"enemies":"Small Slimes","floor":3.0,"turns":2.0},{"damage":7.0,"enemies":"Looter","floor":4.0,"turns":5.0},{"damage":9.0,"enemies":"Lagavulin","floor":7.0,"turns":8.0},{"damage":0.0,"enemies":"Blue Slaver","floor":11.0,"turns":1.0},{"damage":13.0,"enemies":"Large Slime","floor":13.0,"turns":5.0},{"damage":0.0,"enemies":"Exordium Wildlife","floor":14.0,"turns":3.0},{"damage":20.0,"enemies":"Hexaghost","floor":16.0,"turns":9.0},{"damage":22.0,"enemies":"2 Thieves","floor":18.0,"turns":4.0},{"damage":1.0,"enemies":"Chosen","floor":21.0,"turns":6.0},{"damage":18,"enemies":"Snake Plant","floor":24,"turns":5},{"damage":26,"enemies":"Sentry and Sphere","floor":29,"turns":6},{"damage":10,"enemies":"Champ","floor":33,"turns":13},{"damage":35,"enemies":"3 Shapes","floor":35,"turns":5},{"damage":7,"enemies":"Orb Walker","floor":36,"turns":6},{"damage":1,"enemies":"Maw","floor":38,"turns":10},{"damage":9,"enemies":"Sphere and 2 Shapes","floor":41,"turns":1}],"seed_played":"-684517269394466353","potions_obtained":[{"floor":3.0,"key":"Dexterity Potion"},{"floor":7.0,"key":"Block Potion"},{"floor":11.0,"key":"SmokeBomb"},{"floor":13.0,"key":"AttackPotion"},{"floor":14.0,"key":"Explosive Potion"},{"floor":21.0,"key":"FearPotion"},{"floor":33,"key":"PinkPotion:ReiMu"},{"floor":36,"key":"ColorlessPotion"}],"is_trial":false,"path_per_floor":["M","M","M","M","?","R","E","R","T","R","M","R","M","M","R","B",null,"M","?","$","M","?","R","M","R","T","?","R","M","$","?","R","B",null,"M","M","?","M","$","R","M"],"character_chosen":"REIMU","items_purchased":["LovePray:ReiMu","LiquidFlight:ReiMu","Dexterity Potion","TurtleShell:ReiMu"],"campfire_rested":3,"item_purchase_floors":[20,20,20,30],"current_hp_per_floor":[65,65,65,58,63,63,54,54,54,54,54,54,41,41,41,21,70,48,48,48,47,47,47,29,29,29,24,45,19,14,14,56,46,70,35,28,23,22,17,59,50,50],"gold":0,"neow_bonus":"THREE_ENEMY_KILL","is_daily":false,"chose_seed":false,"campfire_upgraded":7,"win_rate":0.0,"timestamp":1608877081,"path_taken":["M","M","M","M","?","R","E","R","T","R","M","R","M","M","R","BOSS","M","?","$","M","?","R","M","R","T","?","R","M","?","?","R","BOSS","M","M","?","M","$","R","M"],"items_purchased_type":["Card","Potion","Potion","Relic"],"build_version":"2020-12-22","purchased_purges":2,"victory":false,"max_hp_per_floor":[65,65,65,65,70,70,70,70,70,70,70,70,70,70,70,70,70,70,70,70,70,70,70,70,70,70,70,70,70,70,70,70,70,70,70,70,70,70,70,70,70,70],"relic_stats":{"Lizard Tail":0,"counters":[18,91],"PreservedInsect":0,"Black Star":0,"obtain_stats":[{"Lizard Tail":26,"NeowsBlessing":0,"Tea:ReiMu":19,"ZunR:ReiMu":27,"TurtleShell:ReiMu":30,"PreservedInsect":7,"Bag of Marbles":9,"Black Star":17,"FlyPower:ReiMu":0,"DonationBox:ReiMu":34},{"Lizard Tail":12,"NeowsBlessing":0,"Tea:ReiMu":10,"ZunR:ReiMu":12,"TurtleShell:ReiMu":13,"PreservedInsect":5,"Bag of Marbles":5,"Black Star":9,"FlyPower:ReiMu":0,"DonationBox:ReiMu":14},{"Lizard Tail":50,"NeowsBlessing":0,"Tea:ReiMu":39,"ZunR:ReiMu":50,"TurtleShell:ReiMu":56,"PreservedInsect":17,"Bag of Marbles":17,"Black Star":35,"FlyPower:ReiMu":0,"DonationBox:ReiMu":69}]},"card_choices":[{"not_picked":["Intuition:ReiMu","PayForSelf:ReiMu"],"picked":"EmergencyTakeOff:ReiMu","floor":1.0},{"not_picked":["YinYangSange:ReiMu","Intuition:ReiMu"],"picked":"MikOfLucky:ReiMu","floor":2.0},{"not_picked":["UniversalSpiritual:ReiMu","FineLineFantasy:ReiMu"],"picked":"PrepareRite:ReiMu","floor":3.0},{"not_picked":["KamiSacrifice:ReiMu","Revelation:ReiMu"],"picked":"AirStrike:ReiMu","floor":4.0},{"not_picked":["YinYangSign:ReiMu","EmergencyTakeOff:ReiMu"],"picked":"Conquer:ReiMu","floor":7.0},{"not_picked":["Intuition:ReiMu","RainPray2:ReiMu"],"picked":"SubAcupoint:ReiMu","floor":11.0},{"not_picked":["AirStrike:ReiMu","Conquer:ReiMu","Dreaming:ReiMu"],"picked":"SKIP","floor":13.0},{"not_picked":["LovePray:ReiMu","Meditation:ReiMu"],"picked":"RainPray2:ReiMu","floor":14.0},{"not_picked":["Dreaming:ReiMu","CardOfSanctity:ReiMu"],"picked":"HakureiPhantom:ReiMu","floor":16.0},{"not_picked":["MikOfLucky:ReiMu","Intuition:ReiMu"],"picked":"Dreaming2:ReiMu","floor":18.0},{"not_picked":["WonderfulDomain:ReiMu+1","MountainWay:ReiMu"],"picked":"KamiSacrifice:ReiMu","floor":21.0},{"not_picked":["ShadowOfCrow2:ReiMu","SubAcupoint:ReiMu"],"picked":"FineLineFantasy:ReiMu","floor":24},{"not_picked":["Conquer:ReiMu","AirStrike:ReiMu"],"picked":"Meditation:ReiMu","floor":29},{"not_picked":["Shading:ReiMu","Authority:ReiMu"],"picked":"KamiRite:ReiMu","floor":33},{"not_picked":["Conquer:ReiMu","SafetyPray:ReiMu+1"],"picked":"SpringWay:ReiMu","floor":35},{"not_picked":["Enchanting:ReiMu","Intuition:ReiMu"],"picked":"WonderfulDomain:ReiMu","floor":36},{"not_picked":["BarrageOfMoneybags:ReiMu","LovePray:ReiMu+1"],"picked":"CareerPray:ReiMu+1","floor":38}],"player_experience":361023,"relics_obtained":[{"floor":7.0,"key":"PreservedInsect"},{"floor":9.0,"key":"Bag of Marbles"},{"floor":26,"key":"Lizard Tail"}],"event_choices":[{"damage_healed":0.0,"max_hp_gain":5.0,"max_hp_loss":0.0,"gold_gain":0.0,"event_name":"Big Fish","player_choice":"Donut","floor":5.0,"gold_loss":0.0,"damage_taken":0.0},{"damage_healed":0.0,"max_hp_gain":0.0,"max_hp_loss":0.0,"gold_gain":0.0,"event_name":"Addict","player_choice":"Obtained Relic","floor":19.0,"gold_loss":85.0,"damage_taken":0.0,"relics_obtained":["Tea:ReiMu"]},{"damage_healed":0,"gold_gain":0,"player_choice":"交出神酒","damage_taken":0,"max_hp_gain":0,"max_hp_loss":0,"event_name":"ZunEvent","floor":27,"relics_lost":["ZunR:ReiMu"],"gold_loss":0,"cards_obtained":["ZunPunch:ReiMu"]},{"damage_healed":0,"gold_gain":0,"player_choice":"Ignored","damage_taken":0,"max_hp_gain":0,"max_hp_loss":0,"event_name":"Ghosts","floor":31,"gold_loss":0},{"damage_healed":0,"gold_gain":0,"player_choice":"Upgrade","damage_taken":0,"max_hp_gain":0,"max_hp_loss":0,"event_name":"Designer","floor":37,"gold_loss":40,"cards_upgraded":["KamiRite:ReiMu"]}],"is_beta":false,"boss_relics":[{"not_picked":["Runic Pyramid","Philosopher\u0027s Stone"],"picked":"Black Star"},{"not_picked":["Fusion Hammer","Cursed Key"],"picked":"DonationBox:ReiMu"}],"items_purged_floors":[20,39],"is_endless":false,"potions_floor_spawned":[3,7,11,13,14,21,29,33,36],"killed_by":"Sphere and 2 Shapes","ascension_level":0}}