{"host":"gooba","time":1608938711,"event":{"mods":["AchievementEnabler","BaseMod","Downfall","Minty Spire (QoL Compilation)","StSLib","Trackpad"],"gold_per_floor":[99,109,126,138,14,31,56,85,85,150,150,161,173,173,187,187,187,187],"floor_reached":16,"playtime":1346,"items_purged":[],"score":104,"play_id":"253c631f-3cd8-4954-9ef2-42887e1bb1f8","local_time":"20201226002511","is_ascension_mode":false,"campfire_choices":[{"data":"Slimebound:Split","floor":1,"key":"SMITH"},{"data":"Slimebound:GrowthPunch","floor":9,"key":"SMITH"}],"circlet_count":0,"master_deck":["Slimebound:Strike_Slimebound","Slimebound:Strike_Slimebound","Slimebound:Strike_Slimebound","Slimebound:Tackle","Slimebound:Defend_Slimebound","Slimebound:Defend_Slimebound","Slimebound:Defend_Slimebound","Slimebound:Defend_Slimebound","Slimebound:Split+1","Slimebound:CorrosiveSpit+1","Slimebound:LeechingTouch","Slimebound:SplitAcid","Slimebound:SplitLeeching+1","Slimebound:PressTheAttack","expansioncontent:DonusPower","Slimebound:SplitAcid","Slimebound:SlimeTap","Slimebound:GrowthPunch+1","Slimebound:SamplingLick","Slimebound:GrowthPunch","Slimebound:Repurpose"],"relics":["Slimebound:AbsorbEndCombat","trackpad:IceCube","Smiling Mask","War Paint","Slimebound:GreedOozeRelic"],"acts_visited":["Exordium"],"potions_floor_usage":[10],"damage_taken":[{"damage":13,"enemies":"Small Slimes","floor":2,"turns":4},{"damage":12,"enemies":"Jaw Worm","floor":3,"turns":4},{"damage":15,"enemies":"Cultist","floor":4,"turns":4},{"damage":17,"enemies":"downfall:FleeingMerchant","floor":5,"turns":4},{"damage":29,"enemies":"Blue Slaver","floor":6,"turns":3},{"damage":23,"enemies":"Gremlin Nob","floor":8,"turns":4},{"damage":43,"enemies":"Lagavulin Event","floor":10,"turns":5},{"damage":16,"enemies":"2 Fungi Beasts","floor":12,"turns":3},{"damage":8,"enemies":"Lots of Slimes","floor":13,"turns":2},{"damage":8,"enemies":"3 Louse","floor":15,"turns":3},{"damage":63,"enemies":"downfall:Defect","floor":16,"turns":5}],"seed_played":"4667865410285411253","potions_obtained":[{"floor":2,"key":"Strength Potion"},{"floor":3,"key":"ColorlessPotion"},{"floor":4,"key":"Guardian:BlockOnCardUsePotion"},{"floor":10,"key":"Fire Potion"}],"is_trial":false,"path_per_floor":["R","M","M","M","$","M","T","E","R","?","?","M","M","?","M","B"],"character_chosen":"SLIMEBOUND","items_purchased":["expansioncontent:DonusPower","Slimebound:SplitAcid"],"campfire_rested":0,"item_purchase_floors":[5,5],"current_hp_per_floor":[66,61,61,62,65,54,54,49,49,32,32,36,38,38,38,0,0,0],"gold":187,"neow_bonus":"TEN_PERCENT_HP_BONUS","is_daily":false,"chose_seed":false,"campfire_upgraded":2,"win_rate":0.0,"timestamp":1608938711,"path_taken":["R","M","M","M","$","M","T","E","R","?","?","?","M","?","M","BOSS"],"items_purchased_type":["Card","Card"],"build_version":"2020-12-18","purchased_purges":0,"victory":false,"max_hp_per_floor":[66,66,66,66,66,66,66,66,66,66,66,66,66,66,66,66,66,66],"card_choices":[{"not_picked":["Slimebound:ProtectTheBoss","Slimebound:Chomp"],"picked":"Slimebound:LeechingTouch","floor":2},{"not_picked":["Slimebound:Schlurp","Slimebound:SlimeTap"],"picked":"Slimebound:SplitAcid","floor":3},{"not_picked":["Slimebound:SlimeSpikes","Slimebound:ComboTackle"],"picked":"Slimebound:SplitLeeching","floor":4},{"not_picked":["Slimebound:MegaLick","Slimebound:Schlurp"],"picked":"Slimebound:PressTheAttack","floor":5},{"not_picked":["Slimebound:SamplingLick","Slimebound:SplitMire"],"picked":"Slimebound:SlimeTap","floor":6},{"not_picked":["Slimebound:DisruptingSlam","Slimebound:AcidTongue"],"picked":"Slimebound:GrowthPunch","floor":8},{"not_picked":["Slimebound:SlimeSpikes","Slimebound:ViciousTackle"],"picked":"Slimebound:SamplingLick","floor":10},{"not_picked":["Slimebound:ViciousTackle","Slimebound:SamplingLick"],"picked":"Slimebound:GrowthPunch","floor":12},{"not_picked":["Slimebound:RainOfGoop","Slimebound:FinishingTackle"],"picked":"Slimebound:Repurpose","floor":13},{"not_picked":["Slimebound:Gluttony","Slimebound:SplitBruiser","Slimebound:LeechEnergy"],"picked":"SKIP","floor":15}],"player_experience":231625,"relics_obtained":[{"floor":7,"key":"trackpad:IceCube"},{"floor":8,"key":"Smiling Mask"}],"event_choices":[{"damage_healed":0,"gold_gain":0,"player_choice":"Ignored","damage_taken":0,"max_hp_gain":0,"max_hp_loss":0,"event_name":"NoteForYourself","floor":11,"gold_loss":0}],"is_beta":true,"boss_relics":[],"items_purged_floors":[],"is_endless":false,"potions_floor_spawned":[2,3,4,10,13],"killed_by":"downfall:Defect","ascension_level":0}}