{"host":"12piqfhmdln9x2la","time":1608911040,"event":{"mods":["2.2 Compatiblity","AchievementEnabler","BaseMod","BetterRewards","Colored Powertips","Minty Spire (QoL Compilation)","Quick Restart","SuperFastMode"],"gold_per_floor":[114,289,289,308,319,352,164,164,164,164,164,164],"floor_reached":11,"playtime":215,"items_purged":["Strike_R"],"score":78,"play_id":"8ce59bbc-0d07-4167-a921-8b22c7a2a293","local_time":"20201226004400","is_ascension_mode":true,"campfire_choices":[{"floor":8,"key":"RECALL"}],"circlet_count":0,"master_deck":["Strike_R","Strike_R","Strike_R","Strike_R","Defend_R","Defend_R","Defend_R","Defend_R","Bash","Armaments","Twin Strike","Doubt","Limit Break","Rupture","Flex","Infernal Blade","Exhume","Flex"],"relics":["Burning Blood","Membership Card","Matryoshka","Prayer Wheel","Du-Vu Doll","HornCleat","Potion Belt","Singing Bowl","Ancient Tea Set"],"acts_visited":["Exordium"],"potions_floor_usage":[11],"damage_taken":[{"damage":14,"enemies":"Jaw Worm","floor":1,"turns":3},{"damage":11,"enemies":"Cultist","floor":4,"turns":4},{"damage":11,"enemies":"2 Louse","floor":5,"turns":3},{"damage":30,"enemies":"Gremlin Nob","floor":6,"turns":4},{"damage":52,"enemies":"Lagavulin","floor":11,"turns":8}],"seed_played":"6857776904131123179","potions_obtained":[{"floor":1,"key":"Energy Potion"},{"floor":6,"key":"Strength Potion"}],"is_trial":false,"path_per_floor":["M","?","?","M","M","E","$","R","T","T","E"],"character_chosen":"IRONCLAD","items_purchased":["Membership Card","Matryoshka","Armaments","HornCleat","Flex"],"campfire_rested":0,"item_purchase_floors":[0,0,0,7,7],"current_hp_per_floor":[72,72,72,67,62,38,38,38,38,38,0,0],"gold":164,"neow_bonus":"","is_daily":false,"chose_seed":false,"campfire_upgraded":0,"win_rate":0.0,"timestamp":1608911040,"path_taken":["M","?","?","?","M","E","$","R","T","?","E"],"items_purchased_type":["Relic","Relic","Card","Relic","Card"],"build_version":"2020-12-22","purchased_purges":1,"victory":false,"max_hp_per_floor":[80,80,80,80,80,80,80,80,80,80,80,80],"card_choices":[{"not_picked":["Pummel","Sword Boomerang"],"picked":"Twin Strike","floor":1},{"not_picked":["Shockwave","Perfected Strike","Shrug It Off"],"picked":"SKIP","floor":1},{"not_picked":["Combust","Havoc"],"picked":"Rupture","floor":4},{"not_picked":["Wild Strike","Headbutt","Battle Trance"],"picked":"SKIP","floor":4},{"not_picked":["Body Slam","Iron Wave"],"picked":"Flex","floor":5},{"not_picked":["Clothesline","Sword Boomerang"],"picked":"Infernal Blade","floor":5},{"not_picked":["Dark Embrace","Iron Wave"],"picked":"Exhume","floor":6}],"player_experience":121484,"relics_obtained":[{"floor":6,"key":"Du-Vu Doll"},{"floor":9,"key":"Potion Belt"},{"floor":9,"key":"Singing Bowl"},{"floor":10,"key":"Ancient Tea Set"}],"event_choices":[{"damage_healed":0,"gold_gain":175,"player_choice":"AGREE","damage_taken":0,"max_hp_gain":0,"max_hp_loss":0,"event_name":"Liars Game","floor":2,"gold_loss":0,"cards_obtained":["Doubt"]},{"damage_healed":0,"gold_gain":0,"player_choice":"1 cards matched","damage_taken":0,"max_hp_gain":0,"max_hp_loss":0,"event_name":"Match and Keep!","floor":3,"gold_loss":0,"cards_obtained":["Limit Break"]}],"is_beta":false,"boss_relics":[],"items_purged_floors":[7],"is_endless":false,"potions_floor_spawned":[1,6],"killed_by":"Lagavulin","ascension_level":2}}