{"host":"j0a1jfichhxu8b8p","time":1608913576,"event":{"mods":["BaseMod","Colored Map","DeckTracker","Keyboard Shortcuts","Minty Spire (QoL Compilation)","Permanent Neow","StSLib","The Dragon Tamer"],"gold_per_floor":[112,127,144,144,174,207,207,231,231,106,126,126,126],"floor_reached":12,"playtime":584,"items_purged":["Strike_B"],"score":120,"play_id":"5bf5b52e-6bda-4619-a129-335c7925ad76","local_time":"20201226012616","is_ascension_mode":true,"campfire_choices":[{"data":"Zap","floor":7,"key":"SMITH"}],"circlet_count":0,"master_deck":["AscendersBane","Strike_B","Strike_B","Strike_B","Defend_B","Defend_B","Defend_B","Defend_B","Zap+1","Dualcast","Thunder Strike","Go for the Eyes","Turbo","Defragment+1","Sweeping Beam","Core Surge","Compile Driver","Conserve Battery","Streamline"],"relics":["Cracked Core","Pear","Odd Mushroom","Sundial"],"acts_visited":["Exordium"],"potions_floor_usage":[6,12],"damage_taken":[{"damage":0.0,"enemies":"2 Louse","floor":1.0,"turns":3.0},{"damage":0.0,"enemies":"Cultist","floor":2.0,"turns":4.0},{"damage":8.0,"enemies":"Jaw Worm","floor":3.0,"turns":4.0},{"damage":9.0,"enemies":"Exordium Thugs","floor":5.0,"turns":5.0},{"damage":17,"enemies":"Gremlin Nob","floor":6,"turns":4},{"damage":16,"enemies":"The Mushroom Lair","floor":8,"turns":4},{"damage":23,"enemies":"Gremlin Gang","floor":11,"turns":3},{"damage":1,"enemies":"3 Sentries","floor":12,"turns":2}],"seed_played":"-3757528822785740183","potions_obtained":[{"floor":2.0,"key":"GamblersBrew"},{"floor":3.0,"key":"ColorlessPotion"},{"floor":5,"key":"BlessingOfTheForge"},{"floor":11,"key":"Dexterity Potion"}],"is_trial":false,"path_per_floor":["M","M","M","?","M","E","R","?","T","$","M","E"],"character_chosen":"DEFECT","items_purchased":["Conserve Battery"],"campfire_rested":0,"item_purchase_floors":[10],"current_hp_per_floor":[68,68,60,60,51,44,44,28,28,28,5,4,4],"gold":126,"neow_bonus":"ONE_RANDOM_RARE_CARD","is_daily":false,"chose_seed":false,"campfire_upgraded":1,"win_rate":0.0,"timestamp":1608913576,"path_taken":["M","M","M","?","?","E","R","?","T","$","M","E"],"items_purchased_type":["Card"],"build_version":"2020-12-22","purchased_purges":1,"victory":false,"max_hp_per_floor":[75,75,75,75,75,85,85,85,85,85,85,85,85],"card_choices":[{"not_picked":["Steam","Heatsinks"],"picked":"Go for the Eyes","floor":1.0},{"not_picked":["Rip and Tear","Reinforced Body"],"picked":"Turbo","floor":2.0},{"not_picked":["Barrage","Scrape"],"picked":"Defragment","floor":3.0},{"not_picked":["Chaos","Recycle"],"picked":"Sweeping Beam","floor":5},{"not_picked":["Compile Driver","Skim"],"picked":"Core Surge","floor":6},{"not_picked":["Cold Snap","Rebound"],"picked":"Compile Driver","floor":8},{"not_picked":["Force Field","Beam Cell"],"picked":"Streamline","floor":11}],"player_experience":346061,"relics_obtained":[{"floor":6,"key":"Pear"},{"floor":8,"key":"Odd Mushroom"},{"floor":9,"key":"Sundial"}],"event_choices":[{"damage_healed":0.0,"max_hp_gain":0.0,"max_hp_loss":0.0,"gold_gain":0.0,"event_name":"Accursed Blacksmith","player_choice":"Forge","floor":4.0,"gold_loss":0.0,"damage_taken":0.0,"cards_upgraded":["Defragment"]},{"damage_healed":0,"gold_gain":0,"player_choice":"Fought Mushrooms","damage_taken":0,"max_hp_gain":0,"max_hp_loss":0,"event_name":"Mushrooms","floor":8,"gold_loss":0}],"is_beta":false,"boss_relics":[],"items_purged_floors":[10],"is_endless":false,"potions_floor_spawned":[2,3,5,11],"killed_by":"3 Sentries","ascension_level":10}}