{"host":"jksa5rawk3m4gilz","time":1608890155,"event":{"mods":["BaseMod","Colored Map","Highlight Path","Minty Spire (QoL Compilation)","Quick Restart"],"gold_per_floor":[115,127,50,66,66,98,98,109,109,138,138,151,161,126,126,205,205,222,241,241,256,57,57,57],"floor_reached":23,"playtime":661,"items_purged":[],"score":335,"play_id":"e9b2d2c3-4dec-4825-9d53-11a66930af5b","local_time":"20201225105555","is_ascension_mode":true,"campfire_choices":[{"floor":7,"key":"REST"},{"floor":11,"key":"REST"},{"floor":15,"key":"REST"}],"circlet_count":0,"master_deck":["AscendersBane","Strike_G","Strike_G","Strike_G","Strike_G","Defend_G","Defend_G","Defend_G","Defend_G","Defend_G","Survivor","Neutralize","Noxious Fumes","Poisoned Stab+1","Caltrops+1","Deadly Poison","Caltrops","Catalyst","Poisoned Stab+1","Bane"],"relics":["Ring of the Snake","NeowsBlessing","Centennial Puzzle","Dream Catcher","Paper Crane","Velvet Choker","Snake Skull"],"acts_visited":["Exordium","TheCity"],"potions_floor_usage":[10],"damage_taken":[{"damage":0,"enemies":"Cultist","floor":1,"turns":1},{"damage":0,"enemies":"2 Louse","floor":2,"turns":1},{"damage":0,"enemies":"Jaw Worm","floor":4,"turns":1},{"damage":31,"enemies":"Lagavulin","floor":6,"turns":7},{"damage":0,"enemies":"Blue Slaver","floor":8,"turns":5},{"damage":24,"enemies":"Gremlin Nob","floor":10,"turns":4},{"damage":2,"enemies":"3 Louse","floor":12,"turns":3},{"damage":25,"enemies":"2 Fungi Beasts","floor":13,"turns":5},{"damage":44,"enemies":"The Guardian","floor":16,"turns":9},{"damage":11,"enemies":"Shell Parasite","floor":18,"turns":4},{"damage":19,"enemies":"Spheric Guardian","floor":19,"turns":5},{"damage":14,"enemies":"Cultist and Chosen","floor":21,"turns":6},{"damage":9,"enemies":"Book of Stabbing","floor":23,"turns":2}],"seed_played":"8757002987149318065","potions_obtained":[{"floor":1,"key":"CultistPotion"},{"floor":6,"key":"SpeedPotion"},{"floor":8,"key":"AttackPotion"},{"floor":16,"key":"EssenceOfSteel"}],"is_trial":false,"path_per_floor":["M","M","$","M","?","E","R","M","T","E","R","M","M","?","R","B",null,"M","M","?","M","$","E"],"character_chosen":"THE_SILENT","items_purchased":["Caltrops","Snake Skull","Bane"],"campfire_rested":3,"item_purchase_floors":[3,22,22],"current_hp_per_floor":[63,63,63,63,49,18,39,39,39,15,36,34,9,26,47,3,53,42,23,23,9,9,0,0],"gold":57,"neow_bonus":"THREE_ENEMY_KILL","is_daily":false,"chose_seed":false,"campfire_upgraded":0,"win_rate":0.0,"timestamp":1608890155,"path_taken":["M","?","?","M","?","E","R","M","T","E","R","M","M","?","R","BOSS","M","M","?","M","$","E"],"items_purchased_type":["Card","Relic","Card"],"build_version":"2020-12-22","purchased_purges":0,"victory":false,"max_hp_per_floor":[70,70,70,70,70,70,70,70,70,70,70,70,70,70,70,70,70,70,70,70,70,70,70,70],"card_choices":[{"not_picked":["Escape Plan","Backflip"],"picked":"Noxious Fumes","floor":1},{"not_picked":["Sucker Punch","Acrobatics"],"picked":"Poisoned Stab","floor":2},{"not_picked":["Accuracy","Flying Knee","Quick Slash"],"picked":"SKIP","floor":4},{"not_picked":["Dodge and Roll","Underhanded Strike","Blade Dance"],"picked":"SKIP","floor":6},{"not_picked":["Slice","PiercingWail","Dash"],"picked":"SKIP","floor":8},{"not_picked":["Grand Finale","Underhanded Strike","Eviscerate"],"picked":"SKIP","floor":10},{"not_picked":["Concentrate","Slice"],"picked":"Deadly Poison","floor":12},{"not_picked":["Dodge and Roll","Deadly Poison"],"picked":"Caltrops","floor":13},{"not_picked":["Underhanded Strike","Backflip"],"picked":"Catalyst","floor":15},{"not_picked":["Outmaneuver","Setup","Flying Knee"],"picked":"SKIP","floor":18},{"not_picked":["Blade Dance","Sucker Punch"],"picked":"Poisoned Stab+1","floor":19},{"not_picked":["Acrobatics","Dagger Throw","Setup"],"picked":"SKIP","floor":21}],"player_experience":2060959,"relics_obtained":[{"floor":6,"key":"Centennial Puzzle"},{"floor":9,"key":"Dream Catcher"},{"floor":10,"key":"Paper Crane"}],"event_choices":[{"damage_healed":0,"gold_gain":0,"player_choice":"Entered Light","damage_taken":14,"max_hp_gain":0,"max_hp_loss":0,"event_name":"Shining Light","floor":5,"gold_loss":0,"cards_upgraded":["Caltrops","Poisoned Stab"]},{"damage_healed":17,"gold_gain":0,"player_choice":"Healed","damage_taken":0,"max_hp_gain":0,"max_hp_loss":0,"event_name":"The Cleric","floor":14,"gold_loss":35},{"cards_removed":["Strike_G"],"damage_healed":0,"gold_gain":0,"player_choice":"Offered Basic","damage_taken":0,"max_hp_gain":0,"max_hp_loss":0,"event_name":"Bonfire Elementals","floor":20,"gold_loss":0}],"is_beta":false,"boss_relics":[{"not_picked":["Philosopher\u0027s Stone","Tiny House"],"picked":"Velvet Choker"}],"items_purged_floors":[],"is_endless":false,"potions_floor_spawned":[1,6,8,16],"killed_by":"Book of Stabbing","ascension_level":13}}