{"host":"htqwg582tjjtn9p7","time":1608897571,"event":{"mods":["2.2 Compatiblity","AchievementEnabler","Act Like it!","Aspiration","BaseMod","Better Third Choice","Colored Map","Conspire","Curses Come First","Displayed Cursed Tome","Energized Spire","Force Act Four","GifTheSpireLib","Hermit","Highlight Path","JesterMod","Mad Scientist","Minty Spire (QoL Compilation)","Pale of the Ancients","Permanent Neow","Random Character Button","Relic Stats","Replay The Spire","Robot Space Explorer","Somnambulant","Spicy Shops","Spikes Relics","StSLib","Stuff the Spire","The Blue Laboratory","The Disciple","The Dragon Tamer","The Forsaken","The Gatherer","The Judge","The Jungle","The Marked","The Runesmith","The Servant 0.9.4"],"gold_per_floor":[109,109,74,92,118,151,165,165,219,238,258,271,271,288,288,288,288],"floor_reached":16,"playtime":470,"items_purged":[],"score":182,"play_id":"d2a598e1-995a-4054-909b-9ad978fcf05c","local_time":"20201225125931","is_ascension_mode":true,"campfire_choices":[{"data":"Cloak And Dagger","floor":8,"key":"SMITH"},{"floor":13,"key":"REST"},{"floor":15,"key":"REST"}],"circlet_count":0,"master_deck":["AscendersBane","Strike_G+1","Strike_G+1","Strike_G","Strike_G","Strike_G","Defend_G","Defend_G","Defend_G","Defend_G","Defend_G","Survivor","Neutralize","Underhanded Strike","Dash","Cloak And Dagger+1","Cloak And Dagger","Leg Sweep","Dagger Throw","Quick Slash"],"relics":["SlaversCollar","Simple Rune","StuffTheSpire:OldFever","Juzu Bracelet"],"acts_visited":["Exordium"],"potions_floor_usage":[6,16],"damage_taken":[{"damage":4,"enemies":"2 Louse","floor":1,"turns":3},{"damage":4,"enemies":"Jaw Worm","floor":4,"turns":5},{"damage":40,"enemies":"Lagavulin","floor":6,"turns":9},{"damage":1,"enemies":"conspire:RoseBush","floor":7,"turns":3},{"damage":0,"enemies":"3 Louse","floor":10,"turns":3},{"damage":4,"enemies":"2 Fungi Beasts","floor":11,"turns":3},{"damage":8,"enemies":"Blue Slaver","floor":12,"turns":4},{"damage":0,"enemies":"Looter","floor":14,"turns":3},{"damage":20,"enemies":"Slime Boss","floor":16,"turns":8}],"seed_played":"-7846091522011160154","potions_obtained":[{"floor":1,"key":"SkillPotion"},{"floor":10,"key":"SkillPotion"},{"floor":11,"key":"blueLaboratory:BottleOfVodka"}],"is_trial":false,"path_per_floor":["M","?","?","M","T","E","M","R","T","M","M","M","R","M","R","B"],"character_chosen":"THE_SILENT","items_purchased":[],"campfire_rested":2,"item_purchase_floors":[],"current_hp_per_floor":[55,55,66,62,62,22,21,21,21,21,17,9,28,28,47,27,27],"gold":288,"neow_bonus":"BOSS_RELIC","is_daily":false,"chose_seed":false,"campfire_upgraded":1,"win_rate":0.0,"timestamp":1608897571,"path_taken":["M","?","?","M","?","E","M","R","T","M","M","M","R","M","R","BOSS"],"items_purchased_type":[],"build_version":"2020-12-22","purchased_purges":0,"victory":false,"max_hp_per_floor":[66,66,66,66,66,66,66,66,66,66,66,66,66,66,66,66,66],"relic_stats":{"counters":[9,41],"Juzu Bracelet":0,"obtain_stats":[{"SlaversCollar":0,"Simple Rune":5,"Juzu Bracelet":9,"StuffTheSpire:OldFever":6,"Ring of the Snake":0},{"SlaversCollar":0,"Simple Rune":2,"Juzu Bracelet":4,"StuffTheSpire:OldFever":3,"Ring of the Snake":0},{"SlaversCollar":0,"Simple Rune":8,"Juzu Bracelet":20,"StuffTheSpire:OldFever":17,"Ring of the Snake":0}]},"card_choices":[{"not_picked":["Prepared","Backflip"],"picked":"Underhanded Strike","floor":1},{"not_picked":["Quick Slash","StuffTheSpire:Python"],"picked":"Dash","floor":4},{"not_picked":["StuffTheSpire:Repulse","Doppelganger","StuffTheSpire:MirrorStance"],"picked":"SKIP","floor":6},{"not_picked":["Hidden Blade","Outmaneuver"],"picked":"Cloak And Dagger","floor":7},{"not_picked":["Sucker Punch","Backflip"],"picked":"Cloak And Dagger","floor":10},{"not_picked":["Underhanded Strike","StuffTheSpire:Python"],"picked":"Leg Sweep","floor":11},{"not_picked":["Backflip","StuffTheSpire:Sprint"],"picked":"Dagger Throw","floor":12},{"not_picked":["Burst","Expertise"],"picked":"Quick Slash","floor":14}],"player_experience":1782040,"relics_obtained":[{"floor":5,"key":"Simple Rune"},{"floor":6,"key":"StuffTheSpire:OldFever"},{"floor":9,"key":"Juzu Bracelet"}],"event_choices":[{"damage_healed":16,"gold_gain":0,"player_choice":"Healed","damage_taken":0,"max_hp_gain":0,"max_hp_loss":0,"event_name":"The Cleric","floor":3,"gold_loss":35}],"is_beta":false,"boss_relics":[],"items_purged_floors":[],"is_endless":false,"potions_floor_spawned":[1,10,11],"killed_by":"Slime Boss","ascension_level":15}}