{"host":"5fasz840ryq7obdf","time":1608933231,"event":{"mods":["AchievementEnabler","BaseMod","Bestiary","Better Altar","Better Skull","Better Third Choice","BetterRewards","Block Reminder","Colored Powertips","Curses Come First","Minty Spire (QoL Compilation)","Quick Restart","Relic Stats","Shop Mod","Spicy Shops","StSLib"],"gold_per_floor":[59,59,31,72,104,156,156,214,214,245,286,40,85,125,125,223,223,262,262,294,81,81,109,124,151,151,206,24,39,80,91,91,166,166,198,198,198,211,49,99,99,110,110,123,178,18,18,36,36,36,36,36,36,5,33,33],"floor_reached":57,"playtime":5910,"items_purged":["Strike_G"],"score":3988,"play_id":"770e6165-5224-46d8-a5c7-fb211065a073","local_time":"20201225215351","is_ascension_mode":true,"campfire_choices":[{"data":"Apotheosis","floor":7.0,"key":"SMITH"},{"floor":15.0,"key":"REST"},{"data":"Well Laid Plans","floor":32.0,"key":"SMITH"},{"floor":47.0,"key":"RECALL"},{"data":"Catalyst","floor":49.0,"key":"SMITH"},{"data":"Catalyst","floor":53.0,"key":"SMITH"}],"circlet_count":0,"master_deck":["AscendersBane","Survivor","Neutralize+1","Backflip","Prepared","Flash of Steel","Flash of Steel","HandOfGreed","Tactician","Well Laid Plans+1","Apotheosis+1","Accuracy","Cloak And Dagger","Bouncing Flask","Poisoned Stab+1","Crippling Poison","Accuracy","Cloak And Dagger","Poisoned Stab","Bouncing Flask","Blade Dance","PiercingWail","Noxious Fumes","Bullet Time","CurseOfTheBell","Tactician","Insight","Bouncing Flask","Panache","Adrenaline","Venomology","Blur","Catalyst+1","Deadly Poison","Noxious Fumes","Accuracy","Well Laid Plans","Prepared","Burst","Cloak And Dagger","Unload+1","Night Terror","Dash+1","Wraith Form v2","Catalyst+1","Acrobatics","Phantasmal Killer","Cloak And Dagger","Trip","Mind Blast+1","Dark Shackles","Backflip","Corpse Explosion","Wraith Form v2","Calculated Gamble","Parasite","Terror","Adrenaline","Decay","Tactician","Decay","Apotheosis+1","Reflex"],"relics":["Ring of the Snake","Bag of Marbles","Shuriken","Gambling Chip","PreservedInsect","Ginger","Bird Faced Urn","Snake Skull","TwistedFunnel","Anchor","Incense Burner","Singing Bowl","Calipers","Calling Bell","Pen Nib","Matryoshka","Thread and Needle","Nunchaku","Kunai","Vajra","InkBottle","Molten Egg 2","Membership Card","Pandora\u0027s Box","Ancient Tea Set","Whetstone","Tingsha","Ninja Scroll","Art of War","DollysMirror","Lantern"],"acts_visited":["Exordium","TheCity","TheBeyond","TheEnding"],"potions_floor_usage":[56],"damage_taken":[{"damage":1.0,"enemies":"Small Slimes","floor":1.0,"turns":3.0},{"damage":0.0,"enemies":"Cultist","floor":4.0,"turns":2.0},{"damage":0.0,"enemies":"Jaw Worm","floor":5.0,"turns":1.0},{"damage":5.0,"enemies":"Lagavulin","floor":6.0,"turns":6.0},{"damage":0.0,"enemies":"3 Sentries","floor":8.0,"turns":2.0},{"damage":9.0,"enemies":"Lagavulin","floor":10.0,"turns":4.0},{"damage":1.0,"enemies":"Blue Slaver","floor":11.0,"turns":3.0},{"damage":9.0,"enemies":"Red Slaver","floor":13.0,"turns":4.0},{"damage":0.0,"enemies":"Looter","floor":14.0,"turns":2.0},{"damage":0.0,"enemies":"Slime Boss","floor":16.0,"turns":4.0},{"damage":0.0,"enemies":"3 Byrds","floor":18.0,"turns":2.0},{"damage":1.0,"enemies":"Shell Parasite","floor":20.0,"turns":2.0},{"damage":0.0,"enemies":"Gremlin Leader","floor":23.0,"turns":3.0},{"damage":0.0,"enemies":"Snake Plant","floor":24.0,"turns":2.0},{"damage":2.0,"enemies":"Book of Stabbing","floor":25.0,"turns":5.0},{"damage":4.0,"enemies":"Slavers","floor":27.0,"turns":3.0},{"damage":12.0,"enemies":"Sentry and Sphere","floor":29.0,"turns":4.0},{"damage":9.0,"enemies":"Snecko","floor":30.0,"turns":5.0},{"damage":0.0,"enemies":"Centurion and Healer","floor":31.0,"turns":3.0},{"damage":0.0,"enemies":"Collector","floor":33.0,"turns":2.0},{"damage":4.0,"enemies":"3 Darklings","floor":35.0,"turns":3.0},{"damage":2.0,"enemies":"Orb Walker","floor":38.0,"turns":2.0},{"damage":0.0,"enemies":"Nemesis","floor":40.0,"turns":5.0},{"damage":0.0,"enemies":"Writhing Mass","floor":42.0,"turns":3.0},{"damage":4.0,"enemies":"4 Shapes","floor":44.0,"turns":2.0},{"damage":18.0,"enemies":"Giant Head","floor":45.0,"turns":5.0},{"damage":0.0,"enemies":"Sphere and 2 Shapes","floor":48.0,"turns":2.0},{"damage":24.0,"enemies":"Time Eater","floor":50.0,"turns":5.0},{"damage":17.0,"enemies":"Donu and Deca","floor":51.0,"turns":5.0},{"damage":0.0,"enemies":"Shield and Spear","floor":55.0,"turns":1.0},{"damage":63,"enemies":"The Heart","floor":56,"turns":7}],"seed_played":"-1948860417116195821","potions_obtained":[{"floor":1.0,"key":"Dexterity Potion"},{"floor":4.0,"key":"GamblersBrew"},{"floor":13.0,"key":"FearPotion"},{"floor":16.0,"key":"Dexterity Potion"},{"floor":38.0,"key":"FearPotion"},{"floor":45.0,"key":"Strength Potion"}],"is_trial":false,"path_per_floor":["M","?","$","M","M","E","R","E","T","E","M","$","M","M","R","B",null,"M","?","M","$","?","E","M","E","T","E","$","M","M","M","R","B",null,"M","T","?","M","$","E","?","M","T","M","E","$","R","M","R","B","B",null,"R","$","E","B",null],"character_chosen":"THE_SILENT","items_purchased":["Bag of Marbles","Shuriken","Backflip","Prepared","Flash of Steel","Flash of Steel","HandOfGreed","Tactician","Well Laid Plans","PreservedInsect","Apotheosis","Bird Faced Urn","Snake Skull","TwistedFunnel","Accuracy","Slice","Bouncing Flask","Blade Dance","Panache","Membership Card","Noxious Fumes","Corpse Explosion","Wraith Form v2","Adrenaline","Art of War","DollysMirror"],"campfire_rested":1,"item_purchase_floors":[0,0,0,0,0,0,0,0,0,0,0,0,0,0,0,3,12,12,21,28,28,39,39,46,46,54],"current_hp_per_floor":[9,9,9,11,11,10,10,12,12,9,14,14,9,11,30,38,59,61,61,64,64,64,66,66,66,66,62,62,54,51,55,55,57,64,62,62,52,52,52,60,65,68,68,66,52,52,52,56,56,44,37,62,62,62,62,9],"gold":33,"neow_bonus":"","is_daily":false,"chose_seed":false,"campfire_upgraded":4,"win_rate":0.0,"timestamp":1608933231,"path_taken":["M","?","$","M","M","E","R","E","T","E","?","$","M","M","R","BOSS","M","?","M","$","?","E","M","E","T","E","$","M","M","M","R","BOSS","M","?","?","M","$","E","?","M","T","?","E","?","R","M","R","BOSS","BOSS","R","$","E","BOSS"],"items_purchased_type":["Relic","Relic","Card","Card","Card","Card","Card","Card","Card","Relic","Card","Relic","Relic","Relic","Card","Card","Card","Card","Card","Relic","Card","Card","Card","Card","Relic","Relic"],"build_version":"2020-12-22","purchased_purges":1,"victory":true,"max_hp_per_floor":[66,66,66,66,66,66,66,66,66,66,66,66,66,66,66,66,66,66,66,66,66,66,66,66,66,66,66,66,66,66,66,66,66,66,66,66,66,66,66,66,66,68,68,70,70,70,70,70,70,70,70,70,70,70,70,70],"relic_stats":{"Singing Bowl":4,"counters":[110,341],"Tingsha":[247],"PreservedInsect":478,"Snake Skull":[268],"Pen Nib":[35],"Ginger":[11],"Whetstone":["Neutralize","Poisoned Stab"],"Nunchaku":[9],"Shuriken":[32],"Gambling Chip":[145],"Bird Faced Urn":[289],"Pandora\u0027s Box":["Cloak And Dagger","Unload","Night Terror","Dash","Wraith Form v2","Catalyst","Acrobatics","Phantasmal Killer"],"Art of War":[6],"Kunai":[16],"obtain_stats":[{"TwistedFunnel":0,"Calipers":14,"Gremlin Horn":0,"CeramicFish":0,"HoveringKite":34,"Vajra":0,"Ginger":0,"Whetstone":40,"Blood Vial":7,"Centennial Puzzle":2,"HornCleat":0,"DollysMirror":8,"Strawberry":40,"HandDrill":0,"Kunai":26,"Toxic Egg 2":0,"Happy Flower":0,"Blue Candle":9,"Tingsha":42,"Pen Nib":25,"Letter Opener":0,"War Paint":9,"OrangePellets":19,"Bottled Flame":23,"Shuriken":55,"MutagenicStrength":28,"Bird Faced Urn":14,"Molten Egg 2":27,"Pandora\u0027s Box":34,"Unceasing Top":0,"Meat on the Bone":23,"Darkstone Periapt":22,"Lantern":0,"Singing Bowl":26,"StoneCalendar":11,"Mango":45,"Snake Skull":0,"Bag of Preparation":8,"Juzu Bracelet":21,"Incense Burner":8,"Ancient Tea Set":39,"Smiling Mask":28,"Nunchaku":23,"Matryoshka":17,"WristBlade":17,"Mummified Hand":8,"Ninja Scroll":45,"Pantograph":27,"Gambling Chip":0,"Toolbox":54,"Tiny Chest":8,"Red Mask":22,"InkBottle":0,"Ring of the Snake":0,"The Specimen":0,"Thread and Needle":17,"PreservedInsect":0,"Omamori":21,"Orichalcum":24,"White Beast Statue":42,"Mercury Hourglass":21,"Calling Bell":17,"Anchor":6,"Orrery":0,"Bag of Marbles":14,"Coffee Dripper":34,"Art of War":46,"Membership Card":0,"Bottled Lightning":26},{"TwistedFunnel":31,"Calipers":38,"Gremlin Horn":0,"CeramicFish":31,"HoveringKite":19,"Vajra":44,"Ginger":79,"Whetstone":102,"Blood Vial":35,"Centennial Puzzle":32,"HornCleat":31,"DollysMirror":49,"Strawberry":23,"HandDrill":44,"Kunai":16,"Toxic Egg 2":44,"Happy Flower":0,"Blue Candle":5,"Tingsha":25,"Pen Nib":16,"Letter Opener":44,"War Paint":35,"OrangePellets":12,"Bottled Flame":14,"Shuriken":78,"MutagenicStrength":16,"Bird Faced Urn":52,"Molten Egg 2":95,"Pandora\u0027s Box":99,"Unceasing Top":44,"Meat on the Bone":57,"Darkstone Periapt":41,"Lantern":0,"Singing Bowl":43,"StoneCalendar":7,"Mango":27,"Snake Skull":79,"Bag of Preparation":5,"Juzu Bracelet":41,"Incense Burner":84,"Ancient Tea Set":22,"Smiling Mask":60,"Nunchaku":92,"Matryoshka":89,"WristBlade":11,"Mummified Hand":35,"Ninja Scroll":105,"Pantograph":59,"Gambling Chip":79,"Toolbox":77,"Tiny Chest":35,"Red Mask":56,"InkBottle":44,"Ring of the Snake":0,"The Specimen":31,"Thread and Needle":89,"PreservedInsect":79,"Omamori":55,"Orichalcum":42,"White Beast Statue":70,"Mercury Hourglass":13,"Calling Bell":89,"Anchor":83,"Orrery":0,"Bag of Marbles":10,"Coffee Dripper":63,"Art of War":105,"Membership Card":31,"Bottled Lightning":59},{"TwistedFunnel":91,"Calipers":114,"Gremlin Horn":0,"CeramicFish":91,"HoveringKite":58,"Vajra":144,"Ginger":239,"Whetstone":311,"Blood Vial":102,"Centennial Puzzle":92,"HornCleat":91,"DollysMirror":160,"Strawberry":73,"HandDrill":144,"Kunai":48,"Toxic Egg 2":144,"Happy Flower":0,"Blue Candle":15,"Tingsha":75,"Pen Nib":48,"Letter Opener":144,"War Paint":102,"OrangePellets":36,"Bottled Flame":44,"Shuriken":232,"MutagenicStrength":48,"Bird Faced Urn":166,"Molten Egg 2":287,"Pandora\u0027s Box":301,"Unceasing Top":144,"Meat on the Bone":175,"Darkstone Periapt":130,"Lantern":0,"Singing Bowl":141,"StoneCalendar":20,"Mango":80,"Snake Skull":239,"Bag of Preparation":15,"Juzu Bracelet":130,"Incense Burner":253,"Ancient Tea Set":69,"Smiling Mask":181,"Nunchaku":277,"Matryoshka":270,"WristBlade":35,"Mummified Hand":102,"Ninja Scroll":321,"Pantograph":179,"Gambling Chip":239,"Toolbox":228,"Tiny Chest":102,"Red Mask":174,"InkBottle":144,"Ring of the Snake":0,"The Specimen":91,"Thread and Needle":270,"PreservedInsect":239,"Omamori":173,"Orichalcum":136,"White Beast Statue":207,"Mercury Hourglass":41,"Calling Bell":270,"Anchor":251,"Orrery":0,"Bag of Marbles":28,"Coffee Dripper":191,"Art of War":321,"Membership Card":91,"Bottled Lightning":179}],"InkBottle":[34],"Ring of the Snake":[220]},"card_choices":[{"not_picked":["Poisoned Stab","Reflex"],"picked":"Cloak And Dagger","floor":1.0},{"not_picked":["Outmaneuver","PiercingWail"],"picked":"Bouncing Flask","floor":4.0},{"not_picked":["PiercingWail","Concentrate"],"picked":"Poisoned Stab","floor":5.0},{"not_picked":["Sucker Punch","Masterful Stab"],"picked":"Crippling Poison","floor":6.0},{"not_picked":["Underhanded Strike","Sucker Punch"],"picked":"Accuracy","floor":8.0},{"not_picked":["Expertise","PiercingWail"],"picked":"Cloak And Dagger","floor":10.0},{"not_picked":["Underhanded Strike","Bane"],"picked":"Poisoned Stab","floor":11.0},{"not_picked":["Distraction","Outmaneuver"],"picked":"PiercingWail","floor":13.0},{"not_picked":["Deadly Poison","Distraction"],"picked":"Noxious Fumes","floor":14.0},{"not_picked":["Glass Knife","Grand Finale"],"picked":"Bullet Time","floor":16.0},{"not_picked":["Poisoned Stab","Flechettes"],"picked":"Tactician","floor":18.0},{"not_picked":["Flying Knee+1","PiercingWail"],"picked":"Bouncing Flask","floor":20.0},{"not_picked":["Dodge and Roll","Concentrate"],"picked":"Venomology","floor":23.0},{"not_picked":["PiercingWail","Acrobatics+1"],"picked":"Blur","floor":24.0},{"not_picked":["Grand Finale","Deadly Poison"],"picked":"Catalyst","floor":25.0},{"not_picked":["Sucker Punch+1","Slice+1"],"picked":"Deadly Poison","floor":27.0},{"not_picked":["Dodge and Roll","Venomology"],"picked":"Accuracy","floor":29.0},{"not_picked":["Underhanded Strike+1","Masterful Stab+1"],"picked":"Well Laid Plans","floor":30.0},{"not_picked":["Slice+1","Flechettes+1"],"picked":"Prepared","floor":31.0},{"not_picked":["Phantasmal Killer","Tools of the Trade"],"picked":"Burst","floor":33.0},{"not_picked":["Deadly Poison","Dagger Throw+1"],"picked":"Cloak And Dagger","floor":35.0},{"not_picked":["Deep Breath","Impatience"],"picked":"Trip","floor":37.0},{"not_picked":["Impatience","Blind"],"picked":"Mind Blast+1","floor":37.0},{"not_picked":["Enlightenment","Impatience"],"picked":"Dark Shackles","floor":37.0},{"not_picked":["Cloak And Dagger","Sucker Punch+1"],"picked":"Backflip","floor":38.0},{"not_picked":["Noxious Fumes","Quick Slash+1"],"picked":"Calculated Gamble","floor":40.0},{"not_picked":["Deflect+1","Sucker Punch+1","Bane+1"],"picked":"Singing Bowl","floor":42.0},{"not_picked":["Choke+1","Quick Slash+1","Heel Hook+1"],"picked":"Singing Bowl","floor":44.0},{"not_picked":["Backflip","Burst"],"picked":"Terror","floor":45.0},{"not_picked":["Accuracy","Sucker Punch+1"],"picked":"Tactician","floor":48.0},{"not_picked":["Backflip","Leg Sweep+1"],"picked":"Reflex","floor":55.0}],"player_experience":1103638,"relics_obtained":[{"floor":6.0,"key":"Anchor"},{"floor":8.0,"key":"Incense Burner"},{"floor":9.0,"key":"Singing Bowl"},{"floor":10.0,"key":"Calipers"},{"floor":17.0,"key":"Pen Nib"},{"floor":17.0,"key":"Matryoshka"},{"floor":17.0,"key":"Thread and Needle"},{"floor":23.0,"key":"Nunchaku"},{"floor":25.0,"key":"Kunai"},{"floor":26.0,"key":"Vajra"},{"floor":26.0,"key":"InkBottle"},{"floor":27.0,"key":"Molten Egg 2"},{"floor":36.0,"key":"Ancient Tea Set"},{"floor":40.0,"key":"Whetstone"},{"floor":43.0,"key":"Tingsha"},{"floor":45.0,"key":"Ninja Scroll"},{"floor":55.0,"key":"Lantern"}],"event_choices":[{"cards_removed":["Defend_G"],"damage_healed":0.0,"max_hp_gain":0.0,"max_hp_loss":0.0,"gold_gain":0.0,"event_name":"Purifier","player_choice":"Purged","floor":2.0,"gold_loss":0.0,"damage_taken":0.0},{"damage_healed":0.0,"max_hp_gain":0.0,"max_hp_loss":0.0,"gold_gain":0.0,"event_name":"betterThird:BetterWriting","player_choice":"Insight","floor":19.0,"gold_loss":0.0,"damage_taken":0.0,"cards_obtained":["Insight"]},{"damage_healed":0.0,"max_hp_gain":0.0,"max_hp_loss":0.0,"gold_gain":0.0,"event_name":"Match and Keep!","player_choice":"1 cards matched","floor":22.0,"gold_loss":0.0,"damage_taken":0.0,"cards_obtained":["Adrenaline"]},{"damage_healed":0.0,"max_hp_gain":0.0,"max_hp_loss":0.0,"gold_gain":0.0,"event_name":"SensoryStone","player_choice":"Memory 3","floor":37.0,"gold_loss":0.0,"damage_taken":10.0},{"cards_removed":["Slice"],"damage_healed":5.0,"max_hp_gain":0.0,"max_hp_loss":0.0,"gold_gain":0.0,"event_name":"Bonfire Elementals","player_choice":"Offered Common","floor":41.0,"gold_loss":0.0,"damage_taken":0.0},{"cards_removed":["Slice"],"damage_healed":5.0,"max_hp_gain":0.0,"max_hp_loss":0.0,"gold_gain":0.0,"event_name":"Bonfire Elementals","player_choice":"Offered Special","floor":41.0,"gold_loss":0.0,"damage_taken":0.0}],"is_beta":false,"boss_relics":[{"not_picked":["Runic Dome","Philosopher\u0027s Stone"],"picked":"Calling Bell"},{"not_picked":["Fusion Hammer","Tiny House"],"picked":"Pandora\u0027s Box"}],"items_purged_floors":[12],"is_endless":false,"potions_floor_spawned":[1,4,13,16,20,24,29,33,38,45,48],"ascension_level":20}}