{"host":"5qewjvycy34u7aeo","time":1608882474,"event":{"mods":["Act Like it!","Aspiration","BaseMod","Conspire","Downfall","GifTheSpireLib","Hubris","Infinite Spire","Minty Spire (QoL Compilation)","Permanent Neow","Replay The Spire","Shop Mod","StSLib","Stuff the Spire"],"gold_per_floor":[99,99,99,99,99,132,155,166,182,201,201,215,215,235,249,249,249,249],"floor_reached":16,"playtime":713,"items_purged":[],"score":127,"play_id":"6a162ae9-9a80-4ba2-b954-1815f25ede4e","local_time":"20201224234754","is_ascension_mode":false,"campfire_choices":[{"floor":1,"key":"RECALL"}],"circlet_count":0,"master_deck":["hexamod:Strike","hexamod:Strike","hexamod:Strike","hexamod:Defend","hexamod:Defend","hexamod:Defend","hexamod:Defend","hexamod:Sear","hexamod:Float","hexamod:NightmareStrike","hexamod:DynamicBlow","hexamod:SpectersWail","hexamod:FastForward","hexamod:SpectersWail"],"relics":["hexamod:SpiritBrand","downfall:HeartsMalice","ReplayTheSpireMod:Ninjato","PreservedInsect","hubris:Towel"],"acts_visited":["Exordium"],"potions_floor_usage":[11,16,16],"damage_taken":[{"damage":0,"enemies":"2 Louse","floor":2,"turns":1},{"damage":0,"enemies":"Cultist","floor":3,"turns":1},{"damage":0,"enemies":"3 Sentries","floor":6,"turns":1},{"damage":0,"enemies":"Small Slimes","floor":8,"turns":3},{"damage":7,"enemies":"Blue Slaver","floor":9,"turns":3},{"damage":6,"enemies":"Gremlin Gang","floor":10,"turns":4},{"damage":0,"enemies":"Lots of Slimes","floor":12,"turns":4},{"damage":2,"enemies":"2 Fungi Beasts","floor":14,"turns":3},{"damage":6,"enemies":"Blue Slaver","floor":15,"turns":4},{"damage":85,"enemies":"downfall:Defect","floor":16,"turns":8}],"seed_played":"-47289132788716304","potions_obtained":[{"floor":6,"key":"Adrenaline Potion"},{"floor":9,"key":"FearPotion"},{"floor":10,"key":"Energy Potion"},{"floor":11,"key":"Fruit Juice"},{"floor":11,"key":"conspire:TimeTravelPotion"}],"is_trial":false,"path_per_floor":["R","M","M","?","?","E","T","M","M","M","?","M","?","M","M","B"],"character_chosen":"THE_SPIRIT","items_purchased":[],"campfire_rested":0,"item_purchase_floors":[],"current_hp_per_floor":[70,70,70,70,70,70,70,70,63,57,62,62,62,60,54,0,0,0],"gold":249,"neow_bonus":"THREE_ENEMY_KILL","is_daily":false,"chose_seed":false,"campfire_upgraded":0,"win_rate":0.0,"timestamp":1608882474,"path_taken":["R","M","M","?","?","E","T","M","M","M","?","?","?","M","M","BOSS"],"items_purchased_type":[],"build_version":"2020-12-22","purchased_purges":0,"victory":false,"max_hp_per_floor":[70,70,70,70,70,70,70,70,70,70,75,75,75,75,75,75,75,75],"card_choices":[{"not_picked":["hexamod:PhantomCloak","hexamod:CatchUp"],"picked":"hexamod:NightmareStrike","floor":2},{"not_picked":["hexamod:InspiringFlames","hexamod:RainOfEmbers"],"picked":"hexamod:DynamicBlow","floor":3},{"not_picked":["hexamod:ThermalTransfer","hexamod:RetreatToShadows"],"picked":"hexamod:SpectersWail","floor":6},{"not_picked":["hexamod:ThirdSeal","hexamod:HeatMetal","hexamod:HauntingEcho"],"picked":"SKIP","floor":8},{"not_picked":["hexamod:HeatShield","hexamod:Incineration","hexamod:InspiringFlames"],"picked":"SKIP","floor":9},{"not_picked":["hexamod:HeatCrush","hexamod:Rewind"],"picked":"hexamod:FastForward","floor":10},{"not_picked":["hexamod:HauntingEcho","hexamod:SwordOfDarkness","hexamod:BacktrackSmack"],"picked":"SKIP","floor":12},{"not_picked":["hexamod:PhantomCloak","hexamod:NightmareStrike"],"picked":"hexamod:SpectersWail","floor":14},{"not_picked":["hexamod:GhostLash","hexamod:InspiringFlames","hexamod:CatchUp"],"picked":"SKIP","floor":15}],"player_experience":406298,"relics_obtained":[{"floor":6,"key":"ReplayTheSpireMod:Ninjato"},{"floor":7,"key":"PreservedInsect"}],"event_choices":[{"damage_healed":0,"gold_gain":0,"player_choice":"Leave","damage_taken":0,"max_hp_gain":0,"max_hp_loss":0,"event_name":"conspire:Investor","floor":4,"gold_loss":0},{"damage_healed":0,"gold_gain":0,"player_choice":"Got Potions","damage_taken":0,"max_hp_gain":0,"max_hp_loss":0,"event_name":"Lab","floor":11,"gold_loss":0}],"is_beta":false,"boss_relics":[],"items_purged_floors":[],"is_endless":false,"potions_floor_spawned":[6,9,10,14,15],"killed_by":"downfall:Defect","ascension_level":0}}