{"host":"u9xtr94typ21duox","time":1608883341,"event":{"mods":["BaseMod","Key Reminder","KinomotoSakuraMod(木之本樱)","LagranYue(拉格朗・月)","Marisa（F雨　魔理沙）","Minty Spire (QoL Compilation)","Reimu（博丽灵梦）","Remilia（蕾米莉亚）","Replay The Spire","StSLib","Td1madao Mod","The Administrix","The Bladedancer","The Bug Knight","The Construct","The Cursed","The Gatherer","The Runesmith","The Servant 0.9.4","WarShipGirlsR/战舰少女R mod","Youmu（魂魄妖梦）","vexMod"],"gold_per_floor":[363,55,69,88,106,106,135,135,161,181,208,227,259,277,277,380,380,398,222,242,242,94,124,100,135,187,62,75,75,75],"floor_reached":29,"playtime":1001,"items_purged":["Strike_B","Dualcast","Zap"],"score":285,"play_id":"8c21a71d-e57b-4be1-8059-811cee47a477","local_time":"20201225160221","is_ascension_mode":false,"campfire_choices":[{"data":"Reprogram","floor":6,"key":"SMITH"},{"floor":15,"key":"REST"}],"circlet_count":0,"master_deck":["Strike_B","Strike_B","Defend_B","Defend_B","Defend_B","Defend_B","Gash+1","ReplayGash+1","Go for the Eyes","Reprogram+1","Gash","Steam","Machine Learning","AbeCurse","FTL","Flash of Steel","Beam Cell","Echo Form","Rebound","Gash"],"relics":["Cracked Core","LagranYue:RandomDrawCardRelic","Guide Book","Bag of Preparation","Bag of Marbles","Pen Nib","LagranYue:ReturningEmperorRelic","Abe\u0027s Treasure","TungstenRod","CrazyTorch:ReiMu","LagranYue:MagicReflectiveArmorRelic"],"acts_visited":["Exordium","TheCity"],"potions_floor_usage":[7,16,16,23,23,25,25],"damage_taken":[{"damage":1,"enemies":"Jaw Worm","floor":1,"turns":3},{"damage":0,"enemies":"2 Louse","floor":3,"turns":2},{"damage":0,"enemies":"Cultist","floor":4,"turns":3},{"damage":3,"enemies":"Red Slaver","floor":5,"turns":5},{"damage":10,"enemies":"3 Sentries","floor":7,"turns":7},{"damage":0,"enemies":"Looter","floor":10,"turns":3},{"damage":9,"enemies":"Lagavulin","floor":11,"turns":8},{"damage":0,"enemies":"2 Fungi Beasts","floor":12,"turns":3},{"damage":13,"enemies":"3 Sentries","floor":13,"turns":6},{"damage":6,"enemies":"Exordium Thugs","floor":14,"turns":4},{"damage":18,"enemies":"The Guardian","floor":16,"turns":8},{"damage":15,"enemies":"Spheric Guardian","floor":18,"turns":4},{"damage":7,"enemies":"Shell Parasite","floor":20,"turns":3},{"damage":37,"enemies":"Slavers","floor":23,"turns":4},{"damage":4,"enemies":"Book of Stabbing","floor":25,"turns":4},{"damage":0,"enemies":"Snake Plant","floor":28,"turns":3},{"damage":21,"enemies":"Snecko","floor":29,"turns":3}],"seed_played":"-2939681824962842535","potions_obtained":[{"floor":4,"key":"EssenceOfSteel"},{"floor":5,"key":"Adrenaline Potion"},{"floor":7,"key":"Strength Potion"},{"floor":13,"key":"Adrenaline Potion"},{"floor":14,"key":"EntropicBrew"},{"floor":16,"key":"Venom Potion"},{"floor":25,"key":"GrandPatriotsElixir:ReiMu"}],"is_trial":false,"path_per_floor":["M","$","M","M","M","R","E","?","T","M","E","M","E","M","R","B",null,"M","$","M","?","$","E","$","E","T","$","M","M"],"character_chosen":"DEFECT","items_purchased":["ReplayGash","Go for the Eyes","Guide Book","FTL","Flash of Steel","Rebound","Gash"],"campfire_rested":1,"item_purchase_floors":[2,2,2,19,19,22,24],"current_hp_per_floor":[53,53,53,53,50,50,40,40,40,40,31,31,18,12,34,16,75,60,60,53,53,53,16,16,12,12,12,12,0,0],"gold":75,"neow_bonus":"TWO_FIFTY_GOLD","is_daily":false,"chose_seed":false,"campfire_upgraded":1,"win_rate":0.0,"timestamp":1608883341,"path_taken":["M","$","M","M","M","R","E","?","T","M","E","M","E","M","R","BOSS","M","$","M","?","$","E","?","E","T","$","?","M"],"items_purchased_type":["Card","Card","Relic","Card","Card","Card","Card"],"build_version":"2020-12-22","purchased_purges":3,"victory":false,"max_hp_per_floor":[75,75,75,75,75,75,75,75,75,75,75,75,75,75,75,75,75,75,75,75,75,75,75,75,75,75,75,75,75,75],"card_choices":[{"not_picked":["Streamline","Sweeping Beam"],"picked":"Gash","floor":1},{"not_picked":["Barrage","Melter","Sweeping Beam"],"picked":"SKIP","floor":3},{"not_picked":["Doom and Gloom","Cold Snap","Glacier"],"picked":"SKIP","floor":4},{"not_picked":["Conserve Battery","Redo"],"picked":"Reprogram","floor":5},{"not_picked":["ReplayRNGCard","ReplaySort","Coolheaded"],"picked":"SKIP","floor":7},{"not_picked":["Defragment","Hello World","Leap"],"picked":"SKIP","floor":10},{"not_picked":["Conserve Battery","Beam Cell"],"picked":"Gash","floor":11},{"not_picked":["Lockon","Steam","Cold Snap"],"picked":"SKIP","floor":12},{"not_picked":["Lockon","Cold Snap"],"picked":"Steam","floor":12},{"not_picked":["Lockon","Hello World","Compile Driver"],"picked":"SKIP","floor":13},{"not_picked":["ReplaySolidLightProjector","ReplayTheSpireMod:Calculation Training","Hello World"],"picked":"SKIP","floor":14},{"not_picked":["Echo Form","Creative AI"],"picked":"Machine Learning","floor":16},{"not_picked":["Crystallizer","Coolheaded+1","Steam Power"],"picked":"SKIP","floor":18},{"not_picked":["Cold Snap","BasicCrystalCard+1"],"picked":"Beam Cell","floor":20},{"not_picked":["Cold Snap","Ball Lightning+1","Rebound"],"picked":"SKIP","floor":23},{"not_picked":["ReplayRNGCard","Panic Button+1","Redo"],"picked":"SKIP","floor":25},{"not_picked":["Consume","Darkness+1","Crystallizer"],"picked":"SKIP","floor":28}],"player_experience":244099,"relics_obtained":[{"floor":7,"key":"Bag of Preparation"},{"floor":9,"key":"Bag of Marbles"},{"floor":11,"key":"Pen Nib"},{"floor":13,"key":"LagranYue:ReturningEmperorRelic"},{"floor":23,"key":"TungstenRod"},{"floor":25,"key":"CrazyTorch:ReiMu"},{"floor":26,"key":"LagranYue:MagicReflectiveArmorRelic"}],"event_choices":[{"damage_healed":0,"gold_gain":0,"cards_transformed":["Strike_B"],"player_choice":"Transformed","damage_taken":0,"max_hp_gain":0,"max_hp_loss":0,"event_name":"Transmorgrifier","floor":21,"gold_loss":0,"cards_obtained":["Echo Form"]}],"is_beta":false,"boss_relics":[{"not_picked":["RedLine:ReiMu","Kintsugi"],"picked":"Abe\u0027s Treasure"}],"items_purged_floors":[2,22,27],"is_endless":false,"potions_floor_spawned":[4,5,7,13,14,16,25],"killed_by":"Snecko","ascension_level":0}}