{"host":"juowtv2vvb0b99ex","time":1608912510,"event":{"mods":["BaseMod","Colored Map","Downfall","Minty Spire (QoL Compilation)","Quick Restart","StSLib"],"gold_per_floor":[99,99,160,17,17,43,91,107,136,136,61,136,164,177,197,292,292,217,233,250,264,284,134,157,157,67,97,182,209,159,159,171,266,266,266,282,332,217,230,280,280,297,297,315,343,353,353,380,392,392],"floor_reached":51,"playtime":3002,"items_purged":["Slimebound:Strike_Slimebound","Slimebound:Strike_Slimebound"],"score":1551,"play_id":"a0c25a5a-c1dd-4995-aff6-b53cb63e0c34","local_time":"20201225090830","is_ascension_mode":true,"campfire_choices":[{"data":"Slimebound:Split","floor":1.0,"key":"SMITH"},{"data":"Slimebound:SlimeBrawl","floor":11.0,"key":"SMITH"},{"data":"Slimebound:SelfFormingGoo","floor":18.0,"key":"SMITH"},{"data":"Slimebound:Overexert","floor":35.0,"key":"SMITH"},{"floor":47,"key":"DIG"}],"circlet_count":0,"master_deck":["AscendersBane","Slimebound:Tackle+1","Slimebound:Defend_Slimebound","Slimebound:Defend_Slimebound","Slimebound:Defend_Slimebound+1","Slimebound:Defend_Slimebound+1","Slimebound:Split+1","Slimebound:CorrosiveSpit","Slimebound:SlimeBrawl+1","Slimebound:SlimeBrawl+1","Slimebound:SplitLeeching","Slimebound:SlimeSpikes+1","Slimebound:SplitLeeching+1","Slimebound:SplitAcid+1","Slimebound:SplitAcid+1","Slimebound:MassRepurpose+1","Slimebound:SlimeBarrage","Slimebound:Equalize","Slimebound:LivingWall+1","Slimebound:SelfFormingGoo+1","Slimebound:SplitAcid+1","Slimebound:SlimeBrawl+1","Slimebound:ProtectTheBoss","Slimebound:SplitMire+1","Ghostly+1","Slimebound:SplitLeeching+1","Slimebound:SlimeTap+1","Slimebound:SelfFormingGoo","Slimebound:SlimeBrawl+1","Slimebound:Overexert+1","Slimebound:ProtectTheBoss+1","Slimebound:SplitAcid+1","Slimebound:SplitMire+1","Mayhem","Slimebound:Replication+1","Slimebound:Repurpose+1","Slimebound:SplitMire+1","Slimebound:ProtectTheBoss","Slimebound:SplitLeeching+1","Slimebound:TagTeam","Slimebound:SplitBruiser+1","Slimebound:SplitLeeching+1"],"relics":["Slimebound:AbsorbEndCombat","downfall:HeartsMalice","Prayer Wheel","Slimebound:AggressiveSlimeRelic","Toxic Egg 2","Ancient Tea Set","downfall:HeartBlessingBlue","Whetstone","Black Star","downfall:HeartBlessingGreen","PreservedInsect","Bottled Flame","Vajra","Juzu Bracelet","Blue Candle","Runic Dome","Shovel","Oddly Smooth Stone","Ginger","Pear","Strawberry","MealTicket","Shuriken","Blood Vial","Centennial Puzzle"],"acts_visited":["Exordium","TheCity","TheBeyond"],"potions_floor_usage":[50],"damage_taken":[{"damage":0.0,"enemies":"Small Slimes","floor":2.0,"turns":1.0},{"damage":0.0,"enemies":"3 Sentries","floor":3.0,"turns":1.0},{"damage":0.0,"enemies":"downfall:FleeingMerchant","floor":4.0,"turns":1.0},{"damage":36.0,"enemies":"Gremlin Nob","floor":6.0,"turns":4.0},{"damage":12.0,"enemies":"Cultist","floor":8.0,"turns":3.0},{"damage":32.0,"enemies":"Lagavulin","floor":9.0,"turns":7.0},{"damage":33.0,"enemies":"3 Sentries","floor":13.0,"turns":5.0},{"damage":23.0,"enemies":"Jaw Worm","floor":14.0,"turns":3.0},{"damage":17.0,"enemies":"Blue Slaver","floor":15.0,"turns":3.0},{"damage":33.0,"enemies":"downfall:Silent","floor":16.0,"turns":8.0},{"damage":21.0,"enemies":"Chosen","floor":19.0,"turns":3.0},{"damage":49.0,"enemies":"Centurion and Healer","floor":20.0,"turns":5.0},{"damage":34.0,"enemies":"3 Cultists","floor":21.0,"turns":4.0},{"damage":36.0,"enemies":"Cultist and Chosen","floor":22.0,"turns":5.0},{"damage":29.0,"enemies":"downfall:FleeingMerchant","floor":26.0,"turns":4.0},{"damage":42.0,"enemies":"Book of Stabbing","floor":27.0,"turns":4.0},{"damage":53.0,"enemies":"Gremlin Leader","floor":29.0,"turns":5.0},{"damage":28.0,"enemies":"Sentry and Sphere","floor":32.0,"turns":3.0},{"damage":59.0,"enemies":"downfall:Ironclad","floor":33.0,"turns":7.0},{"damage":20.0,"enemies":"Orb Walker","floor":36.0,"turns":3.0},{"damage":20.0,"enemies":"Mind Bloom Boss Battle","floor":37.0,"turns":4.0},{"damage":24.0,"enemies":"downfall:FleeingMerchant","floor":38.0,"turns":2.0},{"damage":49.0,"enemies":"3 Darklings","floor":39.0,"turns":4.0},{"damage":39,"enemies":"2 Orb Walkers","floor":40,"turns":2},{"damage":54,"enemies":"Jaw Worm Horde","floor":42,"turns":3},{"damage":33,"enemies":"4 Shapes","floor":44,"turns":3},{"damage":65,"enemies":"Nemesis","floor":45,"turns":4},{"damage":44,"enemies":"Spire Growth","floor":46,"turns":4},{"damage":64,"enemies":"Giant Head","floor":48,"turns":6},{"damage":43,"enemies":"3 Darklings","floor":49,"turns":2},{"damage":48,"enemies":"downfall:Watcher","floor":50,"turns":8}],"seed_played":"8649748569523906464","potions_obtained":[{"floor":5.0,"key":"Fruit Juice"},{"floor":5.0,"key":"champ:CounterPotion"},{"floor":5.0,"key":"BlessingOfTheForge"},{"floor":6.0,"key":"Strength Potion"},{"floor":9.0,"key":"Regen Potion"},{"floor":12.0,"key":"downfall:CursedFountainPotion"},{"floor":14.0,"key":"FearPotion"},{"floor":20.0,"key":"Swift Potion"},{"floor":21.0,"key":"SmokeBomb"},{"floor":29.0,"key":"LiquidMemories"},{"floor":40,"key":"LiquidBronze"}],"is_trial":false,"path_per_floor":["R","M","?","$","?","E","T","M","E","?","R","?","E","M","M","B",null,"R","M","M","M","M","?","T","?","$","E","?","E","?","?","M","B",null,"R","M","?","$","M","?","T","M","?","M","E","M","R","E","M","B",null],"character_chosen":"SLIMEBOUND","items_purchased":["Slimebound:AggressiveSlimeRelic","Mayhem","Oddly Smooth Stone"],"campfire_rested":0,"item_purchase_floors":[4,38,38],"current_hp_per_floor":[54,54,54,54,59,45,45,49,49,49,59,59,54,60,67,75,75,75,74,62,58,64,64,64,64,71,61,49,36,65,65,75,61,72,72,75,71,75,71,75,85,65,65,72,70,88,88,92,81,92],"gold":392,"neow_bonus":"THREE_ENEMY_KILL","is_daily":false,"chose_seed":false,"campfire_upgraded":4,"win_rate":0.0,"timestamp":1608912510,"path_taken":["R","M","?","$","?","E","T","?","E","?","R","?","E","?","M","BOSS","R","M","M","M","M","?","T","?","$","E","?","E","?","?","M","BOSS","R","M","?","$","M","?","T","M","?","M","E","M","R","E","M","BOSS"],"items_purchased_type":["Relic","Card","Relic"],"build_version":"2020-12-22","purchased_purges":2,"victory":true,"max_hp_per_floor":[60,60,60,60,65,65,65,65,65,65,75,75,75,75,75,75,75,75,75,75,75,75,75,75,75,75,75,75,75,75,75,75,75,75,75,75,75,75,75,75,85,85,85,85,92,92,92,92,92,92],"card_choices":[{"not_picked":["Slimebound:TongueLash","Slimebound:Gluttony"],"picked":"Slimebound:SlimeBrawl","floor":2.0},{"not_picked":["Slimebound:GoopSpray","Slimebound:SpikyOuterGoop"],"picked":"Slimebound:SlimeBrawl","floor":3.0},{"not_picked":["Slimebound:Dissolve","Slimebound:LeechingTouch"],"picked":"Slimebound:SplitLeeching","floor":4.0},{"not_picked":["Slimebound:LeechingTouch","Slimebound:RollThrough"],"picked":"Slimebound:SlimeSpikes+1","floor":6.0},{"not_picked":["Slimebound:HauntingLick+1","Slimebound:GrowthPunch"],"picked":"Slimebound:SplitLeeching+1","floor":8.0},{"not_picked":["Slimebound:SlimeSpikes+1","Slimebound:SamplingLick+1"],"picked":"Slimebound:SplitAcid+1","floor":8.0},{"not_picked":["Slimebound:Dissolve+1","Slimebound:SplitLeeching+1"],"picked":"Slimebound:SplitAcid+1","floor":9.0},{"not_picked":["Slimebound:ComboTackle","Slimebound:SplitAcid+1"],"picked":"Slimebound:MassRepurpose+1","floor":13.0},{"not_picked":["Slimebound:SamplingLick+1","Slimebound:ComboTackle"],"picked":"Slimebound:SlimeBarrage","floor":14.0},{"not_picked":["Slimebound:LeechEnergy","Slimebound:GrowthPunch"],"picked":"Slimebound:Equalize","floor":14.0},{"not_picked":["Slimebound:Gluttony","Slimebound:Grow"],"picked":"Slimebound:LivingWall+1","floor":15.0},{"not_picked":["Slimebound:GoopSpray+1","Slimebound:DisruptingSlam","Slimebound:GrowthPunch"],"picked":"SKIP","floor":15.0},{"not_picked":["Slimebound:TagTeam","Slimebound:RallyTheTroops"],"picked":"Slimebound:SelfFormingGoo","floor":16.0},{"not_picked":["Slimebound:RejuvenatingLick+1","Slimebound:PressTheAttack"],"picked":"Slimebound:SplitAcid+1","floor":19.0},{"not_picked":["Slimebound:LeechingTouch","Slimebound:ViciousTackle"],"picked":"Slimebound:SlimeBrawl+1","floor":19.0},{"not_picked":["Slimebound:Nibble","Slimebound:SamplingLick+1","Slimebound:HauntingLick+1"],"picked":"SKIP","floor":20.0},{"not_picked":["Slimebound:Recollect+1","Slimebound:ComboTackle","Slimebound:Equalize"],"picked":"SKIP","floor":20.0},{"not_picked":["Slimebound:HungryTackle+1","Slimebound:SlimeSpikes+1"],"picked":"Slimebound:ProtectTheBoss","floor":21.0},{"not_picked":["Slimebound:SamplingLick+1","Slimebound:PressTheAttack","Slimebound:FinishingTackle"],"picked":"SKIP","floor":21.0},{"not_picked":["Slimebound:RollThrough","Slimebound:SlimeSpikes+1"],"picked":"Slimebound:SplitMire+1","floor":22.0},{"not_picked":["Slimebound:RollThrough","Slimebound:FinishingTackle","Slimebound:HungryTackle"],"picked":"SKIP","floor":22.0},{"not_picked":["Slimebound:WasteNot+1","Slimebound:ViciousTackle"],"picked":"Slimebound:SplitLeeching+1","floor":26.0},{"not_picked":["Slimebound:Equalize","Slimebound:SplitMire+1"],"picked":"Slimebound:SlimeTap+1","floor":27.0},{"not_picked":["Slimebound:PressTheAttack","Slimebound:BestDefense","Slimebound:LeechEnergy"],"picked":"SKIP","floor":29.0},{"not_picked":["Slimebound:SplitAcid+1","Slimebound:Nibble"],"picked":"Slimebound:SelfFormingGoo","floor":32.0},{"not_picked":["Slimebound:SamplingLick+1","Slimebound:SplitLeeching+1"],"picked":"Slimebound:SlimeBrawl+1","floor":32.0},{"not_picked":["Slimebound:MassFeed","Slimebound:DouseInSlime+1"],"picked":"Slimebound:Overexert","floor":33.0},{"not_picked":["Slimebound:SlimeSpikes+1","Slimebound:ViciousTackle"],"picked":"Slimebound:ProtectTheBoss+1","floor":36.0},{"not_picked":["Slimebound:FormOfPuddle+1","Slimebound:GoopSpray+1"],"picked":"Slimebound:SplitAcid+1","floor":36.0},{"not_picked":["Slimebound:Prepare+1","Slimebound:HungryTackle"],"picked":"Slimebound:SplitMire+1","floor":38.0},{"not_picked":["Slimebound:FinishingTackle","Slimebound:RollThrough+1"],"picked":"Slimebound:Replication+1","floor":39.0},{"not_picked":["Slimebound:PressTheAttack","Slimebound:RejuvenatingLick+1"],"picked":"Slimebound:Repurpose+1","floor":39.0},{"not_picked":["Slimebound:ViciousTackle+1","Slimebound:LeechEnergy"],"picked":"Slimebound:SplitMire+1","floor":40},{"not_picked":["Slimebound:ComboTackle","Slimebound:PressTheAttack"],"picked":"Slimebound:ProtectTheBoss","floor":42},{"not_picked":["Slimebound:ComboTackle+1","Slimebound:Dissolve+1","Slimebound:Gluttony"],"picked":"SKIP","floor":42},{"not_picked":["Slimebound:ViciousTackle","Slimebound:FinishingTackle"],"picked":"Slimebound:SplitLeeching+1","floor":44},{"not_picked":["Slimebound:ComboTackle+1","Slimebound:GoopTackle"],"picked":"Slimebound:TagTeam","floor":44},{"not_picked":["Slimebound:PressTheAttack","Slimebound:FinishingTackle","Slimebound:RollThrough"],"picked":"SKIP","floor":45},{"not_picked":["Slimebound:FinishingTackle","Slimebound:Prepare+1","Slimebound:LivingWall+1"],"picked":"SKIP","floor":46},{"not_picked":["Slimebound:SplitBruiser+1","Slimebound:Grow+1","Slimebound:ViciousTackle"],"picked":"SKIP","floor":46},{"not_picked":["Slimebound:SplitLeeching+1","Slimebound:FinishingTackle"],"picked":"Slimebound:SplitBruiser+1","floor":48},{"not_picked":["Slimebound:LivingWall+1","Slimebound:ComboTackle"],"picked":"Slimebound:SplitLeeching+1","floor":49},{"not_picked":["Slimebound:GoopSpray+1","Slimebound:BestDefense","Slimebound:LeechingTouch+1"],"picked":"SKIP","floor":49}],"player_experience":1253526,"relics_obtained":[{"floor":6.0,"key":"Toxic Egg 2"},{"floor":9.0,"key":"Ancient Tea Set"},{"floor":13.0,"key":"Whetstone"},{"floor":24.0,"key":"PreservedInsect"},{"floor":27.0,"key":"Bottled Flame"},{"floor":27.0,"key":"Vajra"},{"floor":29.0,"key":"Juzu Bracelet"},{"floor":29.0,"key":"Blue Candle"},{"floor":37.0,"key":"Shovel"},{"floor":40,"key":"Ginger"},{"floor":41,"key":"Pear"},{"floor":45,"key":"Strawberry"},{"floor":45,"key":"MealTicket"},{"floor":47,"key":"Shuriken"},{"floor":48,"key":"Blood Vial"},{"floor":48,"key":"Centennial Puzzle"}],"event_choices":[{"damage_healed":0.0,"max_hp_gain":0.0,"max_hp_loss":0.0,"gold_gain":0.0,"event_name":"Lab","player_choice":"Got Potions","floor":5.0,"gold_loss":0.0,"damage_taken":0.0},{"damage_healed":0,"gold_gain":0,"player_choice":"Fight","damage_taken":0,"max_hp_gain":0,"max_hp_loss":0,"event_name":"Mysterious Sphere","floor":40,"gold_loss":0},{"cards_removed":["Slimebound:Strike_Slimebound"],"damage_healed":0,"gold_gain":0,"player_choice":"Removed Attack","damage_taken":0,"max_hp_gain":0,"max_hp_loss":0,"event_name":"Falling","floor":43,"gold_loss":0}],"is_beta":false,"boss_relics":[{"not_picked":["Cursed Key","Coffee Dripper"],"picked":"Black Star"},{"not_picked":["SacredBark","Slimebound:AbsorbEndCombatUpgraded"],"picked":"Runic Dome"}],"items_purged_floors":[26,38],"is_endless":false,"potions_floor_spawned":[6,9,13,14,15,20,21,29,32,39,40,46,49],"ascension_level":12}}