{"host":"2qdrd1k0srhz2le1","time":1608881914,"event":{"mods":["ATMod(阿瑾Mod)","Ascension Reborn","BaseMod","Better Vampires","Challenge The Spire","Colored Powertips","Conspire","Lobotomy","Marisa（F雨　魔理沙）","Minty Spire (QoL Compilation)","MostiFishMod","Relic Stats","Replay The Spire","Robot Space Explorer","SOS（斯巴达之子）","Shop Mod","Spicy Shops","StSLib","TestMod","The Edgeheg","【东方二次创作】八云紫mod","篝火指南"],"gold_per_floor":[113,121,42,54,65,93,101,101,101,112,112,126,126,153,153,229,229,242,250,140,153,161,187,187,207,207,221,60,60,60,75,75,157,157,168,211,211,156,72,72,175,91,91,111,30,30,52,62,62,62,62,62,62,62,164,64],"floor_reached":57,"playtime":2729,"items_purged":["Strike_R"],"score":1526,"play_id":"f94bd233-17c1-4c56-a759-f6982eaf6aee","local_time":"20201225153834","is_ascension_mode":true,"campfire_choices":[{"data":"AT_CaressingTears","floor":8,"key":"SMITH"},{"data":"AT_DiedThrough","floor":13,"key":"SMITH"},{"data":"Shockwave","floor":15,"key":"SMITH"},{"data":"MostiFishMod:FlyOverUtopia","floor":24,"key":"SMITH"},{"data":"conspire:Purge","floor":29,"key":"SMITH"},{"data":"AT_IchimonjiDouble","floor":32,"key":"SMITH"},{"floor":40,"key":"RECALL"},{"data":"testmod-BloodShelter","floor":46,"key":"SMITH"},{"data":"testmod-Mystery","floor":49,"key":"SMITH"},{"data":"AT_DiedThrough","floor":53,"key":"SMITH"}],"circlet_count":0,"master_deck":["Defend_R","Defend_R+1","AscMod:ascendersbane","AT_DiedThrough+1","AbeCurse","AT_CaressingTears+1","Pommel Strike","Burning Pact","Whirlwind","AT_Dispersion+1","AT_IchimonjiDouble+1","AT_ShrugMaster","MostiFishMod:TemporaryOutbreak+1","True Grit","Shockwave+1","Seeing Red","MostiFishMod:FlyOverUtopia+1","Spot Weakness+1","Inflame","conspire:Purge+1","AT_DrawKnifeCut+1","MostiFishMod:HellRitual","Disarm","Feel No Pain+1","testmod-PainDetonator","testmod-Librarian","testmod-BloodShelter+1","Dark Embrace","MostiFishMod:MusicBox","Bloodletting","MostiFishMod:#F4004+1","AT_BodySlamDance+1","testmod-Mystery+1","AT_DiedThrough+1","Rupture+1"],"relics":["testmod-TestBox","AT_ATBox","DaveBox","testmod-GiftOfSatan","Transparent","Abe\u0027s Treasure","SynthV:TestCard","Orrery","Pet Ghost","InkBottle","Darkstone Periapt","Red Skull","Red Mask","Turnip","Guide Book","ReplayTheSpireMod:Ring of Exchange","Ring of Misfortune","CatCart","Replay:Wax Seal","Medical Kit","Dream Catcher","Bottled Tornado","Ancient Tea Set","Pen Nib"],"acts_visited":["Exordium","TheCity","TheBeyond","TheEnding"],"potions_floor_usage":[39,56,56,56],"damage_taken":[{"damage":8,"enemies":"Jaw Worm","floor":1,"turns":1},{"damage":16,"enemies":"2 Louse","floor":2,"turns":2},{"damage":8,"enemies":"Cultist","floor":4,"turns":1},{"damage":16,"enemies":"Large Slime","floor":5,"turns":2},{"damage":36,"enemies":"Replay:BlueRogue","floor":6,"turns":3},{"damage":30,"enemies":"Blue Slaver","floor":7,"turns":2},{"damage":9,"enemies":"2 Fungi Beasts","floor":10,"turns":1},{"damage":27,"enemies":"conspire:2 RoseBushes","floor":12,"turns":3},{"damage":38,"enemies":"3 Sentries","floor":14,"turns":3},{"damage":50,"enemies":"Fading Forest","floor":16,"turns":5},{"damage":24,"enemies":"conspire:FuzzyDice","floor":18,"turns":2},{"damage":39,"enemies":"Shell Parasite","floor":19,"turns":2},{"damage":37,"enemies":"Centurion and Healer","floor":21,"turns":3},{"damage":26,"enemies":"Snecko","floor":22,"turns":2},{"damage":34,"enemies":"Book of Stabbing","floor":23,"turns":2},{"damage":15,"enemies":"Masked Bandits","floor":25,"turns":1},{"damage":31,"enemies":"Snake Plant","floor":27,"turns":2},{"damage":16,"enemies":"Sentry and Sphere","floor":31,"turns":1},{"damage":43,"enemies":"Automaton","floor":33,"turns":4},{"damage":43,"enemies":"3 Shapes","floor":35,"turns":2},{"damage":61,"enemies":"Orin","floor":36,"turns":5},{"damage":29,"enemies":"3 Darklings","floor":39,"turns":2},{"damage":20,"enemies":"Reptomancer","floor":41,"turns":2},{"damage":57,"enemies":"Transient","floor":42,"turns":4},{"damage":45,"enemies":"Giant Head","floor":44,"turns":4},{"damage":35,"enemies":"Sphere and 2 Shapes","floor":45,"turns":3},{"damage":51,"enemies":"R_Hoarder","floor":47,"turns":3},{"damage":77,"enemies":"4 Shapes","floor":48,"turns":2},{"damage":55,"enemies":"Replay:Hell Engine","floor":50,"turns":4},{"damage":87,"enemies":"Donu and Deca","floor":51,"turns":3},{"damage":35,"enemies":"Shield and Spear","floor":55,"turns":2},{"damage":107,"enemies":"The Heart","floor":56,"turns":6}],"seed_played":"5219161530196833147","potions_obtained":[{"floor":2,"key":"Energy Potion"},{"floor":4,"key":"Weak Potion"},{"floor":42,"key":"Swift Potion"}],"is_trial":false,"path_per_floor":["M","M","$","M","M","E","M","R","T","M","?","M","R","E","R","B",null,"M","M","?","M","M","E","R","?","T","M","$","R","?","M","R","B",null,"M","?","?","$","M","R","E","M","T","E","M","R","E","M","R","B","B",null,"R","$","E","B",null],"character_chosen":"IRONCLAD","items_purchased":["Orrery","Guide Book","Replay:Wax Seal","Medical Kit","Dark Embrace"],"campfire_rested":0,"item_purchase_floors":[3,28,38,38,38],"current_hp_per_floor":[80,85,85,85,90,90,95,95,95,95,95,95,95,105,105,105,105,110,117,117,117,117,117,117,117,117,117,117,117,122,123,123,123,123,123,123,113,133,147,147,147,147,147,147,147,147,147,154,154,154,153,154,154,154,154,159],"gold":64,"neow_bonus":"BOSS_RELIC","is_daily":false,"chose_seed":false,"campfire_upgraded":9,"win_rate":0.0,"timestamp":1608881914,"path_taken":["M","M","$","M","M","E","M","R","T","M","?","M","R","E","R","BOSS","M","M","?","?","M","E","R","?","T","M","$","R","?","M","R","BOSS","M","?","?","$","M","R","E","M","T","E","M","R","E","M","R","BOSS","BOSS","R","$","E","BOSS"],"items_purchased_type":["Relic","Relic","Relic","Relic","Card"],"build_version":"2020-12-22","purchased_purges":1,"victory":true,"max_hp_per_floor":[80,85,85,85,90,90,95,95,95,95,95,95,95,105,105,105,105,110,117,117,117,117,117,117,117,117,117,117,117,123,123,123,123,123,123,123,123,147,147,147,147,147,147,147,147,147,147,154,154,154,154,154,154,154,154,159],"relic_stats":{"Darkstone Periapt":30,"Dream Catcher":0,"counters":[32,83],"Turnip":[23],"Pen Nib":[1],"Medical Kit":[0],"obtain_stats":[{"Darkstone Periapt":14,"ReplayTheSpireMod:Ring of Exchange":30,"AT_ATBox":0,"DaveBox":0,"Bottled Tornado":44,"Ancient Tea Set":47,"Burning Blood":0,"Pet Ghost":6,"Dream Catcher":41,"Red Mask":25,"Replay:Wax Seal":38,"InkBottle":9,"Red Skull":23,"testmod-TestBox":0,"Guide Book":28,"Pen Nib":55,"Medical Kit":38,"testmod-GiftOfSatan":0,"SynthV:TestCard":1,"Transparent":0,"Ring of Misfortune":30,"Orrery":3,"Turnip":26,"CatCart":36,"Abe\u0027s Treasure":0},{"Darkstone Periapt":9,"ReplayTheSpireMod:Ring of Exchange":17,"AT_ATBox":0,"DaveBox":0,"Bottled Tornado":25,"Ancient Tea Set":27,"Burning Blood":0,"Pet Ghost":5,"Dream Catcher":23,"Red Mask":16,"Replay:Wax Seal":21,"InkBottle":6,"Red Skull":15,"testmod-TestBox":0,"Guide Book":17,"Pen Nib":31,"Medical Kit":21,"testmod-GiftOfSatan":0,"SynthV:TestCard":1,"Transparent":0,"Ring of Misfortune":17,"Orrery":2,"Turnip":16,"CatCart":21,"Abe\u0027s Treasure":0},{"Darkstone Periapt":17,"ReplayTheSpireMod:Ring of Exchange":36,"AT_ATBox":0,"DaveBox":0,"Bottled Tornado":60,"Ancient Tea Set":66,"Burning Blood":0,"Pet Ghost":9,"Dream Catcher":52,"Red Mask":34,"Replay:Wax Seal":48,"InkBottle":11,"Red Skull":33,"testmod-TestBox":0,"Guide Book":36,"Pen Nib":77,"Medical Kit":48,"testmod-GiftOfSatan":0,"SynthV:TestCard":1,"Transparent":0,"Ring of Misfortune":36,"Orrery":3,"Turnip":34,"CatCart":48,"Abe\u0027s Treasure":0}],"InkBottle":[49]},"card_choices":[{"not_picked":["Warcry","Havoc"],"picked":"AT_CaressingTears","floor":1},{"not_picked":["Flex","Cleave","Flame Barrier","Clothesline"],"picked":"Pommel Strike","floor":2},{"not_picked":["Armaments","AT_IchimonjiDouble","Pummel","Warcry"],"picked":"Burning Pact","floor":3},{"not_picked":["Clothesline","Perfected Strike","Iron Wave","Eclipse"],"picked":"Whirlwind","floor":3},{"not_picked":["Hemokinesis","Armaments","True Grit","MostiFishMod:#F4004"],"picked":"AT_Dispersion","floor":3},{"not_picked":["Sword Boomerang","True Grit","Blood for Blood","Havoc"],"picked":"AT_IchimonjiDouble","floor":3},{"not_picked":["ReplayReversal","Headbutt","Clothesline","Pommel Strike","Clash"],"picked":"SKIP","floor":4},{"not_picked":["MostiFishMod:PerfectStrikeMKII","Shrug It Off","Havoc","Anger"],"picked":"AT_ShrugMaster","floor":5},{"not_picked":["Pommel Strike","ReplayTheSpireMod:LeadingStrike","Searing Blow","Perfected Strike","Abandon"],"picked":"SKIP","floor":6},{"not_picked":["AT_IchimonjiDouble","Perfected Strike","Anger","Shrug It Off"],"picked":"MostiFishMod:TemporaryOutbreak","floor":7},{"not_picked":["AT_ManFootWork","Cleave","Sever Soul","Anger"],"picked":"True Grit","floor":10},{"not_picked":["Pommel Strike","Cleave","Run Through","Clothesline"],"picked":"Shockwave","floor":12},{"not_picked":["Twin Strike","Wild Strike","Carnage","Thunderclap"],"picked":"Seeing Red","floor":14},{"not_picked":["Berserk","Limit Break","Replay:Many Hands","Fiend Fire"],"picked":"MostiFishMod:FlyOverUtopia","floor":16},{"not_picked":["Run Through","Iron Wave","ReplayTheSpireMod:Limb From Limb","True Grit"],"picked":"Armaments+1","floor":18},{"not_picked":["Heavy Blade+1","Body Slam","Uppercut+1","Iron Wave+1","Run Through"],"picked":"SKIP","floor":19},{"not_picked":["Thunderclap","ReplayTheSpireMod:Stacked","Blood for Blood","Havoc"],"picked":"Spot Weakness+1","floor":21},{"not_picked":["Sever Soul","ReplayTheSpireMod:Strike From Hell+1","Run Through","Entrench"],"picked":"Inflame","floor":22},{"not_picked":["Perfected Strike","Warcry","Carnage","Headbutt","Armaments"],"picked":"SKIP","floor":23},{"not_picked":["Body Slam","Dual Wield","conspire:ExplosiveBarrier","Anger"],"picked":"conspire:Purge","floor":25},{"not_picked":["ReplayReversal+1","Reckless Charge","AT_CaressingTears","Infernal Blade"],"picked":"AT_DrawKnifeCut+1","floor":27},{"not_picked":["AT_IchimonjiDouble+1","Thunderclap+1","Seeing Red+1","Run Through+1","Ghostly Armor+1"],"picked":"SKIP","floor":31},{"not_picked":["Limit Break","Juggernaut","Bludgeon","conspire:HitWhereItHurts"],"picked":"MostiFishMod:HellRitual","floor":33},{"not_picked":["Replay:Undeath\u0027s Touch","Life Link+1","Headbutt","Body Slam+1"],"picked":"Disarm","floor":35},{"not_picked":["Thunderclap","Perfected Strike+1","Flex","Rampage"],"picked":"Feel No Pain+1","floor":36},{"not_picked":["Dramatic Entrance","Discovery","Flash of Steel","testmod-BloodShelter"],"picked":"testmod-PainDetonator","floor":37},{"not_picked":["Dark Shackles","testmod-AssimilatedRune","Forethought","Madness"],"picked":"testmod-Librarian","floor":37},{"not_picked":["testmod-RabbitOfFibonacci","testmod-ComboMaster","ReplayTheSpireMod:Trickstab","testmod-PulseDistributor"],"picked":"testmod-BloodShelter","floor":37},{"not_picked":["Combust","Infernal Blade+1","Rage+1","Havoc+1"],"picked":"Bloodletting","floor":39},{"not_picked":["Hemokinesis+1","Clothesline+1","Body Slam","MostiFishMod:Chiaki"],"picked":"MostiFishMod:#F4004+1","floor":41},{"not_picked":["ReplayTheSpireMod:Strike From Hell+1","Massacre","Searing Blow","Sword Boomerang+1","Rampage+1"],"picked":"SKIP","floor":42},{"not_picked":["AT_IchimonjiDouble","Headbutt+1","ReplayTheSpireMod:Limb From Limb","Power Through+1"],"picked":"AT_BodySlamDance+1","floor":44},{"not_picked":["Clothesline","Sword Boomerang","Iron Wave","AT_IchimonjiDouble+1","Anger+1"],"picked":"SKIP","floor":45},{"not_picked":["ReplayTheSpireMod:Stacked+1","ReplayTheSpireMod:Strike From Hell+1","Wild Strike+1","Whirlwind+1","Rage+1"],"picked":"SKIP","floor":47},{"not_picked":["ReplayTheSpireMod:LeadingStrike+1","Headbutt+1","Clash+1","AT_DrawKnifeCut+1"],"picked":"AT_DiedThrough","floor":48},{"not_picked":["Evolve","Pommel Strike","Body Slam+1","Flame Barrier+1"],"picked":"Rupture+1","floor":55}],"player_experience":327261,"relics_obtained":[{"floor":1,"key":"SynthV:TestCard"},{"floor":6,"key":"Pet Ghost"},{"floor":9,"key":"InkBottle"},{"floor":14,"key":"Darkstone Periapt"},{"floor":23,"key":"Red Skull"},{"floor":25,"key":"Red Mask"},{"floor":26,"key":"Turnip"},{"floor":30,"key":"ReplayTheSpireMod:Ring of Exchange"},{"floor":30,"key":"Ring of Misfortune"},{"floor":36,"key":"CatCart"},{"floor":41,"key":"Dream Catcher"},{"floor":44,"key":"Bottled Tornado"},{"floor":47,"key":"Ancient Tea Set"},{"floor":55,"key":"Pen Nib"}],"event_choices":[{"cards_removed":["Strike_R"],"damage_healed":0,"gold_gain":0,"player_choice":"Upgrade and Remove","damage_taken":0,"max_hp_gain":0,"max_hp_loss":0,"event_name":"Designer","floor":20,"gold_loss":110,"cards_upgraded":["Defend_R"]},{"damage_healed":0,"gold_gain":0,"player_choice":"Fought Bandits","damage_taken":0,"max_hp_gain":0,"max_hp_loss":0,"event_name":"Masked Bandits","floor":25,"gold_loss":0},{"damage_healed":0,"gold_gain":0,"player_choice":"Fight","damage_taken":0,"max_hp_gain":0,"max_hp_loss":0,"event_name":"OrinTheCat","floor":36,"gold_loss":0},{"damage_healed":0,"gold_gain":0,"player_choice":"Memory 3","damage_taken":10,"max_hp_gain":0,"max_hp_loss":0,"event_name":"SensoryStone","floor":37,"gold_loss":0}],"is_beta":false,"boss_relics":[{"not_picked":["VoidEssence"],"picked":"Scatterbrain"},{"not_picked":["VoidEssence"],"picked":"Scatterbrain"},{"not_picked":["Accursed"],"picked":"Scatterbrain"},{"not_picked":["Accursed"],"picked":"Scatterbrain"}],"items_purged_floors":[38],"is_endless":false,"potions_floor_spawned":[2,4,5,21,23,25,31,33,36,42,47,55],"ascension_level":0}}