{"host":"nwjx7hbomubpmo86","time":1608926797,"event":{"mods":["AchievementEnabler","BaseMod","Better Note","Better Third Choice","Downfall","Hermit","Hubris","Minty Spire (QoL Compilation)","Replay The Spire","StSLib","The Blackbeard","The Necromancer","slay the spire mod where everything is the same but ironclad has a cowboy hat"],"gold_per_floor":[112,112,62,81,34,66,66,85,158,108,140,156,175,188,188,292,292,311,311,284,14,25,26,26,43,43,318,337,337,337,298,298,403,403,419,419,419,438,37,37,37,37,37,37,37,71,188,200,200,215],"floor_reached":51,"playtime":2001,"items_purged":[],"score":757,"play_id":"b0e4bc5f-eba6-4172-9f3d-8648292677f0","local_time":"20201225210637","is_ascension_mode":false,"campfire_choices":[{"data":"blackbeard:Cutlass","floor":7.0,"key":"SMITH"},{"floor":15.0,"key":"REST"},{"data":"blackbeard:InfiniteBarrage","floor":24,"key":"SMITH"},{"data":"blackbeard:Sword","floor":29,"key":"SMITH"},{"data":"blackbeard:Rum","floor":32,"key":"SMITH"},{"data":"blackbeard:Parrot","floor":40,"key":"SMITH"},{"data":"blackbeard:CatONineTails","floor":42,"key":"SMITH"},{"data":"blackbeard:CannonballSupply","floor":49,"key":"SMITH"}],"circlet_count":0,"master_deck":["blackbeard:IntimidatingStrike","blackbeard:BlackbeardDefend","blackbeard:BlackbeardDefend","blackbeard:BlackbeardDefend","blackbeard:Cutlass+1","blackbeard:UndeadForm","blackbeard:FishingNets","blackbeard:Rum+1","blackbeard:GoldenDefense","blackbeard:RearmingStrike","blackbeard:CatONineTails+1","blackbeard:GoldenDefense","blackbeard:WeaponProficiency+1","blackbeard:FieryDefense","blackbeard:Fencing","blackbeard:GoldenGuillotine+1","blackbeard:Toast","blackbeard:Toast+1","blackbeard:InfiniteBarrage+1","blackbeard:GoldenCannonball+1","blackbeard:PowderKeg","blackbeard:DangerousBlow+1","blackbeard:Sword+1","blackbeard:FieryDefense","blackbeard:FieryDefense+1","blackbeard:CloakAndCannonball","blackbeard:Fencing","blackbeard:Parrot+1","blackbeard:Fencing+1","blackbeard:FishingNets+1","blackbeard:Spear+1","CurseOfTheBell","blackbeard:BeatUp+1","Writhe","blackbeard:RearmingStrike+1","blackbeard:BrownPants+1","blackbeard:RearmingStrike+1","Shame","blackbeard:CannonballSupply+1","blackbeard:DoubleBottom+1","blackbeard:GoldenStrike+1"],"relics":["blackbeard:LoadTheCannons","hubris:Icosahedron","blackbeard:Spearhead","Molten Egg 2","blackbeard:HipFlask","hubris:RunicObelisk","Eternal Feather","Toy Ornithopter","Replay:Grab Bag","Cursed Key","hubris:TerracottaHorce","Astrolabe","Calling Bell","Happy Flower","Snack Pack","hubris:GlazedTorus","blackbeard:MagicalCauldron","Golden Egg","Onion Ring","Orichalcum"],"acts_visited":["TheCity","TheBeyond"],"potions_floor_usage":[33,38,47,48,50],"damage_taken":[{"damage":4.0,"enemies":"Cultist","floor":1.0,"turns":4.0},{"damage":0.0,"enemies":"Small Slimes","floor":4.0,"turns":3.0},{"damage":29.0,"enemies":"Lagavulin","floor":6.0,"turns":8.0},{"damage":1.0,"enemies":"2 Louse","floor":8.0,"turns":3.0},{"damage":24.0,"enemies":"3 Sentries","floor":11.0,"turns":7.0},{"damage":15.0,"enemies":"Exordium Wildlife","floor":12.0,"turns":5.0},{"damage":0.0,"enemies":"2 Fungi Beasts","floor":13.0,"turns":4.0},{"damage":4.0,"enemies":"Blue Slaver","floor":14.0,"turns":4.0},{"damage":4.0,"enemies":"Hexaghost","floor":16.0,"turns":9.0},{"damage":11.0,"enemies":"Chosen","floor":18.0,"turns":4.0},{"damage":24.0,"enemies":"2 Thieves","floor":20.0,"turns":5.0},{"damage":4,"enemies":"Snake Plant","floor":22,"turns":3},{"damage":7,"enemies":"Replay:Snechameleon","floor":23,"turns":4},{"damage":0,"enemies":"3 Cultists","floor":25,"turns":4},{"damage":14,"enemies":"Sentry and Sphere","floor":28,"turns":4},{"damage":8,"enemies":"Snake Plant","floor":31,"turns":5},{"damage":65,"enemies":"hubris:MusketHawk","floor":33,"turns":8},{"damage":21,"enemies":"Orb Walker","floor":35,"turns":4},{"damage":15,"enemies":"3 Shapes","floor":38,"turns":4},{"damage":33,"enemies":"Reptomancer","floor":46,"turns":6},{"damage":16,"enemies":"Spire Growth","floor":47,"turns":3},{"damage":4,"enemies":"3 Darklings","floor":48,"turns":3},{"damage":49,"enemies":"Time Eater","floor":50,"turns":8}],"seed_played":"8187690810216769836","potions_obtained":[{"floor":1.0,"key":"SpeedPotion"},{"floor":6.0,"key":"SpeedPotion"},{"floor":8.0,"key":"Flashbang"},{"floor":12.0,"key":"AttackPotion"},{"floor":13.0,"key":"blackbeard:OrangeJuicePotion"},{"floor":18.0,"key":"Strength Potion"},{"floor":23,"key":"CultistPotion"},{"floor":31,"key":"Fire Potion"},{"floor":33,"key":"BlessingOfTheForge"},{"floor":38,"key":"Regen Potion"},{"floor":48,"key":"Slimebound:ThreeZeroPotion"}],"is_trial":false,"path_per_floor":["M","?","?","M","$","E","R","M","T","?","E","M","M","M","R","B",null,"M","?","M","$","M","E","R","M","T","?","M","R","?","M","R","B",null,"M","?","?","M","$","R","$","R","T","?","$","E","M","M","R","B",null],"character_chosen":"BLACKBEARD_CLASS","items_purchased":["blackbeard:GoldenDefense","blackbeard:InfiniteBarrage","blackbeard:GoldenCannonball+1","blackbeard:PowderKeg","blackbeard:DangerousBlow+1","blackbeard:MagicalCauldron","blackbeard:BrownPants+1","blackbeard:RearmingStrike+1","Golden Egg"],"campfire_rested":1,"item_purchase_floors":[5,21,21,21,21,39,39,39,41],"current_hp_per_floor":[71,71,71,71,71,42,42,41,41,41,17,2,2,6,28,24,75,64,64,40,40,36,29,44,44,44,44,61,75,75,67,75,10,59,40,59,59,49,49,70,54,75,75,75,75,44,44,47,71,32],"gold":215,"neow_bonus":"TRANSFORM_CARD","is_daily":false,"chose_seed":false,"campfire_upgraded":7,"win_rate":0.0,"timestamp":1608926797,"path_taken":["M","?","?","M","$","E","R","M","T","?","E","M","?","M","R","BOSS","M","?","M","$","M","E","R","M","T","?","M","R","?","M","R","BOSS","M","?","?","?","$","R","?","R","T","?","$","E","M","M","R","BOSS"],"items_purchased_type":["Card","Card","Card","Card","Card","Relic","Card","Card","Relic"],"build_version":"2020-12-22","purchased_purges":0,"victory":true,"max_hp_per_floor":[75,75,75,75,75,75,75,75,75,75,75,75,75,75,75,75,75,75,75,75,75,75,75,75,75,75,75,75,75,75,75,75,75,75,75,75,75,75,75,75,75,75,75,75,75,75,75,75,75,75],"card_choices":[{"not_picked":["blackbeard:Upgrade","blackbeard:Sharpening"],"picked":"blackbeard:FishingNets","floor":1.0},{"not_picked":["blackbeard:BeatUp","blackbeard:SwordDance"],"picked":"blackbeard:Rum","floor":4.0},{"not_picked":["blackbeard:VengefulSpirit","blackbeard:TacticalRetreat"],"picked":"blackbeard:RearmingStrike","floor":6.0},{"not_picked":["blackbeard:Dagger","blackbeard:CloakAndCannonball"],"picked":"blackbeard:CatONineTails","floor":8.0},{"not_picked":["blackbeard:HumongousCannonball+1","blackbeard:PirateHook+1"],"picked":"blackbeard:WeaponProficiency","floor":11.0},{"not_picked":["blackbeard:CannonBarrage","blackbeard:Spear"],"picked":"blackbeard:FieryDefense","floor":12.0},{"not_picked":["blackbeard:Shrapnel+1","blackbeard:CaptainsCabin"],"picked":"blackbeard:SwordDance","floor":13.0},{"not_picked":["blackbeard:ChaoticDefense","blackbeard:JollyRoger"],"picked":"blackbeard:Fencing","floor":14.0},{"not_picked":["blackbeard:Intoxication","blackbeard:PirateStrength"],"picked":"blackbeard:GoldenGuillotine+1","floor":16.0},{"not_picked":["blackbeard:Boarding+1","blackbeard:WiseDefense"],"picked":"blackbeard:Toast","floor":18.0},{"not_picked":["blackbeard:Dagger","blackbeard:PowderKeg"],"picked":"blackbeard:Toast+1","floor":20.0},{"not_picked":["blackbeard:WiseDefense+1","blackbeard:BlindAttacks+1"],"picked":"blackbeard:Sword","floor":22},{"not_picked":["blackbeard:DeadlyArsenal","blackbeard:GoldenGuillotine+1"],"picked":"blackbeard:FieryDefense","floor":23},{"not_picked":["blackbeard:SwordDance","blackbeard:CloakAndCannonball"],"picked":"blackbeard:FieryDefense+1","floor":25},{"not_picked":["blackbeard:WiseDefense","blackbeard:BeatUp+1"],"picked":"blackbeard:CloakAndCannonball","floor":28},{"not_picked":["blackbeard:Shrapnel+1","blackbeard:BountyHunter+1"],"picked":"blackbeard:Fencing","floor":31},{"not_picked":["blackbeard:CaptainsHat","blackbeard:Lifeboat"],"picked":"blackbeard:Parrot","floor":33},{"not_picked":["blackbeard:JollyRoger","blackbeard:Dagger"],"picked":"blackbeard:BeatUp+1","floor":35},{"not_picked":["blackbeard:WeaponProficiency+1","blackbeard:WiseDefense+1"],"picked":"blackbeard:RearmingStrike+1","floor":38},{"not_picked":["blackbeard:BlindAttacks+1","blackbeard:TerrorOfTheSeas+1"],"picked":"blackbeard:CannonballSupply","floor":46},{"not_picked":["blackbeard:Spear","blackbeard:SmithingHammer"],"picked":"blackbeard:DoubleBottom+1","floor":47},{"not_picked":["blackbeard:Toast","blackbeard:Spear"],"picked":"blackbeard:GoldenStrike+1","floor":48}],"player_experience":579189,"relics_obtained":[{"floor":6.0,"key":"blackbeard:Spearhead"},{"floor":9.0,"key":"Molten Egg 2"},{"floor":11.0,"key":"blackbeard:HipFlask"},{"floor":23,"key":"Eternal Feather"},{"floor":26,"key":"Toy Ornithopter"},{"floor":34,"key":"Happy Flower"},{"floor":34,"key":"Snack Pack"},{"floor":34,"key":"hubris:GlazedTorus"},{"floor":43,"key":"Onion Ring"},{"floor":46,"key":"Orichalcum"}],"event_choices":[{"cards_removed":["blackbeard:BlackbeardStrike"],"damage_healed":0.0,"max_hp_gain":0.0,"max_hp_loss":0.0,"gold_gain":0.0,"event_name":"The Cleric","player_choice":"Card Removal","floor":3.0,"gold_loss":50.0,"damage_taken":0.0},{"damage_healed":0.0,"max_hp_gain":0.0,"max_hp_loss":0.0,"gold_gain":0.0,"event_name":"blackbeard:GoldsmithEvent","player_choice":"blackbeard:GoldenDefense","floor":10.0,"gold_loss":0.0,"damage_taken":0.0,"cards_obtained":["blackbeard:GoldenDefense"]},{"damage_healed":0.0,"max_hp_gain":0.0,"max_hp_loss":0.0,"gold_gain":0.0,"event_name":"Upgrade Shrine","player_choice":"Upgraded","floor":19.0,"gold_loss":0.0,"damage_taken":0.0,"cards_upgraded":["blackbeard:WeaponProficiency"]},{"damage_healed":0,"gold_gain":275,"player_choice":"Desecrate","damage_taken":0,"max_hp_gain":0,"max_hp_loss":0,"event_name":"Golden Shrine","floor":27,"gold_loss":0,"cards_obtained":["Regret"]},{"cards_removed":["Regret"],"damage_healed":0,"gold_gain":0,"player_choice":"Removed Curses","damage_taken":0,"max_hp_gain":0,"max_hp_loss":0,"event_name":"Fountain of Cleansing","floor":30,"gold_loss":0},{"damage_healed":19,"gold_gain":0,"player_choice":"Writhe","damage_taken":0,"max_hp_gain":0,"max_hp_loss":0,"event_name":"Winding Halls","floor":36,"gold_loss":0,"cards_obtained":["Writhe"]},{"damage_healed":0,"gold_gain":0,"player_choice":"Ignored","damage_taken":0,"max_hp_gain":0,"max_hp_loss":0,"event_name":"betterThird:BetterPortal","floor":37,"gold_loss":0},{"damage_healed":0,"gold_gain":0,"player_choice":"Got Potions","damage_taken":0,"max_hp_gain":0,"max_hp_loss":0,"event_name":"Lab","floor":44,"gold_loss":0}],"is_beta":false,"boss_relics":[{"not_picked":["ReplayTheSpireMod:DimensionalGlitch","Honey Jar"],"picked":"hubris:RunicObelisk"},{"not_picked":["Black Star","Painkiller Herb"],"picked":"Replay:Grab Bag"},{"not_picked":["hubris:VirtuousBlindfold","ReplayTheSpireMod:Onyx Gauntlets"],"picked":"Cursed Key"},{"not_picked":["hubris:CrackedHourglass","Abe\u0027s Treasure"],"picked":"hubris:TerracottaHorce"},{"not_picked":["SacredBark","blackbeard:Karategi"],"picked":"Astrolabe"},{"not_picked":["Replay:Drink Me","expansioncontent:StudyCardRelic"],"picked":"Calling Bell"}],"items_purged_floors":[],"is_endless":false,"potions_floor_spawned":[1,6,8,12,13,18,23,31,33,38,46,48],"ascension_level":0}}