{"host":"od099uxc49ip1k8b","time":1608886679,"event":{"mods":["Act Like it!","BaseMod","Downfall","Gensokyo","Hermit","Highlight Path","Koishi","Marisa????????","Minty Spire (QoL Compilation)","Rare Cards Sparkle","Remilia??????","StSLib","Td1madao Mod","The Administrix","The Animator","The Cursed","The Gatherer","The Servant 0.9.4","The Wild Card","Waifu the Spire","WarShipGirlsR/????R mod","Yuyuko"],"gold_per_floor":[111,128,139,239,250,250,270,283,335,335,78,78,113,124,124,225,225,235,247,247,262,262,296,296,296,296,296,149,161,177,196,196,196,196],"floor_reached":33,"playtime":2993,"items_purged":[],"score":321,"play_id":"6afb33c2-a8aa-42fa-8227-ba47e4dcf64d","local_time":"20201225035759","is_ascension_mode":false,"campfire_choices":[{"data":"rmod:salvage","floor":6,"key":"SMITH"},{"data":"rmod:diamondstrike","floor":10,"key":"SMITH"},{"data":"rmod:maingunfire","floor":12,"key":"SMITH"},{"floor":15,"key":"REST"},{"floor":24,"key":"REST"},{"floor":27,"key":"REST"},{"floor":32,"key":"REST"}],"circlet_count":0,"master_deck":["rmod:strick+1","rmod:strick+1","rmod:strick+1","rmod:strick+1","rmod:defend+1","rmod:defend+1","rmod:defend+1","rmod:defend+1","rmod:basicallowance+1","rmod:maingunfire+1","rmod:diamondstrike+1","rmod:sl","rmod:salvage+1","rmod:fletcherpendant+1","rmod:aggressivemary","rmod:fletcherpendant","rmod:selfconfidence","rmod:supportaircraftcarrier","expansioncontent:QuickStudy+1","rmod:smokecover","rmod:fuelsupply","rmod:stealaluminum","rmod:lonelyqueen","rmod:firesupport","rmod:ammunitionsupply+1","rmod:fletcherpendant+1","rmod:ammunitionsupply","rmod:fletcherpendant+1","rmod:generalist","rmod:ring+1","rmod:chargemoney"],"relics":["Strawberry","War Paint","rmod:mogul","Pear","Sundial","Membership Card"],"acts_visited":["Exordium","TheCity"],"potions_floor_usage":[],"damage_taken":[{"damage":0,"enemies":"Jaw Worm","floor":1,"turns":4},{"damage":0,"enemies":"Cultist","floor":2,"turns":3},{"damage":0,"enemies":"2 Louse","floor":3,"turns":2},{"damage":11,"enemies":"Large Slime","floor":5,"turns":6},{"damage":7,"enemies":"3 Louse","floor":7,"turns":5},{"damage":3,"enemies":"Lots of Slimes","floor":8,"turns":4},{"damage":2,"enemies":"Gremlin Nob","floor":13,"turns":3},{"damage":3,"enemies":"Blue Slaver","floor":14,"turns":2},{"damage":39,"enemies":"Hexaghost","floor":16,"turns":8},{"damage":12,"enemies":"Shell Parasite","floor":18,"turns":3},{"damage":0,"enemies":"Chosen","floor":19,"turns":6},{"damage":21,"enemies":"Snecko","floor":21,"turns":6},{"damage":26,"enemies":"Gremlin Leader","floor":23,"turns":6},{"damage":28,"enemies":"Shelled Parasite and Fungi","floor":29,"turns":4},{"damage":35,"enemies":"Cultist and Chosen","floor":30,"turns":6},{"damage":0,"enemies":"Snake Plant","floor":31,"turns":4},{"damage":50,"enemies":"Collector","floor":33,"turns":7}],"seed_played":"-7929828955432148227","potions_obtained":[{"floor":3,"key":"BlessingOfTheForge"},{"floor":5,"key":"LiquidBronze"},{"floor":13,"key":"Strength Potion"},{"floor":14,"key":"champ:CounterPotion"},{"floor":19,"key":"hexamod:EctoCoolerPotion"}],"is_trial":false,"path_per_floor":["M","M","M","?","M","R","M","M","T","R","$","R","E","M","R","B",null,"M","M","?","M","?","E","R","?","T","R","$","M","M","M","R","B"],"character_chosen":"PRAEFECT","items_purchased":["rmod:supportaircraftcarrier","expansioncontent:QuickStudy","Membership Card"],"campfire_rested":4,"item_purchase_floors":[11,11,28],"current_hp_per_floor":[75,75,75,75,64,64,57,54,61,61,61,61,59,56,80,41,82,70,70,54,33,33,17,46,51,51,80,80,52,17,17,46,0,0],"gold":196,"neow_bonus":"UPGRADE_CARD","is_daily":false,"chose_seed":false,"campfire_upgraded":3,"win_rate":0.0,"timestamp":1608886679,"path_taken":["M","M","M","?","M","R","M","M","T","R","?","R","E","M","R","BOSS","M","M","?","M","?","E","R","?","T","R","$","M","?","M","R","BOSS"],"items_purchased_type":["Card","Card","Relic"],"build_version":"2020-12-22","purchased_purges":0,"victory":false,"max_hp_per_floor":[75,75,75,75,75,75,75,75,82,82,82,82,82,82,82,82,82,82,82,87,87,87,97,97,97,97,97,97,97,97,97,97,97,97],"card_choices":[{"not_picked":["rmod:unsinkable","rmod:fuelsupply"],"picked":"rmod:diamondstrike","floor":1},{"not_picked":["rmod:victimresponsibility","rmod:luckystar"],"picked":"rmod:fletcherpendant","floor":2},{"not_picked":["rmod:unsinkable","rmod:victimresponsibility"],"picked":"rmod:sl","floor":3},{"not_picked":["rmod:tearstotiara","rmod:aviationdawn"],"picked":"rmod:salvage","floor":5},{"not_picked":["rmod:goodfighter","rmod:ammunitionsupply"],"picked":"rmod:aggressivemary","floor":7},{"not_picked":["rmod:ammunitionsupply","rmod:supriseattacks"],"picked":"rmod:selfconfidence","floor":8},{"not_picked":["rmod:unsinkable","rmod:luckystar"],"picked":"rmod:smokecover","floor":13},{"not_picked":["rmod:spoils","rmod:victimresponsibility"],"picked":"rmod:fuelsupply","floor":14},{"not_picked":["rmod:saltedfish","rmod:u235"],"picked":"rmod:stealaluminum","floor":16},{"not_picked":["rmod:garrisonisland","rmod:circuitoustactics+1"],"picked":"rmod:lonelyqueen","floor":18},{"not_picked":["rmod:intelligenceanalysis+1","rmod:diamondstrike"],"picked":"rmod:firesupport","floor":19},{"not_picked":["rmod:circuitoustactics+1","rmod:unsinkable+1"],"picked":"rmod:ammunitionsupply+1","floor":21},{"not_picked":["rmod:garrisonisland","rmod:launchingtorpedo"],"picked":"rmod:ammunitionsupply","floor":23},{"not_picked":["rmod:diamondstrike+1","rmod:luckystar+1"],"picked":"rmod:generalist","floor":29},{"not_picked":["rmod:lonelyqueen","rmod:aluminumsupply"],"picked":"rmod:ring+1","floor":30},{"not_picked":["rmod:punchline","rmod:diamondstrike"],"picked":"rmod:chargemoney","floor":31}],"player_experience":60290,"relics_obtained":[{"floor":9,"key":"Strawberry"},{"floor":13,"key":"War Paint"},{"floor":23,"key":"Pear"},{"floor":26,"key":"Sundial"}],"event_choices":[{"damage_healed":0,"gold_gain":100,"player_choice":"Pray","damage_taken":0,"max_hp_gain":0,"max_hp_loss":0,"event_name":"Golden Shrine","floor":4,"gold_loss":0},{"damage_healed":0,"gold_gain":0,"player_choice":"Shed Blood","damage_taken":21,"max_hp_gain":5,"max_hp_loss":0,"event_name":"Forgotten Altar","floor":20,"gold_loss":0},{"damage_healed":0,"gold_gain":0,"player_choice":"Simplicity","damage_taken":0,"max_hp_gain":0,"max_hp_loss":0,"event_name":"Back to Basics","floor":22,"gold_loss":0,"cards_upgraded":["rmod:strick","rmod:strick","rmod:strick","rmod:strick","rmod:defend","rmod:defend","rmod:defend"]},{"cards_removed":["rmod:fletcherpendant"],"damage_healed":5,"gold_gain":0,"player_choice":"Offered Common","damage_taken":0,"max_hp_gain":0,"max_hp_loss":0,"event_name":"Bonfire Elementals","floor":25,"gold_loss":0},{"cards_removed":["rmod:fletcherpendant"],"damage_healed":5,"gold_gain":0,"player_choice":"Offered Special","damage_taken":0,"max_hp_gain":0,"max_hp_loss":0,"event_name":"Bonfire Elementals","floor":25,"gold_loss":0}],"is_beta":false,"boss_relics":[{"not_picked":["rmod:monthlycard","Calling Bell"],"picked":"rmod:mogul"}],"items_purged_floors":[],"is_endless":false,"potions_floor_spawned":[3,5,13,14,16,18,19,31],"killed_by":"Collector","ascension_level":0}}