{"host":"sabve5zmqufxyc5o","time":1608907061,"event":{"mods":["2.2 Compatiblity","AchievementEnabler","Act Like it!","Arknights The Spire","BaseMod","Block Reminder","Colored Map","Colored Powertips","DeckTracker","KOR Keyword Fix","Keyboard Shortcuts","Minty Spire (QoL Compilation)","Quick Restart","Rare Cards Sparkle","Relic Stats","StSLib","SuperFastMode"],"gold_per_floor":[111,131,149,40,51,51,65,65,65,96,196,215,215,46,46,143,143,108,108,128,141,154,184,209,243,243,263,70,70,86,103,103,203,203,218,218,59,75,95,95,112,112,112,112,128,143,143,175,175,175],"floor_reached":51,"playtime":2496,"items_purged":["ats:Strike C","ats:Strike G"],"score":757,"play_id":"7217d427-63eb-457b-9b6b-2037c1a90a49","local_time":"20201225233741","is_ascension_mode":true,"campfire_choices":[{"data":"ats:Childhood Dance","floor":6.0,"key":"SMITH"},{"floor":8.0,"key":"REST"},{"data":"ats:Emotion Absorption","floor":13.0,"key":"SMITH"},{"data":"ats:Thorns","floor":15.0,"key":"SMITH"},{"data":"ats:Revitalization","floor":32.0,"key":"SMITH"},{"floor":40.0,"key":"REST"},{"floor":42.0,"key":"REST"},{"floor":44.0,"key":"REST"},{"floor":49,"key":"REST"}],"circlet_count":0,"master_deck":["ats:Strike V","ats:Armor Crushing Shot","ats:Defend","ats:Defend","ats:Defend","ats:Emotion Absorption+1","ats:Magnetic Hammer","ats:Childhood Dance+1","ats:Shell Defense","ats:Overload","ats:Revitalization+1","ats:Steam Pump+1","ats:Curse Doll+1","ats:Thorns+1","ats:Echo Reverb+1","ats:Shadow Raid+1","ats:Chain Hook","ats:Spore Proliferation+1","ats:Hammer On","ats:Blood Oath","ats:Hook Shot+1","ats:Charging Defense+1","ats:Assault Order+1","ats:Flexible Camouflage+1","ats:Disruption Kick+1","ats:Shadow Assault","ats:Shadow Raid+1","ats:Counter Healing Mode+1"],"relics":["ats:Sanity Plus","ats:Spiritual Recovery","Toxic Egg 2","ats:Originium","Gremlin Horn","Empty Cage","ats:Originium","Bottled Lightning","Red Mask","ats:Originium","Kunai","ats:Bonebreaker","ClockworkSouvenir","Gambling Chip","Akabeko"],"acts_visited":["Exordium","TheCity","TheBeyond"],"potions_floor_usage":[48,48,50],"damage_taken":[{"damage":8.0,"enemies":"Jaw Worm","floor":1.0,"turns":4.0},{"damage":1.0,"enemies":"Cultist","floor":2.0,"turns":4.0},{"damage":2.0,"enemies":"Small Slimes","floor":3.0,"turns":3.0},{"damage":0.0,"enemies":"Looter","floor":5.0,"turns":3.0},{"damage":26.0,"enemies":"Large Slime","floor":7.0,"turns":6.0},{"damage":24.0,"enemies":"Gremlin Nob","floor":10.0,"turns":5.0},{"damage":3.0,"enemies":"Lots of Slimes","floor":12.0,"turns":5.0},{"damage":52.0,"enemies":"Hexaghost","floor":16.0,"turns":17.0},{"damage":17.0,"enemies":"2 Thieves","floor":18.0,"turns":5.0},{"damage":8.0,"enemies":"Shell Parasite","floor":20.0,"turns":6.0},{"damage":10.0,"enemies":"Centurion and Healer","floor":21.0,"turns":7.0},{"damage":16.0,"enemies":"Sentry and Sphere","floor":22.0,"turns":8.0},{"damage":18.0,"enemies":"Gremlin Leader","floor":23.0,"turns":10.0},{"damage":33.0,"enemies":"Masked Bandits","floor":24.0,"turns":7.0},{"damage":35.0,"enemies":"Book of Stabbing","floor":25.0,"turns":8.0},{"damage":6.0,"enemies":"Snake Plant","floor":27.0,"turns":8.0},{"damage":0.0,"enemies":"3 Cultists","floor":30.0,"turns":7.0},{"damage":0.0,"enemies":"Centurion and Healer","floor":31.0,"turns":10.0},{"damage":15.0,"enemies":"Collector","floor":33.0,"turns":10.0},{"damage":15.0,"enemies":"Orb Walker","floor":35.0,"turns":6.0},{"damage":25.0,"enemies":"3 Darklings","floor":38.0,"turns":7.0},{"damage":42.0,"enemies":"Transient","floor":39.0,"turns":5.0},{"damage":34.0,"enemies":"Spire Growth","floor":41.0,"turns":7.0},{"damage":58.0,"enemies":"Writhing Mass","floor":45.0,"turns":10.0},{"damage":15.0,"enemies":"Jaw Worm Horde","floor":46.0,"turns":7.0},{"damage":17,"enemies":"Reptomancer","floor":48,"turns":9},{"damage":71,"enemies":"Time Eater","floor":50,"turns":25}],"seed_played":"-8662191738355080643","potions_obtained":[{"floor":3.0,"key":"ColorlessPotion"},{"floor":12.0,"key":"SpeedPotion"},{"floor":18.0,"key":"SteroidPotion"},{"floor":22.0,"key":"Ancient Potion"},{"floor":24.0,"key":"SkillPotion"},{"floor":30.0,"key":"DuplicationPotion"},{"floor":31.0,"key":"BlessingOfTheForge"},{"floor":35.0,"key":"PowerPotion"},{"floor":46.0,"key":"Swift Potion"},{"floor":48,"key":"Explosive Potion"}],"is_trial":false,"path_per_floor":["M","M","M","$","M","R","M","R","T","E","?","M","R","$","R","B",null,"M","$","M","M","M","E","?","E","T","M","$","?","M","M","R","B",null,"M","?","$","M","M","R","M","R","T","R","M","M","?","E","R","B",null],"character_chosen":"DOCTOR_CLASS","items_purchased":["ats:Overload","ats:Thorns","ClockworkSouvenir","ats:Flexible Camouflage+1","ats:Shadow Assault"],"campfire_rested":5,"item_purchase_floors":[4,14,28,28,37],"current_hp_per_floor":[64,63,61,61,61,61,38,59,59,38,38,38,38,38,38,35,72,67,67,64,64,61,54,35,15,15,26,26,26,46,68,68,72,72,72,72,72,55,21,42,17,38,38,59,21,16,16,26,46,67],"gold":175,"neow_bonus":"RANDOM_COMMON_RELIC","is_daily":false,"chose_seed":false,"campfire_upgraded":4,"win_rate":0.0,"timestamp":1608907061,"path_taken":["M","M","M","$","M","R","M","R","T","E","?","?","R","$","R","BOSS","M","$","M","M","M","E","?","E","T","M","$","?","M","M","R","BOSS","M","?","$","M","M","R","M","R","T","R","M","?","?","E","R","BOSS"],"items_purchased_type":["Card","Card","Relic","Card","Card"],"build_version":"2020-12-22","purchased_purges":2,"victory":true,"max_hp_per_floor":[72,72,72,72,72,72,72,72,72,72,72,72,72,72,72,72,72,72,72,72,72,72,72,72,72,72,72,72,72,72,72,72,72,72,72,72,72,72,72,72,72,72,72,72,72,72,68,68,68,68],"relic_stats":{"Gremlin Horn":[33,33],"counters":[27,209],"Gambling Chip":[5],"Kunai":[9],"obtain_stats":[{"ats:Spiritual Recovery":0,"ats:Sanity Plus":34,"Gremlin Horn":10,"Empty Cage":17,"Akabeko":48,"ClockworkSouvenir":28,"ats:Originium":10,"Gambling Chip":43,"Red Mask":24,"ats:Sanity":0,"Bottled Lightning":23,"Kunai":25,"Toxic Egg 2":9,"ats:Bonebreaker":26},{"ats:Spiritual Recovery":0,"ats:Sanity Plus":19,"Gremlin Horn":6,"Empty Cage":8,"Akabeko":26,"ClockworkSouvenir":16,"ats:Originium":6,"Gambling Chip":23,"Red Mask":14,"ats:Sanity":0,"Bottled Lightning":13,"Kunai":15,"Toxic Egg 2":5,"ats:Bonebreaker":15},{"ats:Spiritual Recovery":0,"ats:Sanity Plus":133,"Gremlin Horn":25,"Empty Cage":47,"Akabeko":184,"ClockworkSouvenir":106,"ats:Originium":25,"Gambling Chip":158,"Red Mask":90,"ats:Sanity":0,"Bottled Lightning":83,"Kunai":98,"Toxic Egg 2":20,"ats:Bonebreaker":98}]},"card_choices":[{"not_picked":["ats:Hammer On","ats:Sunburst"],"picked":"ats:Magnetic Hammer","floor":1.0},{"not_picked":["ats:Leaping Hammer","ats:Charging Defense"],"picked":"ats:Childhood Dance","floor":2.0},{"not_picked":["ats:Explosion Area Strengthen","ats:Collapsing Strike"],"picked":"ats:Shell Defense","floor":3.0},{"not_picked":["ats:Hammer On","ats:Assault Order"],"picked":"ats:Revitalization","floor":5.0},{"not_picked":["ats:Ignite","ats:Closed Bolt Burst Fire","ats:Consecutive Shot Auto"],"picked":"SKIP","floor":7.0},{"not_picked":["ats:Ignite","ats:Collapsing Strike"],"picked":"ats:Steam Pump+1","floor":10.0},{"not_picked":["ats:Explosion Area Strengthen","ats:Poison Spread"],"picked":"ats:Curse Doll+1","floor":12.0},{"not_picked":["ats:Roar Of Ursus","ats:Rat Pack+1"],"picked":"ats:Echo Reverb+1","floor":16.0},{"not_picked":["ats:Explosion Area Strengthen","ats:Sword Rain+1"],"picked":"ats:Shadow Raid+1","floor":18.0},{"not_picked":["ats:Apocalypse+1","ats:Flexible Camouflage+1"],"picked":"ats:Chain Hook","floor":20.0},{"not_picked":["ats:Encircling Forest+1","ats:Mental Burst"],"picked":"ats:Spore Proliferation+1","floor":21.0},{"not_picked":["ats:Ignite","ats:Beaten Up+1"],"picked":"ats:Hammer On","floor":22.0},{"not_picked":["ats:Red Shift","ats:Thermite Blade"],"picked":"ats:Blood Oath","floor":23.0},{"not_picked":["ats:Demon Strength+1","ats:Overload"],"picked":"ats:Hook Shot+1","floor":24.0},{"not_picked":["ats:Guardian Obelisk+1","ats:Soul Absorption+1"],"picked":"ats:Charging Defense+1","floor":25.0},{"not_picked":["ats:Red Shift","ats:Blood Oath"],"picked":"ats:Assault Order+1","floor":27.0},{"not_picked":["ats:Poison Spread+1","ats:Consecutive Shot Auto","ats:Support Order+1"],"picked":"SKIP","floor":30.0},{"not_picked":["ats:Revitalization+1","ats:Rapid Magazine","ats:Spore Proliferation+1"],"picked":"SKIP","floor":31.0},{"not_picked":["ats:True Silver Slash","ats:Soul Rend"],"picked":"ats:Disruption Kick","floor":33.0},{"not_picked":["ats:Closed Bolt Burst Fire+1","ats:Explosion Area Strengthen+1","ats:Soul Absorption+1"],"picked":"SKIP","floor":35.0},{"not_picked":["ats:Cat Scratch+1","ats:Defend Order+1","ats:Ignite"],"picked":"SKIP","floor":38.0},{"not_picked":["ats:Hammer On+1","ats:Flexible Camouflage+1","ats:Explosion Area Strengthen+1"],"picked":"SKIP","floor":39.0},{"not_picked":["ats:Poison Spread","ats:Shell Defense+1","ats:Curse Doll+1"],"picked":"SKIP","floor":41.0},{"not_picked":["ats:Apocalypse+1","ats:Assault Order+1"],"picked":"ats:Shadow Raid+1","floor":45.0},{"not_picked":["ats:Cat Scratch+1","ats:Apocalypse+1","ats:Encircling Forest+1"],"picked":"SKIP","floor":46.0},{"not_picked":["ats:Hammer On","ats:Roar Of Ursus"],"picked":"ats:Counter Healing Mode+1","floor":48}],"player_experience":810187,"relics_obtained":[{"floor":9.0,"key":"Toxic Egg 2"},{"floor":10.0,"key":"ats:Originium"},{"floor":10.0,"key":"Gremlin Horn"},{"floor":23.0,"key":"ats:Originium"},{"floor":23.0,"key":"Bottled Lightning"},{"floor":24.0,"key":"Red Mask"},{"floor":25.0,"key":"ats:Originium"},{"floor":25.0,"key":"Kunai"},{"floor":26.0,"key":"ats:Bonebreaker"},{"floor":43.0,"key":"Gambling Chip"},{"floor":48,"key":"Akabeko"}],"event_choices":[{"damage_healed":0.0,"max_hp_gain":0.0,"max_hp_loss":0.0,"gold_gain":100.0,"event_name":"Golden Shrine","player_choice":"Pray","floor":11.0,"gold_loss":0.0,"damage_taken":0.0},{"damage_healed":0.0,"max_hp_gain":0.0,"max_hp_loss":0.0,"gold_gain":0.0,"event_name":"Masked Bandits","player_choice":"Fought Bandits","floor":24.0,"gold_loss":0.0,"damage_taken":0.0},{"damage_healed":0.0,"max_hp_gain":0.0,"max_hp_loss":0.0,"gold_gain":0.0,"event_name":"Vampires","player_choice":"Ignored","floor":29.0,"gold_loss":0.0,"damage_taken":0.0},{"damage_healed":0.0,"max_hp_gain":0.0,"max_hp_loss":0.0,"gold_gain":0.0,"event_name":"Accursed Blacksmith","player_choice":"Forge","floor":36.0,"gold_loss":0.0,"damage_taken":0.0,"cards_upgraded":["ats:Disruption Kick"]},{"damage_healed":0.0,"max_hp_gain":0.0,"max_hp_loss":4.0,"gold_gain":0.0,"event_name":"Winding Halls","player_choice":"Max HP","floor":47.0,"gold_loss":0.0,"damage_taken":0.0}],"is_beta":false,"boss_relics":[{"not_picked":["Tiny House","Runic Pyramid"],"picked":"Empty Cage"},{"not_picked":["Philosopher\u0027s Stone","Astrolabe"],"picked":"ats:Sanity Plus"}],"items_purged_floors":[4,14],"is_endless":false,"potions_floor_spawned":[3,12,18,22,24,30,31,35,41,46,48],"ascension_level":1}}