{"host":"sc0o2qwpf9j16a4i","time":1608929683,"event":{"mods":["AchievementEnabler","BaseMod","BetterRewards","Block Reminder","Colored Map","Colored Powertips","Custom Start","Highlight Path","Minty Spire (QoL Compilation)","Relic Stats"],"gold_per_floor":[115,126,143,143,154,154,187,20,20,20,38,38,72,72,72,143,143,154,173,185,201,212,212,237,237,306,306,321,321,321,331,331,405,405,420,420,430,430,77,111,111,111,111],"floor_reached":42,"playtime":1353,"items_purged":["Strike_R"],"score":916,"play_id":"93ec631a-482f-4a8a-bb03-35c92c32c9a4","local_time":"20201225225443","is_ascension_mode":true,"campfire_choices":[{"data":"Perfected Strike","floor":6.0,"key":"SMITH"},{"floor":10.0,"key":"REST"},{"floor":12.0,"key":"REST"},{"data":"Metallicize","floor":15.0,"key":"SMITH"},{"data":"Entrench","floor":23,"key":"SMITH"},{"floor":25,"key":"REST"},{"data":"Offering","floor":30,"key":"SMITH"},{"floor":32,"key":"REST"},{"data":"Armaments","floor":41,"key":"SMITH"}],"circlet_count":0,"master_deck":["AscendersBane","Strike_R","Strike_R","Strike_R","Strike_R","Defend_R","Defend_R+1","Defend_R+1","Defend_R","Bash+1","Flame Barrier","Twin Strike","Metallicize+1","Burning Pact","Pommel Strike","Offering+1","Immolate","Entrench+1","Pommel Strike+1","Clothesline","Spot Weakness+1","Body Slam","Limit Break","Shockwave","Reaper","Dark Embrace","Juggernaut","Armaments+1"],"relics":["Burning Blood","War Paint","Lantern","Blood Vial","HornCleat","Philosopher\u0027s Stone","Bottled Lightning","Question Card","SlaversCollar","Bronze Scales","Letter Opener"],"acts_visited":["Exordium","TheCity","TheBeyond"],"potions_floor_usage":[24,33,33,40,40,40,42],"damage_taken":[{"damage":4.0,"enemies":"Jaw Worm","floor":1.0,"turns":4.0},{"damage":1.0,"enemies":"Cultist","floor":2.0,"turns":3.0},{"damage":5.0,"enemies":"2 Louse","floor":3.0,"turns":4.0},{"damage":22.0,"enemies":"Lots of Slimes","floor":5.0,"turns":6.0},{"damage":54.0,"enemies":"Gremlin Nob","floor":7.0,"turns":6.0},{"damage":8.0,"enemies":"Looter","floor":11.0,"turns":2.0},{"damage":22.0,"enemies":"Lagavulin","floor":13.0,"turns":4.0},{"damage":16.0,"enemies":"The Guardian","floor":16.0,"turns":12.0},{"damage":6.0,"enemies":"3 Byrds","floor":18.0,"turns":2.0},{"damage":6.0,"enemies":"Spheric Guardian","floor":19.0,"turns":3.0},{"damage":5,"enemies":"Centurion and Healer","floor":20,"turns":5},{"damage":11,"enemies":"Snake Plant","floor":21,"turns":3},{"damage":22,"enemies":"Shelled Parasite and Fungi","floor":22,"turns":4},{"damage":24,"enemies":"Slavers","floor":24,"turns":5},{"damage":6,"enemies":"3 Cultists","floor":28,"turns":4},{"damage":13,"enemies":"Snake Plant","floor":31,"turns":2},{"damage":15,"enemies":"Automaton","floor":33,"turns":13},{"damage":6,"enemies":"3 Shapes","floor":35,"turns":2},{"damage":6,"enemies":"Orb Walker","floor":37,"turns":4},{"damage":56,"enemies":"Nemesis","floor":40,"turns":7},{"damage":65,"enemies":"Reptomancer","floor":42,"turns":6}],"seed_played":"-816381767378660959","potions_obtained":[{"floor":1.0,"key":"BlessingOfTheForge"},{"floor":2.0,"key":"BlessingOfTheForge"},{"floor":13.0,"key":"SpeedPotion"},{"floor":14.0,"key":"DuplicationPotion"},{"floor":16.0,"key":"ColorlessPotion"},{"floor":18.0,"key":"ElixirPotion"},{"floor":24,"key":"PowerPotion"},{"floor":28,"key":"Block Potion"},{"floor":40,"key":"Fire Potion"}],"is_trial":false,"path_per_floor":["M","M","M","?","M","R","E","$","T","R","M","R","E","?","R","B",null,"M","M","M","M","M","R","E","R","T","?","M","?","R","M","R","B",null,"M","?","M","?","$","E","R","E"],"character_chosen":"IRONCLAD","items_purchased":["Lantern","Bronze Scales","EntropicBrew"],"campfire_rested":4,"item_purchase_floors":[8,39,39],"current_hp_per_floor":[70,75,75,75,59,59,11,11,11,33,33,55,41,41,41,33,65,67,69,72,69,55,55,39,61,61,40,42,42,42,37,61,54,74,80,80,80,80,80,36,36,0,0],"gold":111,"neow_bonus":"UPGRADE_CARD","is_daily":false,"chose_seed":false,"campfire_upgraded":5,"win_rate":0.0,"timestamp":1608929683,"path_taken":["M","M","M","?","?","R","E","$","T","R","M","R","E","?","R","BOSS","M","?","M","M","M","R","E","R","T","?","M","?","R","?","R","BOSS","M","?","?","?","?","E","R","E"],"items_purchased_type":["Relic","Relic","Potion"],"build_version":"2020-12-22","purchased_purges":1,"victory":false,"max_hp_per_floor":[75,75,75,75,75,75,75,75,75,75,75,75,75,75,75,75,75,75,75,75,75,75,75,75,75,75,80,80,80,80,80,80,80,80,80,80,80,80,80,80,80,80,80],"relic_stats":{"Blood Vial":28,"counters":[21,101],"Bronze Scales":[45],"Letter Opener":[40],"War Paint":["Defend_R","Defend_R"],"Question Card":6,"obtain_stats":[{"Blood Vial":9,"SlaversCollar":34,"Lantern":8,"HornCleat":13,"Bronze Scales":39,"Philosopher\u0027s Stone":17,"Bottled Lightning":24,"Letter Opener":40,"War Paint":7,"Question Card":26,"Burning Blood":0},{"Blood Vial":5,"SlaversCollar":17,"Lantern":5,"HornCleat":7,"Bronze Scales":19,"Philosopher\u0027s Stone":8,"Bottled Lightning":14,"Letter Opener":20,"War Paint":5,"Question Card":14,"Burning Blood":0},{"Blood Vial":23,"SlaversCollar":82,"Lantern":23,"HornCleat":29,"Bronze Scales":88,"Philosopher\u0027s Stone":41,"Bottled Lightning":63,"Letter Opener":95,"War Paint":23,"Question Card":63,"Burning Blood":0}],"Burning Blood":113},"card_choices":[{"not_picked":["Pummel","Cleave"],"picked":"Flame Barrier","floor":1.0},{"not_picked":["Blood for Blood","Body Slam"],"picked":"Twin Strike","floor":2.0},{"not_picked":["Anger","Twin Strike"],"picked":"Metallicize","floor":3.0},{"not_picked":["Cleave","Iron Wave"],"picked":"Perfected Strike","floor":5.0},{"not_picked":["Clash","Body Slam"],"picked":"Burning Pact","floor":7.0},{"not_picked":["Clash","Warcry"],"picked":"Pommel Strike","floor":11.0},{"not_picked":["Warcry","Burning Pact"],"picked":"Offering","floor":13.0},{"not_picked":["Corruption","Berserk"],"picked":"Immolate","floor":16.0},{"not_picked":["True Grit","Rupture"],"picked":"Entrench","floor":18.0},{"not_picked":["Dark Embrace","Hemokinesis","Wild Strike"],"picked":"SKIP","floor":19.0},{"not_picked":["Bloodletting","Twin Strike"],"picked":"Pommel Strike+1","floor":20},{"not_picked":["Blood for Blood","Sever Soul"],"picked":"Clothesline","floor":21},{"not_picked":["Metallicize","Second Wind+1","Rupture"],"picked":"SKIP","floor":22},{"not_picked":["Dropkick","Flame Barrier"],"picked":"Spot Weakness+1","floor":24},{"not_picked":["Clothesline","Pommel Strike","Sentinel"],"picked":"Body Slam","floor":28},{"not_picked":["Clothesline","Seeing Red","Wild Strike"],"picked":"Shockwave","floor":31},{"not_picked":["Demon Form","Immolate","Bludgeon"],"picked":"Reaper","floor":33},{"not_picked":["Flex","Havoc+1","Warcry"],"picked":"Dark Embrace","floor":35},{"not_picked":["Clash","Headbutt","Iron Wave+1"],"picked":"Juggernaut","floor":37},{"not_picked":["Havoc","Clash","Cleave+1"],"picked":"Armaments","floor":40}],"player_experience":364442,"relics_obtained":[{"floor":7.0,"key":"War Paint"},{"floor":9.0,"key":"Blood Vial"},{"floor":13.0,"key":"HornCleat"},{"floor":24,"key":"Bottled Lightning"},{"floor":26,"key":"Question Card"},{"floor":40,"key":"Letter Opener"}],"event_choices":[{"damage_healed":0.0,"max_hp_gain":0.0,"max_hp_loss":0.0,"gold_gain":0.0,"event_name":"Match and Keep!","player_choice":"0 cards matched","floor":4.0,"gold_loss":0.0,"damage_taken":0.0,"cards_obtained":[]},{"damage_healed":0.0,"max_hp_gain":0.0,"max_hp_loss":0.0,"gold_gain":0.0,"event_name":"Lab","player_choice":"Got Potions","floor":14.0,"gold_loss":0.0,"damage_taken":0.0},{"damage_healed":0,"gold_gain":0,"player_choice":"Shed Blood","damage_taken":26,"max_hp_gain":5,"max_hp_loss":0,"event_name":"Forgotten Altar","floor":27,"gold_loss":0},{"damage_healed":0,"gold_gain":0,"cards_transformed":["Perfected Strike"],"player_choice":"Transformed","damage_taken":0,"max_hp_gain":0,"max_hp_loss":0,"event_name":"Transmorgrifier","floor":29,"gold_loss":0,"cards_obtained":["Limit Break"]},{"damage_healed":0,"gold_gain":0,"player_choice":"Ignored","damage_taken":0,"max_hp_gain":0,"max_hp_loss":0,"event_name":"SecretPortal","floor":36,"gold_loss":0},{"damage_healed":0,"gold_gain":0,"player_choice":"Ignored","damage_taken":0,"max_hp_gain":0,"max_hp_loss":0,"event_name":"Tomb of Lord Red Mask","floor":38,"gold_loss":0}],"is_beta":false,"boss_relics":[{"not_picked":["Runic Dome","Pandora\u0027s Box"],"picked":"Philosopher\u0027s Stone"},{"not_picked":["Mark of Pain","Calling Bell"],"picked":"SlaversCollar"}],"items_purged_floors":[39],"is_endless":false,"potions_floor_spawned":[1,2,13,16,18,21,22,24,28,40],"killed_by":"Reptomancer","ascension_level":20}}