{"host":"gflyg4oztsw2ozs7","time":1608897291,"event":{"mods":["AchievementEnabler","BaseMod","DeckTracker","Minty Spire (QoL Compilation)","Permanent Neow","StSLib","SuperFastMode"],"gold_per_floor":[114,124,141,141,66,66,16,16,16,16,26,38,38,38,38,133,133,145,159,159,59,72,100,100,100,100,5,35,135,135,166,166,262,262,274,274,274,291,166,201,215,241,290,290,310,360,360,210,210,313,313,313],"floor_reached":51,"playtime":2551,"items_purged":["Regret","Riddle With Holes+1","Skewer","Deadly Poison"],"score":1024,"play_id":"34e85b6d-0660-40bc-9619-928fd9f762a1","local_time":"20201225205451","daily_mods":["Draft"],"is_ascension_mode":false,"campfire_choices":[{"data":"Backflip","floor":6,"key":"SMITH"},{"data":"Backflip","floor":8,"key":"SMITH"},{"data":"Backflip","floor":13,"key":"SMITH"},{"data":"Noxious Fumes","floor":15,"key":"SMITH"},{"data":"Noxious Fumes","floor":25,"key":"SMITH"},{"data":"Footwork","floor":32,"key":"SMITH"},{"data":"Bullet Time","floor":49,"key":"SMITH"}],"circlet_count":0,"master_deck":["Backflip+1","Prepared","Noxious Fumes+1","Deadly Poison","Deadly Poison","Backflip+1","Bane+1","Prepared","Acrobatics","Noxious Fumes+1","Bane","Backflip+1","Adrenaline","Bane+1","Blur","Footwork+1","PiercingWail","Bullet Time+1","Crippling Poison","PiercingWail","Reflex+1","Bouncing Flask"],"relics":["Ring of the Snake","StrikeDummy","Whetstone","Black Star","Pantograph","Tiny Chest","Ancient Tea Set","Anchor","Blue Candle","FossilizedHelix","Omamori","Oddly Smooth Stone","Sozu","Bottled Tornado","Lantern","Singing Bowl","Dead Branch","Blood Vial","Bird Faced Urn","The Specimen","Busted Crown"],"acts_visited":["Exordium","TheCity","TheBeyond","Exordium"],"potions_floor_usage":[],"damage_taken":[{"damage":13,"enemies":"Jaw Worm","floor":1,"turns":3},{"damage":22,"enemies":"Small Slimes","floor":2,"turns":3},{"damage":6,"enemies":"Cultist","floor":3,"turns":3},{"damage":0,"enemies":"Red Slaver","floor":11,"turns":4},{"damage":4,"enemies":"Blue Slaver","floor":12,"turns":3},{"damage":2,"enemies":"Hexaghost","floor":16,"turns":7},{"damage":2,"enemies":"Chosen","floor":18,"turns":4},{"damage":38,"enemies":"3 Byrds","floor":19,"turns":5},{"damage":16,"enemies":"Sentry and Sphere","floor":22,"turns":4},{"damage":19,"enemies":"Gremlin Leader","floor":23,"turns":6},{"damage":31,"enemies":"Slavers","floor":28,"turns":3},{"damage":36,"enemies":"Gremlin Leader","floor":31,"turns":3},{"damage":47,"enemies":"Automaton","floor":33,"turns":8},{"damage":5,"enemies":"3 Darklings","floor":35,"turns":7},{"damage":0,"enemies":"Orb Walker","floor":38,"turns":4},{"damage":0,"enemies":"Nemesis","floor":40,"turns":5},{"damage":0,"enemies":"Transient","floor":41,"turns":5},{"damage":20,"enemies":"Reptomancer","floor":42,"turns":6},{"damage":0,"enemies":"Writhing Mass","floor":45,"turns":7},{"damage":0,"enemies":"Mind Bloom Boss Battle","floor":46,"turns":1},{"damage":0,"enemies":"Time Eater","floor":50,"turns":3}],"seed_played":"4562565362370505272","potions_obtained":[{"floor":2,"key":"DuplicationPotion"},{"floor":3,"key":"PowerPotion"},{"floor":16,"key":"SkillPotion"}],"is_trial":true,"path_per_floor":["M","M","M","?","$","R","?","R","T","?","M","M","R","$","R","B",null,"M","M","?","$","M","E","?","R","T","$","E","?","T","E","R","B",null,"M","?","?","M","$","E","M","E","T","T","M","?","?","$","R","B",null],"character_chosen":"THE_SILENT","items_purchased":["Footwork","PiercingWail"],"campfire_rested":0,"item_purchase_floors":[27,27],"current_hp_per_floor":[57,35,29,29,29,29,29,29,29,29,29,25,25,25,25,23,70,68,30,30,30,14,51,51,51,51,51,70,70,70,34,34,37,70,65,65,65,65,65,65,65,47,47,47,57,74,70,70,70,72,72,72],"gold":313,"neow_bonus":"","is_daily":false,"chose_seed":false,"campfire_upgraded":7,"win_rate":0.0,"timestamp":1608897291,"path_taken":["M","M","M","?","$","R","?","R","T","?","M","?","R","?","R","BOSS","M","M","?","$","M","E","?","R","T","?","E","?","?","E","R","BOSS","M","?","?","M","?","E","M","E","T","?","?","?","?","$","R","BOSS"],"items_purchased_type":["Card","Card"],"build_version":"2020-12-22","purchased_purges":4,"victory":false,"max_hp_per_floor":[70,70,70,70,70,70,70,70,70,70,70,70,70,70,70,70,70,70,70,70,70,70,70,70,70,70,70,70,70,70,70,70,70,70,70,70,70,70,70,70,70,72,72,72,72,74,70,70,70,72,72,72],"card_choices":[{"not_picked":["Flying Knee","Underhanded Strike"],"picked":"Riddle With Holes","floor":0},{"not_picked":["Expertise","Outmaneuver"],"picked":"Backflip","floor":0},{"not_picked":["Setup","Accuracy"],"picked":"Prepared","floor":0},{"not_picked":["Flying Knee","Riddle With Holes"],"picked":"Noxious Fumes","floor":0},{"not_picked":["Quick Slash","Choke"],"picked":"Prepared","floor":0},{"not_picked":["Dodge and Roll","Dagger Spray"],"picked":"Setup","floor":0},{"not_picked":["Sucker Punch","Cloak And Dagger"],"picked":"Deadly Poison","floor":0},{"not_picked":["Reflex","Eviscerate"],"picked":"Deadly Poison","floor":0},{"not_picked":["Slice","Prepared"],"picked":"Deadly Poison","floor":0},{"not_picked":["Tactician","Prepared"],"picked":"Backflip","floor":0},{"not_picked":["Endless Agony","Poisoned Stab"],"picked":"Bane","floor":0},{"not_picked":["Cloak And Dagger","Distraction"],"picked":"Prepared","floor":0},{"not_picked":["Dagger Spray","Predator"],"picked":"Acrobatics","floor":0},{"not_picked":["Acrobatics","Terror"],"picked":"Noxious Fumes","floor":0},{"not_picked":["Well Laid Plans","Dagger Spray"],"picked":"Bane","floor":0},{"not_picked":["Infinite Blades","Endless Agony"],"picked":"Leg Sweep","floor":1},{"not_picked":["Sucker Punch","Backstab"],"picked":"Backflip","floor":2},{"not_picked":["Expertise","Caltrops","Prepared"],"picked":"SKIP","floor":3},{"not_picked":["Heel Hook","All Out Attack"],"picked":"Dagger Throw","floor":11},{"not_picked":["Tactician","Quick Slash","Underhanded Strike"],"picked":"SKIP","floor":12},{"not_picked":["Night Terror","Die Die Die"],"picked":"Adrenaline","floor":16},{"not_picked":["Flechettes","Dagger Spray+1","Endless Agony"],"picked":"SKIP","floor":18},{"not_picked":["Slice","Outmaneuver","Dagger Throw"],"picked":"SKIP","floor":19},{"not_picked":["Deadly Poison","Sucker Punch"],"picked":"Quick Slash+1","floor":22},{"not_picked":["Cloak And Dagger","Quick Slash"],"picked":"Bane+1","floor":23},{"not_picked":["Bane","Dagger Spray","Blade Dance"],"picked":"SKIP","floor":28},{"not_picked":["Finisher","Slice","Doppelganger"],"picked":"SKIP","floor":31},{"not_picked":["Venomology","Phantasmal Killer"],"picked":"Bullet Time","floor":33},{"not_picked":["Distraction+1","Choke+1"],"picked":"Crippling Poison","floor":35},{"not_picked":["Tactician","Quick Slash+1"],"picked":"PiercingWail","floor":38},{"not_picked":["Dagger Spray","Eviscerate"],"picked":"Reflex+1","floor":40},{"not_picked":["Deflect","Deadly Poison","Dagger Throw+1"],"picked":"SKIP","floor":41},{"not_picked":["Dagger Spray+1","Outmaneuver","Grand Finale"],"picked":"Singing Bowl","floor":42},{"not_picked":["Acrobatics+1","Noxious Fumes"],"picked":"Bouncing Flask","floor":45},{"not_picked":["Sucker Punch+1","Blade Dance","Quick Slash+1"],"picked":"Singing Bowl","floor":46},{"not_picked":["Envenom","Phantasmal Killer","Grand Finale"],"picked":"Singing Bowl","floor":50}],"player_experience":85930,"relics_obtained":[{"floor":9,"key":"Whetstone"},{"floor":23,"key":"Pantograph"},{"floor":23,"key":"Tiny Chest"},{"floor":26,"key":"Ancient Tea Set"},{"floor":28,"key":"Anchor"},{"floor":28,"key":"Blue Candle"},{"floor":30,"key":"FossilizedHelix"},{"floor":31,"key":"Omamori"},{"floor":31,"key":"Oddly Smooth Stone"},{"floor":40,"key":"Bottled Tornado"},{"floor":40,"key":"Lantern"},{"floor":42,"key":"Singing Bowl"},{"floor":42,"key":"Dead Branch"},{"floor":43,"key":"Blood Vial"},{"floor":44,"key":"Bird Faced Urn"},{"floor":46,"key":"The Specimen"}],"event_choices":[{"damage_healed":0,"gold_gain":0,"player_choice":"Box","damage_taken":0,"relics_obtained":["StrikeDummy"],"max_hp_gain":0,"max_hp_loss":0,"event_name":"Big Fish","floor":4,"gold_loss":0,"cards_obtained":["Regret"]},{"cards_removed":["Setup"],"damage_healed":0,"gold_gain":0,"player_choice":"Card Removal","damage_taken":0,"max_hp_gain":0,"max_hp_loss":0,"event_name":"The Cleric","floor":7,"gold_loss":50},{"cards_removed":["Prepared"],"damage_healed":0,"gold_gain":0,"player_choice":"Purged","damage_taken":0,"max_hp_gain":0,"max_hp_loss":0,"event_name":"Purifier","floor":10,"gold_loss":0},{"damage_healed":0,"gold_gain":0,"player_choice":"Ignored","damage_taken":0,"max_hp_gain":0,"max_hp_loss":0,"event_name":"Ghosts","floor":20,"gold_loss":0},{"damage_healed":0,"gold_gain":0,"cards_transformed":["Leg Sweep","Dagger Throw"],"player_choice":"Became Test Subject","damage_taken":0,"max_hp_gain":0,"max_hp_loss":0,"event_name":"Drug Dealer","floor":24,"gold_loss":0,"cards_obtained":["Blur","Skewer"]},{"damage_healed":0,"gold_gain":0,"player_choice":"Ignored","damage_taken":0,"max_hp_gain":0,"max_hp_loss":0,"event_name":"Tomb of Lord Red Mask","floor":36,"gold_loss":0},{"damage_healed":0,"gold_gain":0,"player_choice":"Memory 1","damage_taken":0,"max_hp_gain":0,"max_hp_loss":0,"event_name":"SensoryStone","floor":37,"gold_loss":0},{"damage_healed":0,"gold_gain":0,"player_choice":"Fight","damage_taken":0,"max_hp_gain":0,"max_hp_loss":0,"event_name":"MindBloom","floor":46,"gold_loss":0},{"damage_healed":0,"gold_gain":0,"player_choice":"Max HP","damage_taken":0,"max_hp_gain":0,"max_hp_loss":4,"event_name":"Winding Halls","floor":47,"gold_loss":0}],"is_beta":false,"boss_relics":[{"not_picked":["Astrolabe","Philosopher\u0027s Stone"],"picked":"Black Star"},{"not_picked":["HoveringKite","Empty Cage"],"picked":"Sozu"},{"not_picked":["Runic Dome","Tiny House"],"picked":"Busted Crown"}],"items_purged_floors":[5,21,39,48],"is_endless":true,"potions_floor_spawned":[2,3,16,23,31,33,38,42,45],"ascension_level":0}}