{"host":"pe0zhl1vvtkxuc0p","time":1608911213,"event":{"mods":["A Magickal Journey","AchievementEnabler","Aspiration","Astrologer","Bard","BaseMod","Card Forge","CatGirl Mod","Challenge The Spire","Chen","Colored Powertips","Conspire","Curses Come First","GifTheSpireLib","Glutton Mod","Gremlin Mod","Hubris","Hunter 猎人","Infinite Spire","KinomotoSakuraMod(木之本樱)","LagranYue(拉格朗・月)","Luminous","Marisa（F雨　魔理沙）","Minty Spire (QoL Compilation)","Quick Restart","Relic Filter","Remilia（蕾米莉亚）","Replay The Spire","Shop Mod","Spikes Relics","StSLib","Stuff the Spire","SuperFastMode","Td1madao Mod","TestMod","The Blackbeard","The Bug Knight","The Clintock","The Cursed","The Death Knight","The Dragon Tamer","The Druid","The Factory","The Florist","The Hayseed","The Hierophant","The Jungle","The Mystic","The Necromancer","The Sage","残留之物"],"gold_per_floor":[116,116,116,140,140,181,200,200,224,224,267,288,88,88,88],"floor_reached":14,"playtime":762,"items_purged":["Pain"],"score":129,"play_id":"53404854-79ba-4adc-ad11-0127bce70978","local_time":"20201225234653","is_ascension_mode":true,"campfire_choices":[],"circlet_count":0,"master_deck":["Strike_P","Strike_P","Strike_P","Strike_P","Defend_P","Defend_P","Defend_P","Defend_P","Eruption","Vigilance","Consecrate","Injury","Vengeance","Replay:DivineShield","Madness+1","Halt","Perseverance"],"relics":["PureWater","Hammer of Thor","Seething Fire","Anvil of the Gods","testmod-TestBox","LagranYue:RandomDrawCardRelic","NeowsBlessing","Molten Egg 2","Golden Idol","WarpedTongs","Smiling Mask","Frozen Egg 2","testmod-LifeArmor"],"acts_visited":["Exordium"],"potions_floor_usage":[],"damage_taken":[{"damage":0.0,"enemies":"Jaw Worm","floor":1.0,"turns":1.0},{"damage":0.0,"enemies":"Small Slimes","floor":4.0,"turns":1.0},{"damage":0.0,"enemies":"Lagavulin","floor":6.0,"turns":1.0},{"damage":0.0,"enemies":"2 Louse","floor":7.0,"turns":2.0},{"damage":39,"enemies":"HollowMod:MossKnight","floor":11,"turns":8},{"damage":11,"enemies":"Red Slaver","floor":12,"turns":4},{"damage":0,"enemies":"3 Sentries","floor":14,"turns":1}],"seed_played":"-3931366203864613022","potions_obtained":[{"floor":11,"key":"FearPotion"},{"floor":12,"key":"ColorlessPotion"}],"is_trial":false,"path_per_floor":["M","?","?","M","?","E","M","?","T","?","E","M","$","E"],"character_chosen":"WATCHER","items_purchased":["testmod-LifeArmor"],"campfire_rested":0,"item_purchase_floors":[13],"current_hp_per_floor":[72,72,54,54,54,54,54,54,54,59,20,9,9,9,9],"gold":88,"neow_bonus":"THREE_ENEMY_KILL","is_daily":false,"chose_seed":false,"campfire_upgraded":0,"win_rate":0.0,"timestamp":1608911213,"path_taken":["M","?","?","M","?","E","?","?","T","E","E","M","?","E"],"items_purchased_type":["Relic"],"build_version":"2020-12-22","purchased_purges":1,"victory":false,"max_hp_per_floor":[72,72,72,72,72,72,72,72,72,77,77,77,77,77,77],"card_choices":[{"not_picked":["Halt","Replay:BluntJabs"],"picked":"Consecrate","floor":1.0},{"not_picked":["ThirdEye","Evaluate"],"picked":"Vengeance","floor":4.0},{"not_picked":["Replay:Cycle","DeceiveReality"],"picked":"Replay:DivineShield","floor":6.0},{"not_picked":["SignatureMove+1","Wireheading","Consecrate+1"],"picked":"SKIP","floor":7.0},{"not_picked":["Evaluate","Protect"],"picked":"Halt","floor":11},{"not_picked":["Replay:Anticipation","ThirdEye"],"picked":"Perseverance","floor":12}],"player_experience":552503,"relics_obtained":[{"floor":6.0,"key":"Smiling Mask"},{"floor":11,"key":"Frozen Egg 2"}],"event_choices":[{"damage_healed":0.0,"max_hp_gain":0.0,"max_hp_loss":0.0,"gold_gain":0.0,"event_name":"Golden Idol","player_choice":"Take Damage","floor":3.0,"gold_loss":0.0,"damage_taken":18.0,"relics_obtained":["Golden Idol"]},{"damage_healed":0.0,"max_hp_gain":0.0,"max_hp_loss":0.0,"gold_gain":0.0,"event_name":"Accursed Blacksmith","player_choice":"Rummage","floor":5.0,"gold_loss":0.0,"damage_taken":0.0,"relics_obtained":["WarpedTongs"],"cards_obtained":["Pain"]},{"damage_healed":0,"gold_gain":0,"player_choice":"Donut","damage_taken":0,"max_hp_gain":5,"max_hp_loss":0,"event_name":"Big Fish","floor":10,"gold_loss":0}],"is_beta":false,"boss_relics":[],"items_purged_floors":[13],"is_endless":false,"potions_floor_spawned":[11,12],"killed_by":"3 Sentries","ascension_level":1}}