{"host":"qjr2x8lg4bxz99yh","time":1608928414,"event":{"mods":["Act Like it!","BaseMod","Colored Powertips","Downfall","Friendly Minions","Hallownest","Hermit","Minty Spire (QoL Compilation)","Replay The Spire","StSLib","The Bug Knight","The Cursed","The Disciple","The Hierophant","The Jungle","The Necromancer","The Runesmith","everything is the same but u backflip on backflip"],"gold_per_floor":[117,192,14,26,45,45,65,65,65,97,116,116,128,160,160,160,160],"floor_reached":16,"playtime":1530,"items_purged":[],"score":112,"play_id":"9e63acce-999c-43b7-834a-488c49687435","local_time":"20201225143334","is_ascension_mode":false,"campfire_choices":[{"data":"HollowMod:NewGlowingWomb","floor":6,"key":"SMITH"},{"floor":8,"key":"REST"},{"floor":12,"key":"REST"},{"floor":15,"key":"REST"}],"circlet_count":0,"master_deck":["HollowMod:NailStrikeStart","HollowMod:NailStrikeStart","HollowMod:NailStrikeStart","HollowMod:NailStrikeStart","HollowMod:QuickDashStart","HollowMod:QuickDashStart","HollowMod:QuickDashStart","HollowMod:QuickDashStart","HollowMod:FocusHealStart","HollowMod:PogoStrike","hierophant:Strike_Hierophant","Defend_G","expansioncontent:QuickStudy","HollowMod:InfectedCysts","HollowMod:CycloneSlash","HollowMod:SharpenedShadows","HollowMod:NewGlowingWomb+1","HollowMod:HeavyBlow","HollowMod:RecoilStrike","HollowMod:CycloneSlash","HollowMod:TaintedHusks","HollowMod:MothsMistake"],"relics":["HollowMod:VesselMask","Sling","Simple Rune","White Beast Statue","Centennial Puzzle"],"acts_visited":["Exordium"],"potions_floor_usage":[10,10,14,14,16],"damage_taken":[{"damage":3,"enemies":"Small Slimes","floor":1,"turns":3},{"damage":0,"enemies":"2 Louse","floor":4,"turns":1},{"damage":1,"enemies":"Jaw Worm","floor":5,"turns":5},{"damage":21,"enemies":"Exordium Wildlife","floor":7,"turns":4},{"damage":36,"enemies":"3 Sentries","floor":10,"turns":7},{"damage":10,"enemies":"Looter","floor":11,"turns":4},{"damage":10,"enemies":"3 Louse","floor":13,"turns":2},{"damage":13,"enemies":"Lagavulin","floor":14,"turns":7},{"damage":82,"enemies":"The Guardian","floor":16,"turns":10}],"seed_played":"6674812166222480033","potions_obtained":[{"floor":5,"key":"champ:CounterPotion"},{"floor":7,"key":"hexamod:EctoCoolerPotion"},{"floor":11,"key":"Weak Potion"},{"floor":13,"key":"SkillPotion"},{"floor":14,"key":"Milkshake"}],"is_trial":false,"path_per_floor":["M","?","$","M","M","R","M","R","T","E","M","R","M","E","R","B"],"character_chosen":"THE_BUGKNIGHT","items_purchased":["HollowMod:CycloneSlash","Sling"],"campfire_rested":3,"item_purchase_floors":[3,3],"current_hp_per_floor":[72,61,61,61,66,66,45,67,67,49,39,61,51,48,70,0,0],"gold":160,"neow_bonus":"RANDOM_COLORLESS_2","is_daily":false,"chose_seed":false,"campfire_upgraded":1,"win_rate":0.0,"timestamp":1608928414,"path_taken":["M","?","$","M","M","R","M","R","T","E","M","R","M","E","R","BOSS"],"items_purchased_type":["Card","Relic"],"build_version":"2020-12-22","purchased_purges":0,"victory":false,"max_hp_per_floor":[75,75,75,75,75,75,75,75,75,75,75,75,75,75,75,75,75],"card_choices":[{"not_picked":["Poisoned Strike","expansioncontent:StudyTheSpire"],"picked":"expansioncontent:QuickStudy","floor":0},{"not_picked":["HollowMod:ChannelNail","HollowMod:DoubleDash"],"picked":"HollowMod:InfectedCysts","floor":1},{"not_picked":["HollowMod:DesolateDive","HollowMod:PureNailStrike"],"picked":"HollowMod:SharpenedShadows","floor":4},{"not_picked":["HollowMod:CornifersMapStart","HollowMod:CoiledNail"],"picked":"HollowMod:NewGlowingWomb","floor":5},{"not_picked":["HollowMod:SoulEater","HollowMod:CloakDash"],"picked":"HollowMod:HeavyBlow","floor":7},{"not_picked":["HollowMod:ShadowDash","HollowMod:WraithStrike"],"picked":"HollowMod:RecoilStrike","floor":10},{"not_picked":["HollowMod:NewLittleFool","HollowMod:NewGlowingWomb"],"picked":"HollowMod:CycloneSlash","floor":11},{"not_picked":["HollowMod:SiblingsShadow","HollowMod:BrokenVessel"],"picked":"HollowMod:TaintedHusks","floor":13},{"not_picked":["HollowMod:VengefulVoid","HollowMod:PerfectDash"],"picked":"HollowMod:MothsMistake","floor":14}],"player_experience":49992,"relics_obtained":[{"floor":9,"key":"Simple Rune"},{"floor":10,"key":"White Beast Statue"},{"floor":14,"key":"Centennial Puzzle"}],"event_choices":[{"damage_healed":0,"gold_gain":75,"player_choice":"Gather Gold","damage_taken":11,"max_hp_gain":0,"max_hp_loss":0,"event_name":"World of Goop","floor":2,"gold_loss":0}],"is_beta":false,"boss_relics":[],"items_purged_floors":[],"is_endless":false,"potions_floor_spawned":[5,7,11,13,14],"killed_by":"The Guardian","ascension_level":0}}