{"host":"2461dio7vetlq1z3","time":1608888564,"event":{"mods":["2.2 Compatiblity","AchievementEnabler","Aspiration","BaseMod","Better Third Choice","Hermit","Minty Spire (QoL Compilation)","Relic Stats","Spicy Shops","StSLib","The Runesmith","Waifu the Spire"],"gold_per_floor":[128,162,184,212,234,280,292,321,333,355,403,415,463,149,149,331,331,364,380,394,344,376,376,7,73,98,98,103,103],"floor_reached":28,"playtime":1559,"items_purged":["hermit:Strike_Hermit","hermit:Strike_Hermit","hermit:Defend_Hermit"],"score":381,"play_id":"bc07f37b-2967-44d1-bc34-e6f8f21c8941","local_time":"20201225102924","is_ascension_mode":true,"campfire_choices":[{"data":"hermit:Snapshot","floor":7,"key":"SMITH"},{"floor":12,"key":"REST"},{"data":"hermit:TakeAim","floor":15,"key":"SMITH"},{"floor":23,"key":"REST"},{"floor":27,"key":"REST"}],"circlet_count":0,"master_deck":["AscendersBane","hermit:Defend_Hermit","hermit:Defend_Hermit","hermit:Snapshot+1","hermit:Covet","hermit:Scavenge","hermit:Headshot","hermit:CursedWeapon","hermit:Misfire","hermit:Headshot","hermit:Gestalt","hermit:TakeAim+1","hermit:Dive","hermit:DeadOrAlive","hermit:ItchyTrigger","hermit:Gambit","hermit:TakeCover+1","hermit:HighCaliber+1","hermit:FromBeyond+1","hermit:LuckOfTheDraw","hermit:LoneWolf","hermit:Horror","hermit:Dive+1","hermit:Midnight"],"relics":["hermit:Momento","MawBank","Blue Candle","aspiration:ChemicalBlood","Kunai","Oddly Smooth Stone","Astrolabe","HornCleat","Du-Vu Doll","Dream Catcher"],"acts_visited":["Exordium","TheCity"],"potions_floor_usage":[4,6,16,16,16,20,22,25,28],"damage_taken":[{"damage":0,"enemies":"Cultist","floor":1,"turns":3},{"damage":2,"enemies":"Jaw Worm","floor":2,"turns":4},{"damage":0,"enemies":"2 Louse","floor":3,"turns":1},{"damage":9,"enemies":"Lots of Slimes","floor":4,"turns":5},{"damage":2,"enemies":"3 Louse","floor":5,"turns":4},{"damage":28,"enemies":"Lagavulin","floor":6,"turns":7},{"damage":6,"enemies":"Blue Slaver","floor":8,"turns":3},{"damage":1,"enemies":"2 Fungi Beasts","floor":10,"turns":3},{"damage":4,"enemies":"Gremlin Nob","floor":11,"turns":4},{"damage":3,"enemies":"Looter","floor":13,"turns":4},{"damage":34,"enemies":"Hexaghost","floor":16,"turns":13},{"damage":37,"enemies":"Shell Parasite","floor":18,"turns":7},{"damage":0,"enemies":"Spheric Guardian","floor":19,"turns":2},{"damage":4,"enemies":"Snecko","floor":20,"turns":4},{"damage":16,"enemies":"Snake Plant","floor":22,"turns":4},{"damage":14,"enemies":"Slavers","floor":25,"turns":6},{"damage":54,"enemies":"Gremlin Leader","floor":28,"turns":6}],"seed_played":"173655622021489226","potions_obtained":[{"floor":2,"key":"ColorlessPotion"},{"floor":5,"key":"hermit:Tonic"},{"floor":10,"key":"Fire Potion"},{"floor":13,"key":"hermit:Tonic"},{"floor":16,"key":"Fruit Juice"},{"floor":18,"key":"SteroidPotion"},{"floor":20,"key":"Fruit Juice"},{"floor":25,"key":"DuplicationPotion"}],"is_trial":false,"path_per_floor":["M","M","M","M","M","E","R","M","T","M","E","R","M","$","R","B",null,"M","M","M","?","M","R","$","E","T","R","E"],"character_chosen":"HERMIT","items_purchased":["Oddly Smooth Stone","HornCleat"],"campfire_rested":3,"item_purchase_floors":[14,24],"current_hp_per_floor":[68,66,66,57,55,27,27,21,21,20,16,38,35,35,35,6,62,25,25,21,21,10,35,35,21,21,46,0,0],"gold":103,"neow_bonus":"RANDOM_COMMON_RELIC","is_daily":false,"chose_seed":false,"campfire_upgraded":2,"win_rate":0.0,"timestamp":1608888564,"path_taken":["M","M","M","M","?","E","R","M","T","M","E","R","M","$","R","BOSS","M","M","M","?","?","R","$","E","T","R","E"],"items_purchased_type":["Relic","Relic"],"build_version":"2020-12-22","purchased_purges":3,"victory":false,"max_hp_per_floor":[75,75,75,75,75,75,75,75,75,75,75,75,75,75,75,80,80,80,80,80,80,85,85,85,85,85,85,85,85],"relic_stats":{"Dream Catcher":1,"counters":[17,80],"Blue Candle":[4],"Astrolabe":["hermit:TakeCover","hermit:HighCaliber","hermit:FromBeyond"],"Kunai":[5],"MawBank":168,"obtain_stats":[{"Du-Vu Doll":25,"Dream Catcher":26,"HornCleat":24,"Blue Candle":6,"Astrolabe":17,"Oddly Smooth Stone":14,"Kunai":11,"MawBank":0,"hermit:Momento":0,"aspiration:ChemicalBlood":9},{"Du-Vu Doll":16,"Dream Catcher":16,"HornCleat":15,"Blue Candle":6,"Astrolabe":11,"Oddly Smooth Stone":10,"Kunai":9,"MawBank":0,"hermit:Momento":0,"aspiration:ChemicalBlood":7},{"Du-Vu Doll":74,"Dream Catcher":74,"HornCleat":68,"Blue Candle":24,"Astrolabe":51,"Oddly Smooth Stone":38,"Kunai":34,"MawBank":0,"hermit:Momento":0,"aspiration:ChemicalBlood":27}]},"card_choices":[{"not_picked":["hermit:Ricochet","hermit:Quickdraw"],"picked":"hermit:Scavenge","floor":1},{"not_picked":["hermit:Dive","hermit:FullyLoaded"],"picked":"hermit:Headshot","floor":2},{"not_picked":["hermit:FullyLoaded","hermit:Coalescence"],"picked":"hermit:CursedWeapon","floor":3},{"not_picked":["hermit:BigShot","hermit:Desperado"],"picked":"hermit:Misfire","floor":4},{"not_picked":["hermit:Roulette","hermit:Quickdraw"],"picked":"hermit:Headshot","floor":5},{"not_picked":["hermit:FullyLoaded","hermit:Headshot"],"picked":"hermit:Gestalt","floor":6},{"not_picked":["hermit:Snipe","hermit:LowProfile"],"picked":"hermit:TakeAim","floor":8},{"not_picked":["hermit:Quickdraw","hermit:HoleUp"],"picked":"hermit:Dive","floor":10},{"not_picked":["hermit:Combo","hermit:Cheat"],"picked":"hermit:DeadOrAlive","floor":11},{"not_picked":["hermit:HighCaliber","hermit:Midnight"],"picked":"hermit:ItchyTrigger","floor":13},{"not_picked":["hermit:Magnum","hermit:RoundhouseKick"],"picked":"hermit:Gambit","floor":16},{"not_picked":["hermit:Quickdraw","hermit:Vantage"],"picked":"hermit:LuckOfTheDraw","floor":18},{"not_picked":["hermit:BodyArmor+1","hermit:Brawl+1"],"picked":"hermit:LoneWolf","floor":19},{"not_picked":["hermit:CalledShot","hermit:TakeCover"],"picked":"hermit:Horror","floor":20},{"not_picked":["hermit:HighNoon","hermit:Coalescence"],"picked":"hermit:Dive+1","floor":22},{"not_picked":["hermit:FullyLoaded","hermit:Quickdraw+1"],"picked":"hermit:Midnight","floor":25}],"player_experience":918205,"relics_obtained":[{"floor":6,"key":"Blue Candle"},{"floor":9,"key":"aspiration:ChemicalBlood"},{"floor":11,"key":"Kunai"},{"floor":25,"key":"Du-Vu Doll"},{"floor":26,"key":"Dream Catcher"}],"event_choices":[{"damage_healed":0,"gold_gain":0,"player_choice":"Bet on Murderer","damage_taken":0,"max_hp_gain":0,"max_hp_loss":0,"event_name":"The Joust","floor":21,"gold_loss":50}],"is_beta":false,"boss_relics":[{"not_picked":["Coffee Dripper","SacredBark"],"picked":"Astrolabe"}],"items_purged_floors":[14,14,24],"is_endless":false,"potions_floor_spawned":[2,5,10,13,18,20,25],"killed_by":"Gremlin Leader","ascension_level":10}}