{"host":"ifrtxrfi0kt9ye6r","time":1608924090,"event":{"mods":["Act Like it!","BaseMod","BetterRewards","Downfall","Gensokyo","Hubris","Infinite Spire","Koishi","Marisa£¨Ùöéë¡¡Øª×âÞÞ£©","Minty Spire (QoL Compilation)","Replay The Spire","StSLib","The Animator"],"gold_per_floor":[121,153,153,173,191,222,222,260,286,286,312,329,329,361,361,457,457,474,489,506,506,506,635,635,675,675,675,675,675,675,93,93,209,209,224,224,224,138,138,168,168,168,195,195,213,213,245,264,264,361,361,386,462,455,455,459,466,466,519,544,267,267,191,185,226,226,326,326,326,326,404,404,100,344,344,342,392,392,378,378,370,399,399,445,445,416,416,296,296,235,373,373,366,366,366,350,72,72,94,94,141,141,287,289,289,539,539,548,560,609,675,687,699,711,723,575,587,656,668,683,695,957,955,967,979,990,1002,1037,999,891,893,465,492,504,574,586,587,395,395,394,394,383,383,383,383,383,308,307,293,316,316,449,449,449],"floor_reached":153,"playtime":22544,"items_purged":["animator:Strike","animator:Defend","hubris:Lust"],"score":4298,"play_id":"4f48d3ee-3a58-4de5-b19f-32bdb570c175","local_time":"20201226042130","is_ascension_mode":true,"campfire_choices":[{"data":"animator:Togame","floor":15.0,"key":"SMITH"},{"floor":24.0,"key":"REST"},{"data":"animator:FeridBathory","floor":30.0,"key":"SMITH"},{"floor":32.0,"key":"REST"},{"floor":41.0,"key":"REST"},{"data":"infinitespire:Menacing","floor":46.0,"key":"SMITH"},{"floor":66.0,"key":"DIG"},{"floor":78.0,"key":"REST"},{"floor":83.0,"key":"DIG"},{"floor":109.0,"key":"DIG"},{"data":"animator:Togame","floor":125.0,"key":"SMITH"}],"circlet_count":2,"master_deck":["animator:Strike_MadokaMagica","animator:Defend_MadokaMagica","animator:IrohaTamaki","animator:YuiTsuruno","animator:Spearman","animator:Spearman","animator:Priestess","animator:NagisaMomoe","animator:Togame+1","animator:HighElfArcher","animator:Yusa+1","animator:Mitsuba","animator:Mikaela","animator:Spearman","animator:HomuraAkemi","animator:IrohaTamaki","animator:SanaeKochiya+1","animator:HighElfArcher","animator:DolaCouronne","animator:FeridBathory+1","Pot Of Greed+1","Pot Of Greed","Pot Of Greed","animator:Zero","animator:KyokoSakura","animator:Kyubey+1","animator:FielNirvalen","animator:NagisaMomoe","animator:CowGirl","animator:NagisaMomoe","ReplayTheSpireMod:Faulty Equipment","Hallucinations","Pot Of Greed","infinitespire:Menacing+1","animator:Chibimoth+1","animator:Togame","animator:YachiyoNanami+1","animator:Shiro+1","animator:GuildGirl","ReplayTheSpireMod:Splinters","animator:Mikaela","animator:Spearman","animator:MeguKakizaki","animator:HinaKagiyama","animator:Curse_Dizziness","Pot Of Greed+1","animator:MamiTomoe+1","hubris:NaturalOne","animator:Tet","animator:MamiTomoe","animator:YuriNakamura+1","animator:Kyubey+1","animator:MamiTomoe+1","Gensokyo:AllTheWorldsEvil","Gensokyo:Kunekune","Pot Of Greed","animator:Shinoa","animator:Togame+1","animator:Shinoa","Koishi:ApparitionsStalkTheNight","Gensokyo:ShootingStar","Replay:Fractal Strike","animator:GoblinSlayer+1","Slimebound:Icky","animator:Zero","ReplayTheSpireMod:Echoes of Time","animator:Biyorigo+1","Pot Of Greed","Gensokyo:CustomPotion","hubris:Fate+1","Gensokyo:LifeSpringInfinity+1","animator:Tet+1","animator:Yusa+1","animator:Shiro","animator:MadokaKaname+1","animator:GoblinSlayer+1","Pot Of Greed+1","animator:Kyubey+1","CurseOfTheBell","animator:MamiTomoe+1","hubris:Rewind+1","animator:Spearman+1","animator:Spearman+1","hexamod:Haunted","animator:Spearman+1","animator:Yusa+1","animator:HomuraAkemi+1","animator:Yusa+1","Gensokyo:TekeTeke+1","Pot Of Greed+1","animator:Togame+1","animator:Yui+1","animator:Spearman+1","Gensokyo:TarnishedGold","animator:Spearman+1","animator:Enju","animator:FeridBathory","animator:Togame+1","animator:DolaStephanie+1","Pot Of Greed+1","Gensokyo:PrivateSquare+1","Pride","animator:Kyubey+1","animator:CowGirl+1","animator:Spearman+1","animator:CowGirl+1","animator:FeridBathory"],"relics":["animator:LivingPicture","animator:TheMissingPiece","animator:PurgingStone","Replay:Multitool","Gensokyo:PortableGap","War Paint","Smiling Mask","Mummified Hand","Boot","Darkstone Periapt","Mark of Pain","ChewingGum","hubris:Icosahedron","infinitespire:ShieldingShard","Juzu Bracelet","animator:EngravedStaff","Bronze Scales","Gensokyo:SongOfSouls","Grinning Jar","Garlic","Toolbox","hubris:HollowSoul","Ring of Fury","ReplayTheSpireMod:Ring of Challenge","infinitespire:CursedDice","ReplayTheSpireMod:TigerMarble","Replay:WaspNest","hubris:Stopwatch","Replay:Rubber Ducky","Happy Flower","MealTicket","Tiny Chest","Membership Card","Mirror","Gensokyo:NagashiBinaDoll","animator:ShionDessert","animator:HeavyHalberd","Gambling Chip","SlaversCollar","Gensokyo:MosesMiracle","infinitespire:EmpoweringShard","Replay:Bottled Snecko","hubris:DisguiseKit","infinitespire:PuzzleCube","Gensokyo:RedStar","Bottled Flame","ReplayTheSpireMod:SealedPack","Toxic Egg 2","Replay:PocketPolymizer","hubris:Towel","Whetstone","hubris:CuriousFeather","Matryoshka","infinitespire:Satchel","Ice Cream","Guide Book","hubris:64BitClover","Calling Bell","hubris:TenFootPole","Molten Egg 2","Champion Belt","MawBank","Pantograph","Replay:Towering Pillar of Hats","Potion Belt","Blue Doll","Du-Vu Doll","animator:Buoy","Enchiridion","Gensokyo:PerfectCherryBlossom","Replay:Grab Bag","Coffee Dripper","hubris:TerracottaHorce","animator:HolyGrailRelic","Black Star","infinitespire:Joker Card","infinitespire:Bottled Soul","Quantum Egg","Prayer Wheel","Gensokyo:ConquerorOfFear","Lantern","Gensokyo:FoxMask","ClockworkSouvenir","Chemical X","infinitespire:CheckeredPen","infinitespire:Broken Mirror","Circlet","infinitespire:FocusingShard","TwistedFunnel","hubris:FunFungus","Replay:Ringing Soul","Gensokyo:DualWield","Orrery","hubris:SlimyHat","Regal Pillow","animator:WornHelmet","ReplayTheSpireMod:Lightbulb","infinitespire:Lucky Rock","Replay:Bandana"],"acts_visited":["Gensokyo:Gensokyo","Gensokyo:Gensokyoer","Gensokyo:Gensokyoest","Gensokyo:Gensokyo","Gensokyo:Gensokyoer","Gensokyo:Gensokyoest","Gensokyo:Gensokyo","Gensokyo:Gensokyoer","Gensokyo:Gensokyoest"],"potions_floor_usage":[],"damage_taken":[{"damage":0.0,"enemies":"Gensokyo:Gryphon","floor":1.0,"turns":4.0},{"damage":3.0,"enemies":"Gensokyo:Python","floor":2.0,"turns":4.0},{"damage":0.0,"enemies":"Gensokyo:3_Fairies","floor":4.0,"turns":4.0},{"damage":1.0,"enemies":"Gensokyo:3_Kodama","floor":5.0,"turns":4.0},{"damage":47.0,"enemies":"Gensokyo:Cirno","floor":6.0,"turns":8.0},{"damage":0.0,"enemies":"Gensokyo:Mamizou","floor":8.0,"turns":9.0},{"damage":2.0,"enemies":"Gensokyo:Aya","floor":11.0,"turns":5.0},{"damage":0.0,"enemies":"Gensokyo:Python_and_Kodama","floor":12.0,"turns":4.0},{"damage":0.0,"enemies":"Gensokyo:Mamizou","floor":14.0,"turns":8.0},{"damage":1.0,"enemies":"Gensokyo:Yukari","floor":16.0,"turns":8.0},{"damage":8.0,"enemies":"Gensokyo:3_Dogs","floor":18.0,"turns":8.0},{"damage":3.0,"enemies":"Gensokyo:CosmicMonolith","floor":19.0,"turns":6.0},{"damage":21.0,"enemies":"Gensokyo:Slime_Group","floor":20.0,"turns":6.0},{"damage":27.0,"enemies":"Gensokyo:Reisen","floor":23.0,"turns":7.0},{"damage":12.0,"enemies":"Gensokyo:Koishi","floor":25.0,"turns":7.0},{"damage":0.0,"enemies":"Gensokyo:Eiki","floor":33.0,"turns":6.0},{"damage":0.0,"enemies":"Gensokyo:3_Bats","floor":35.0,"turns":3.0},{"damage":36.0,"enemies":"Nightmare","floor":40.0,"turns":9.0},{"damage":0.0,"enemies":"Gensokyo:AncientGuardian","floor":45.0,"turns":3.0},{"damage":0.0,"enemies":"Gensokyo:Marisa","floor":47.0,"turns":4.0},{"damage":0.0,"enemies":"Gensokyo:Rafflesia","floor":48.0,"turns":6.0},{"damage":0.0,"enemies":"Gensokyo:Scarlet_Devils","floor":50.0,"turns":10.0},{"damage":0.0,"enemies":"Gensokyo:Python","floor":52.0,"turns":5.0},{"damage":0.0,"enemies":"Gensokyo:3_Fairies","floor":54.0,"turns":4.0},{"damage":0.0,"enemies":"Gensokyo:Gryphon","floor":56.0,"turns":2.0},{"damage":0.0,"enemies":"Gensokyo:Aya","floor":57.0,"turns":3.0},{"damage":0.0,"enemies":"Gensokyo:Cirno","floor":59.0,"turns":4.0},{"damage":11.0,"enemies":"Gensokyo:LivingMonolith","floor":64.0,"turns":4.0},{"damage":0.0,"enemies":"Gensokyo:Python_and_Kodama","floor":65.0,"turns":5.0},{"damage":0.0,"enemies":"Gensokyo:Yukari","floor":67.0,"turns":6.0},{"damage":0.0,"enemies":"Gensokyo:CosmicMonolith","floor":69.0,"turns":3.0},{"damage":0.0,"enemies":"Nightmare","floor":74.0,"turns":7.0},{"damage":0.0,"enemies":"Gensokyo:Tenshi","floor":76.0,"turns":4.0},{"damage":0.0,"enemies":"Gensokyo:3_Dogs","floor":79.0,"turns":3.0},{"damage":0.0,"enemies":"Gensokyo:Wraith","floor":81.0,"turns":3.0},{"damage":16.0,"enemies":"Gensokyo:Mirror_and_Dog","floor":82.0,"turns":4.0},{"damage":0.0,"enemies":"Gensokyo:Eternal_Rivals","floor":84.0,"turns":7.0},{"damage":0.0,"enemies":"Gensokyo:3_Boulders","floor":86.0,"turns":7.0},{"damage":0.0,"enemies":"Gensokyo:Kasen","floor":91.0,"turns":5.0},{"damage":13.0,"enemies":"Nightmare","floor":93.0,"turns":5.0},{"damage":0.0,"enemies":"Gensokyo:Kasen","floor":96.0,"turns":6.0},{"damage":26.0,"enemies":"Gensokyo:Marisa","floor":99.0,"turns":5.0},{"damage":0.0,"enemies":"Gensokyo:Scarlet_Devils","floor":101.0,"turns":6.0},{"damage":0.0,"enemies":"Gensokyo:3_Fairies","floor":103.0,"turns":2.0},{"damage":0.0,"enemies":"Gensokyo:2_Kodama","floor":104.0,"turns":2.0},{"damage":0.0,"enemies":"Gensokyo:Python","floor":106.0,"turns":2.0},{"damage":0.0,"enemies":"Gensokyo:Cirno","floor":108.0,"turns":7.0},{"damage":0.0,"enemies":"Gensokyo:Mamizou","floor":110.0,"turns":4.0},{"damage":0.0,"enemies":"Gensokyo:Kokoro","floor":118.0,"turns":4.0},{"damage":0.0,"enemies":"Gensokyo:2_Gloops","floor":120.0,"turns":1.0},{"damage":0.0,"enemies":"Gensokyo:3_Dogs","floor":123.0,"turns":4.0},{"damage":0.0,"enemies":"Gensokyo:Koishi","floor":126.0,"turns":3.0},{"damage":0.0,"enemies":"Gensokyo:Slime_Group","floor":131.0,"turns":2.0},{"damage":0.0,"enemies":"Gensokyo:Reisen","floor":133.0,"turns":1.0},{"damage":0.0,"enemies":"Gensokyo:Kaguya","floor":135.0,"turns":3.0},{"damage":0.0,"enemies":"Gensokyo:3_Boulders","floor":137.0,"turns":3.0},{"damage":0.0,"enemies":"Gensokyo:3_Bats","floor":140.0,"turns":2.0},{"damage":0.0,"enemies":"Gensokyo:Rafflesia","floor":142.0,"turns":2.0},{"damage":0.0,"enemies":"Gensokyo:Kasen","floor":148.0,"turns":2.0},{"damage":0.0,"enemies":"Gensokyo:Sharpion","floor":149.0,"turns":3.0},{"damage":0.0,"enemies":"infinitespire:LordOfFortification","floor":152.0,"turns":15.0}],"seed_played":"3631727550549351647","potions_obtained":[{"floor":4.0,"key":"Swift Potion"},{"floor":6.0,"key":"Toxic Potion"},{"floor":8.0,"key":"Languid Potion"},{"floor":11.0,"key":"Reflective Coating"},{"floor":12.0,"key":"EssenceOfSteel"},{"floor":18.0,"key":"Swift Potion"},{"floor":19.0,"key":"Reflective Coating"},{"floor":33.0,"key":"champ:CounterPotion"},{"floor":45.0,"key":"Venom Potion"},{"floor":48.0,"key":"SkillPotion"},{"floor":56.0,"key":"LifebloodPotion"},{"floor":59.0,"key":"Languid Potion"},{"floor":76.0,"key":"Milkshake"},{"floor":79.0,"key":"Guardian:BlockOnCardUsePotion"},{"floor":96.0,"key":"PowerPotion"},{"floor":118.0,"key":"SmokeBomb"},{"floor":123.0,"key":"champ:CounterPotion"},{"floor":137.0,"key":"Fruit Juice"}],"is_trial":false,"path_per_floor":["M","M","?","M","M","E","R","E","T","T","E","M","R","E","R","B",null,"M","M","M","AVR","?","E","R","E","T","?","R","?","R","$","R","B",null,"M","?","?","$","?","NM","R","R","T","?","M","R","E","M","R","B",null,"M","?","M","?","M","E","?","E","T","$","?","$","M","M","R","B",null,"M","?","T","?","COS","NM","?","E","T","R","M","?","M","M","R","B",null,"M","T","?","AVR","?","E","?","NM","T","T","E","COS","?","E","R","B",null,"M","M","?","M","AVR","E","R","E","T","R","?","T","R","?","R","B",null,"M","?","?","M","T","R","E","R","T","?","?","M","COS","E","R","B",null,"M","$","?","M","T","M","R","?","T","?","$","E","M","T","R","B",null],"character_chosen":"THE_ANIMATOR","items_purchased":["animator:Spearman","animator:Priestess","animator:NagisaMomoe","animator:Zero","Garlic","Toolbox","animator:KyokoSakura","animator:CowGirl","Membership Card","Mirror","animator:ShionDessert","infinitespire:FocusingShard","TwistedFunnel","Orrery"],"campfire_rested":4,"item_purchase_floors":[0,0,0,31,31,31,31,38,61,61,63,138,138,147],"current_hp_per_floor":[66,63,60,60,59,12,30,30,30,30,29,29,47,47,47,47,62,54,51,30,30,30,3,21,9,9,9,9,9,9,9,26,26,58,58,64,61,61,61,25,43,43,43,55,55,55,55,56,71,71,71,71,77,77,83,83,96,96,96,96,96,96,96,91,96,96,96,96,96,96,96,99,96,49,49,49,49,78,78,78,84,74,74,97,104,104,104,104,104,104,104,104,97,97,97,103,103,103,83,83,89,110,110,110,121,121,121,121,121,121,121,127,127,127,127,127,127,127,135,137,124,124,124,124,124,126,126,126,133,133,135,135,137,137,139,139,141,141,141,143,143,145,145,148,148,148,148,150,155,155,155,160,160,160],"gold":449,"neow_bonus":"","is_daily":false,"chose_seed":true,"campfire_upgraded":4,"win_rate":0.0,"timestamp":1608924090,"path_taken":["M","?","?","M","?","E","R","E","T","?","E","M","R","E","R","BOSS","M","M","?","AVR","?","E","R","E","T","?","R","?","R","?","R","BOSS","M","?","?","?","?","NM","R","R","T","?","M","R","E","M","R","BOSS","M","?","M","?","M","E","?","E","T","?","?","$","M","M","R","BOSS","M","?","?","?","COS","NM","?","E","T","R","M","?","M","M","R","BOSS","M","?","?","AVR","?","E","?","NM","T","?","E","COS","?","E","R","BOSS","M","M","?","M","AVR","E","R","E","T","R","?","?","R","?","R","BOSS","M","?","?","M","?","R","E","R","T","?","?","M","COS","E","R","BOSS","M","$","?","M","?","M","R","?","T","?","?","E","M","?","R","BOSS"],"items_purchased_type":["Card","Card","Card","Card","Relic","Relic","Card","Card","Relic","Relic","Relic","Relic","Relic","Relic"],"build_version":"2020-12-22","purchased_purges":3,"victory":false,"max_hp_per_floor":[66,66,60,60,60,60,60,60,60,60,61,61,61,61,61,62,62,62,62,62,62,62,62,62,62,62,58,58,58,58,58,58,58,58,58,64,61,61,61,61,58,58,58,70,70,70,70,71,71,71,71,71,77,77,83,83,96,96,96,96,96,96,96,96,96,96,96,96,96,96,96,99,96,97,97,97,97,97,97,97,97,97,97,97,104,104,104,104,104,104,104,104,104,104,104,104,104,104,104,104,104,110,110,110,121,121,121,121,121,121,121,127,127,127,127,127,127,127,135,137,124,124,124,124,124,126,126,126,133,133,135,135,137,137,139,139,141,141,141,143,143,145,145,148,148,148,148,150,155,155,155,160,160,160],"card_choices":[{"not_picked":["animator:Yusa","animator:HighElfArcher"],"picked":"animator:MamiTomoe","floor":1.0},{"not_picked":["animator:Shimako","animator:Hinaichigo"],"picked":"animator:Togame","floor":2.0},{"not_picked":["animator:YuukaKazami","animator:ZankiKiguchi","animator:CrowleyEusford"],"picked":"SKIP","floor":4.0},{"not_picked":["animator:Priestess","animator:Spearman"],"picked":"animator:HighElfArcher","floor":5.0},{"not_picked":["animator:Midou","animator:KaguyaHouraisan"],"picked":"animator:Yusa","floor":6.0},{"not_picked":["animator:EriShiina","animator:Nanami"],"picked":"animator:Mitsuba","floor":8.0},{"not_picked":["animator:SayakaMiki","animator:Midou"],"picked":"animator:Mikaela","floor":11.0},{"not_picked":["animator:DwarfShaman","animator:Priestess"],"picked":"animator:Spearman","floor":12.0},{"not_picked":["animator:Midou","animator:CrowleyEusford","animator:Souseiseki"],"picked":"SKIP","floor":14.0},{"not_picked":["animator:Shiro","animator:AkaneSenri"],"picked":"animator:HomuraAkemi","floor":16.0},{"not_picked":["animator:Spearman","animator:Mitsuba"],"picked":"animator:IrohaTamaki","floor":18.0},{"not_picked":["animator:KomachiOnozuka+1","animator:Mikaela"],"picked":"animator:SanaeKochiya","floor":19.0},{"not_picked":["animator:LizardPriest","animator:DwarfShaman"],"picked":"animator:HighElfArcher","floor":20.0},{"not_picked":["animator:Noda+1","animator:JunSakurada"],"picked":"animator:DolaCouronne","floor":23.0},{"not_picked":["animator:MamiTomoe","animator:TsurugaMeisai"],"picked":"animator:FeridBathory","floor":25.0},{"not_picked":["animator:Enju","animator:HiedaNoAkyuu"],"picked":"animator:Kyubey","floor":33.0},{"not_picked":["animator:NagisaMomoe+1","animator:OrikoMikuni"],"picked":"animator:FielNirvalen","floor":35.0},{"not_picked":["animator:IrohaTamaki","animator:YachiyoNanami"],"picked":"animator:NagisaMomoe","floor":40.0},{"not_picked":["Replay:Fractal Strike","infinitespire:FutureSight"],"picked":"infinitespire:Menacing","floor":44.0},{"not_picked":["animator:Hitei+1","animator:Shinku"],"picked":"animator:Chibimoth+1","floor":45.0},{"not_picked":["animator:TsurugaMeisai","animator:HiiragiShinya"],"picked":"animator:Togame","floor":47.0},{"not_picked":["animator:Yui","animator:Shigure+1"],"picked":"animator:YachiyoNanami+1","floor":48.0},{"not_picked":["animator:KanadeTachibana","animator:Biyorigo"],"picked":"animator:Shiro","floor":50.0},{"not_picked":["animator:LizardPriest","animator:DwarfShaman"],"picked":"animator:GuildGirl","floor":52.0},{"not_picked":["animator:Godan","animator:SuikaIbuki"],"picked":"animator:Mikaela","floor":53.0},{"not_picked":["animator:GuildGirl","animator:Shigure"],"picked":"animator:Spearman","floor":53.0},{"not_picked":["animator:DwarfShaman","animator:KyokoSakura"],"picked":"animator:MeguKakizaki","floor":54.0},{"not_picked":["animator:Mikaela","animator:DolaRiku"],"picked":"animator:MamiTomoe","floor":56.0},{"not_picked":["animator:IrohaTamaki","animator:DolaCouronne"],"picked":"animator:Tet","floor":57.0},{"not_picked":["animator:KyokoSakura","animator:ReimuHakurei"],"picked":"animator:MamiTomoe","floor":64.0},{"not_picked":["animator:DolaStephanie","animator:Mikaela"],"picked":"animator:YuriNakamura","floor":65.0},{"not_picked":["animator:HiedaNoAkyuu","animator:Shiro"],"picked":"animator:Kyubey","floor":67.0},{"not_picked":["animator:Konayuki","animator:Spearman"],"picked":"animator:MamiTomoe+1","floor":69.0},{"not_picked":["animator:Spearman","animator:DwarfShaman"],"picked":"animator:Witch","floor":74.0},{"not_picked":["animator:DwarfShaman","animator:Konayuki+1"],"picked":"animator:Shinoa","floor":74.0},{"not_picked":["animator:ReimuHakurei","animator:DolaRiku"],"picked":"animator:Shinoa","floor":76.0},{"not_picked":["animator:Shigure+1","animator:AyaShameimaru","animator:ReimuHakurei","Koishi:SubterraneanRose"],"picked":"SKIP","floor":79.0},{"not_picked":["animator:DwarfShaman","animator:Konayuki","animator:Chaa+1"],"picked":"Koishi:ApparitionsStalkTheNight","floor":81.0},{"not_picked":[],"picked":"Gensokyo:ShootingStar","floor":84.0},{"not_picked":["infinitespire:Fortify","hubris:InfiniteBlow"],"picked":"Replay:Fractal Strike","floor":84.0},{"not_picked":["animator:Biyorigo","animator:HigakiRinne","Koishi:HeartStoppingHorror"],"picked":"animator:GoblinSlayer","floor":84.0},{"not_picked":["animator:Urushihara","animator:Cirno","animator:Magilou"],"picked":"animator:Zero","floor":85.0},{"not_picked":["infinitespire:Oblivion","infinitespire:DeathsTouch","infinitespire:NeuralNetwork"],"picked":"ReplayTheSpireMod:Echoes of Time","floor":85.0},{"not_picked":["animator:Yuuichirou","animator:Shiro","animator:Shinoa"],"picked":"animator:Biyorigo","floor":85.0},{"not_picked":["animator:DolaCouronne","animator:IrohaTamaki","animator:KomachiOnozuka","Koishi:HeartfeltFancy"],"picked":"SKIP","floor":86.0},{"not_picked":["Gensokyo:HouraiInAPot","Gensokyo:MorningStar"],"picked":"Gensokyo:LifeSpringInfinity","floor":90.0},{"not_picked":["animator:Mitsuba","animator:AliceMargatroid","Koishi:Prune"],"picked":"animator:Tet+1","floor":91.0},{"not_picked":["animator:TsurugaMeisai+1","animator:ChihayaOhtori","Koishi:PhantomStrike"],"picked":"animator:Yusa+1","floor":93.0},{"not_picked":["animator:Mikaela","animator:Mitsuba","animator:Spearman","animator:Kagari"],"picked":"SKIP","floor":96.0},{"not_picked":["animator:IrohaTamaki","animator:YuzuruOtonashi+1","animator:DolaCouronne+1"],"picked":"animator:Shiro","floor":99.0},{"not_picked":["animator:HomuraAkemi","animator:SwordMaiden","animator:AkaneSenri"],"picked":"animator:MadokaKaname","floor":101.0},{"not_picked":["animator:AkaneSenri+1","animator:Shinku+1","Koishi:RollingInRichesHeart+1"],"picked":"animator:GoblinSlayer+1","floor":101.0},{"not_picked":["animator:Guren+1","animator:KotarouTennouji","Koishi:ConfinedInnocent"],"picked":"animator:Kyubey+1","floor":101.0},{"not_picked":["animator:Mitsuba+1","animator:Yusa+1","Koishi:RacingHeart"],"picked":"animator:MamiTomoe+1","floor":103.0},{"not_picked":["animator:Chibimoth+1","animator:Suigintou+1","animator:EriShiina+1","Koishi:UnconsciousUrges"],"picked":"SKIP","floor":104.0},{"not_picked":["animator:Shichika+1","animator:Spearman+1","animator:Chaa","animator:Yusa+1"],"picked":"SKIP","floor":106.0},{"not_picked":["animator:MamiTomoe+1","animator:Chibimoth+1","Koishi:ReflexRadar"],"picked":"animator:Spearman+1","floor":108.0},{"not_picked":["animator:Yusa+1","animator:Chibimoth+1","animator:Mikaela+1"],"picked":"animator:Spearman+1","floor":110.0},{"not_picked":["animator:KomachiOnozuka+1","animator:Yusa+1","Koishi:UnansweredLove"],"picked":"animator:Spearman+1","floor":113.0},{"not_picked":["animator:EriShiina+1","animator:Spearman+1","Koishi:BloodcurdlingScream"],"picked":"animator:Yusa+1","floor":113.0},{"not_picked":["animator:MadokaKaname+1","animator:YuriNakamura+1","Koishi:FadingMemory"],"picked":"animator:HomuraAkemi+1","floor":118.0},{"not_picked":["animator:Mikaela+1","animator:Chibimoth+1","Koishi:DreadfulBlow"],"picked":"animator:Yusa+1","floor":120.0},{"not_picked":["Gensokyo:SevenSchoolMysteries","Gensokyo:EightFeetTall+1"],"picked":"Gensokyo:TekeTeke+1","floor":121.0},{"not_picked":["animator:Mikaela+1","animator:Spearman+1","animator:Hitei"],"picked":"animator:Togame+1","floor":123.0},{"not_picked":["animator:Chibimoth+1","animator:Mikaela+1","Koishi:UnconsciousUprising"],"picked":"animator:Yui+1","floor":126.0},{"not_picked":["animator:Yusa+1","animator:Mikaela+1","Koishi:BloodcurdlingScream"],"picked":"animator:Spearman+1","floor":131.0},{"not_picked":["animator:Godan+1","animator:Chibimoth+1","animator:Tet+1","Koishi:FleetingPhantom"],"picked":"SKIP","floor":131.0},{"not_picked":["animator:Hitei","animator:Mikaela+1","Koishi:FleetingPhantom"],"picked":"animator:Spearman+1","floor":133.0},{"not_picked":["animator:SwordMaiden+1","animator:Shinku+1","Koishi:MindStellarRelief"],"picked":"animator:FeridBathory","floor":135.0},{"not_picked":["animator:Mikaela+1","animator:Spearman+1","animator:Chibimoth+1","Koishi:ReflexRadar"],"picked":"SKIP","floor":137.0},{"not_picked":["animator:Yusa+1","animator:Spearman+1","animator:Mikaela+1","Koishi:RacingHeart"],"picked":"SKIP","floor":137.0},{"not_picked":["animator:Spearman+1","animator:ChlammyZell+1","Koishi:ParalyzingFear"],"picked":"animator:Togame+1","floor":140.0},{"not_picked":["animator:Chibimoth+1","animator:KomachiOnozuka+1","animator:Yusa+1","Koishi:IdleWhim"],"picked":"SKIP","floor":140.0},{"not_picked":["animator:MamiTomoe+1","animator:Spearman+1","Koishi:IdleWhim"],"picked":"animator:DolaStephanie+1","floor":142.0},{"not_picked":["animator:Mikaela+1","animator:Yusa+1","animator:Spearman+1","Koishi:SubconsciousSweep"],"picked":"SKIP","floor":142.0},{"not_picked":["animator:AkaneSenri","animator:NagisaMomoe+1","Koishi:HeartfeltFancy"],"picked":"animator:Kyubey+1","floor":147.0},{"not_picked":["animator:Chaa+1","animator:DolaStephanie+1","Koishi:UnansweredLove"],"picked":"animator:CowGirl+1","floor":147.0},{"not_picked":["animator:Tet+1","animator:Yusa+1","Koishi:UnseenTerror"],"picked":"animator:Spearman+1","floor":147.0},{"not_picked":["animator:EriShiina+1","animator:Chibimoth+1","animator:Spearman+1","Koishi:FleetingPhantom"],"picked":"SKIP","floor":148.0},{"not_picked":["animator:Suigintou+1","animator:Mikaela+1","Koishi:Untouchable"],"picked":"animator:CowGirl+1","floor":149.0},{"not_picked":["animator:Yusa+1","animator:Spearman+1","animator:Suigintou+1","Koishi:JumpScare"],"picked":"SKIP","floor":149.0},{"not_picked":["animator:Biyorigo","animator:HiedaNoAkyuu+1","Koishi:GrowingPain"],"picked":"animator:FeridBathory","floor":152.0}],"player_experience":237209,"relics_obtained":[{"floor":6.0,"key":"War Paint"},{"floor":8.0,"key":"Smiling Mask"},{"floor":10.0,"key":"Mummified Hand"},{"floor":11.0,"key":"Boot"},{"floor":14.0,"key":"Darkstone Periapt"},{"floor":23.0,"key":"infinitespire:ShieldingShard"},{"floor":25.0,"key":"Juzu Bracelet"},{"floor":26.0,"key":"animator:EngravedStaff"},{"floor":36.0,"key":"Ring of Fury"},{"floor":36.0,"key":"ReplayTheSpireMod:Ring of Challenge"},{"floor":40.0,"key":"infinitespire:CursedDice"},{"floor":43.0,"key":"ReplayTheSpireMod:TigerMarble"},{"floor":47.0,"key":"Replay:WaspNest"},{"floor":53.0,"key":"Replay:Rubber Ducky"},{"floor":57.0,"key":"Strawberry"},{"floor":59.0,"key":"MealTicket"},{"floor":60.0,"key":"Tiny Chest"},{"floor":66.0,"key":"animator:HeavyHalberd"},{"floor":67.0,"key":"Gambling Chip"},{"floor":71.0,"key":"infinitespire:EmpoweringShard"},{"floor":74.0,"key":"Replay:Bottled Snecko"},{"floor":76.0,"key":"hubris:DisguiseKit"},{"floor":77.0,"key":"infinitespire:PuzzleCube"},{"floor":79.0,"key":"Gensokyo:MosesMiracle"},{"floor":83.0,"key":"Bottled Flame"},{"floor":87.0,"key":"Toxic Egg 2"},{"floor":91.0,"key":"Replay:PocketPolymizer"},{"floor":93.0,"key":"Whetstone"},{"floor":94.0,"key":"hubris:CuriousFeather"},{"floor":95.0,"key":"Matryoshka"},{"floor":96.0,"key":"infinitespire:Satchel"},{"floor":96.0,"key":"Ice Cream"},{"floor":99.0,"key":"hubris:64BitClover"},{"floor":102.0,"key":"hubris:TenFootPole"},{"floor":102.0,"key":"Molten Egg 2"},{"floor":102.0,"key":"Champion Belt"},{"floor":108.0,"key":"MawBank"},{"floor":109.0,"key":"Pantograph"},{"floor":110.0,"key":"Replay:Towering Pillar of Hats"},{"floor":111.0,"key":"Potion Belt"},{"floor":111.0,"key":"Blue Doll"},{"floor":114.0,"key":"Pet Ghost"},{"floor":114.0,"key":"animator:Buoy"},{"floor":123.0,"key":"infinitespire:Joker Card"},{"floor":124.0,"key":"infinitespire:Bottled Soul"},{"floor":126.0,"key":"Quantum Egg"},{"floor":126.0,"key":"Prayer Wheel"},{"floor":128.0,"key":"Lantern"},{"floor":131.0,"key":"Gensokyo:ConquerorOfFear"},{"floor":133.0,"key":"infinitespire:CheckeredPen"},{"floor":133.0,"key":"infinitespire:Broken Mirror"},{"floor":141.0,"key":"hubris:FunFungus"},{"floor":145.0,"key":"Replay:Ringing Soul"},{"floor":148.0,"key":"hubris:SlimyHat"},{"floor":148.0,"key":"Regal Pillow"},{"floor":150.0,"key":"animator:WornHelmet"},{"floor":152.0,"key":"Replay:Bandana"}],"event_choices":[],"is_beta":false,"boss_relics":[{"not_picked":["Sozu","Kintsugi"],"picked":"Mark of Pain"},{"not_picked":["hubris:GrandSneckoEye","Busted Crown"],"picked":"hubris:HollowSoul"},{"not_picked":["Painkiller Herb","Ring of Chaos"],"picked":"hubris:Stopwatch"},{"not_picked":["Runic Dome","hubris:BlackHole"],"picked":"SlaversCollar"},{"not_picked":["Replay:Ancient Bell","hubris:CrackedHourglass"],"picked":"ReplayTheSpireMod:SealedPack"},{"not_picked":["animator:RacePiece","hubris:VirtuousBlindfold"],"picked":"Calling Bell"},{"not_picked":["Velvet Choker","animator:VividPicture"],"picked":"Replay:Grab Bag"},{"not_picked":["infinitespire:Cupcake","Cursed Key"],"picked":"Coffee Dripper"},{"not_picked":["ReplayTheSpireMod:DimensionalGlitch","ReplayTheSpireMod:Onyx Gauntlets"],"picked":"hubris:TerracottaHorce"},{"not_picked":["SacredBark","Empty Cage"],"picked":"animator:HolyGrailRelic"},{"not_picked":["hubris:Backtick","Replay:Drink Me"],"picked":"Black Star"},{"not_picked":["Honey Jar","Replay:Wanted Poster"],"picked":"Circlet"},{"not_picked":["Circlet","Circlet"],"picked":"Circlet"}],"items_purged_floors":[0,31,38],"is_endless":true,"potions_floor_spawned":[4,6,8,11,12,18,19,33,45,48,56,59,67,76,79,82,96,99,106,110,118,123,131,133,137,140],"ascension_level":1}}