{"host":"q9718omregw4er46","time":1608930875,"event":{"mods":["BaseMod","Colored Powertips","Minty Spire (QoL Compilation)","Quick Restart","Relic Stats"],"gold_per_floor":[112,212,229,229,249,249,280,280,328,328,362,130,150,33,33,107,107,119,136,136,136,136,166,166,199,199,223,223,250,268,284,284,355,355,371,388,122,139,139,165,165,190,214,214,214],"floor_reached":44,"playtime":1394,"items_purged":["Strike_B","Thunder Strike"],"score":1164,"play_id":"63c5a21c-ac68-4a40-bb38-e6cea1c2b92e","local_time":"20201226021435","is_ascension_mode":true,"campfire_choices":[{"data":"Doom and Gloom","floor":6.0,"key":"SMITH"},{"data":"Ball Lightning","floor":8.0,"key":"SMITH"},{"data":"Ball Lightning","floor":10.0,"key":"SMITH"},{"data":"Sunder","floor":15.0,"key":"SMITH"},{"data":"Creative AI","floor":24.0,"key":"SMITH"},{"floor":28.0,"key":"REST"},{"data":"Defragment","floor":32.0,"key":"SMITH"},{"data":"Biased Cognition","floor":41.0,"key":"SMITH"}],"circlet_count":0,"master_deck":["AscendersBane","Strike_B+1","Strike_B+1","Defend_B+1","Defend_B+1","Defend_B+1","Defend_B+1","Dualcast","Ball Lightning+1","Ball Lightning+1","Doom and Gloom+1","Cold Snap","Self Repair","Sunder+1","Echo Form","Creative AI+1","Defragment+1","BootSequence","Biased Cognition+1","Electrodynamics","Reboot"],"relics":["Cracked Core","Juzu Bracelet","Strawberry","Akabeko","Ice Cream","OrangePellets","Nuclear Battery","Bottled Tornado","Shuriken","Centennial Puzzle","Darkstone Periapt","Inserter","Anchor","Art of War","Emotion Chip"],"acts_visited":["Exordium","TheCity","TheBeyond"],"potions_floor_usage":[],"damage_taken":[{"damage":2.0,"enemies":"Jaw Worm","floor":1.0,"turns":3.0},{"damage":0.0,"enemies":"Cultist","floor":3.0,"turns":3.0},{"damage":7.0,"enemies":"Small Slimes","floor":5.0,"turns":3.0},{"damage":25.0,"enemies":"Lagavulin","floor":7.0,"turns":5.0},{"damage":8.0,"enemies":"Gremlin Nob","floor":11.0,"turns":3.0},{"damage":14.0,"enemies":"Exordium Thugs","floor":13.0,"turns":3.0},{"damage":0.0,"enemies":"Slime Boss","floor":16.0,"turns":5.0},{"damage":20.0,"enemies":"Shell Parasite","floor":18.0,"turns":3.0},{"damage":0.0,"enemies":"Chosen","floor":19.0,"turns":3.0},{"damage":15.0,"enemies":"Gremlin Leader","floor":23.0,"turns":6.0},{"damage":65.0,"enemies":"Book of Stabbing","floor":25.0,"turns":5.0},{"damage":1.0,"enemies":"Gremlin Leader","floor":29.0,"turns":5.0},{"damage":10.0,"enemies":"Snecko","floor":30.0,"turns":3.0},{"damage":34.0,"enemies":"Chosen and Byrds","floor":31.0,"turns":5.0},{"damage":23.0,"enemies":"Collector","floor":33.0,"turns":8.0},{"damage":14.0,"enemies":"Orb Walker","floor":35.0,"turns":3.0},{"damage":0.0,"enemies":"3 Shapes","floor":36.0,"turns":5.0},{"damage":12.0,"enemies":"Writhing Mass","floor":38.0,"turns":6.0},{"damage":62.0,"enemies":"Nemesis","floor":40.0,"turns":8.0},{"damage":16.0,"enemies":"Giant Head","floor":42.0,"turns":7.0},{"damage":22,"enemies":"Reptomancer","floor":44,"turns":2}],"seed_played":"672901596732789700","potions_obtained":[{"floor":3.0,"key":"SpeedPotion"},{"floor":7.0,"key":"Regen Potion"},{"floor":11.0,"key":"FairyPotion"},{"floor":16.0,"key":"Swift Potion"},{"floor":18.0,"key":"Fire Potion"},{"floor":23.0,"key":"PotionOfCapacity"},{"floor":25.0,"key":"SpeedPotion"},{"floor":33.0,"key":"AttackPotion"},{"floor":35.0,"key":"Energy Potion"},{"floor":40.0,"key":"LiquidBronze"}],"is_trial":false,"path_per_floor":["M","?","M","?","M","R","E","R","T","R","E","$","M","$","R","B",null,"M","M","?","?","?","E","R","E","T","T","R","E","M","M","R","B",null,"M","M","$","M","?","E","R","E","T","E"],"character_chosen":"DEFECT","items_purchased":["OrangePellets","Self Repair","Sunder","Anchor"],"campfire_rested":1,"item_purchase_floors":[12,14,14,37],"current_hp_per_floor":[62,62,62,62,55,55,37,37,37,37,29,29,20,20,20,27,65,45,52,52,52,52,44,44,37,37,37,60,66,56,36,36,20,64,64,78,78,78,78,30,30,21,21,0,0],"gold":214,"neow_bonus":"RANDOM_COMMON_RELIC","is_daily":false,"chose_seed":false,"campfire_upgraded":7,"win_rate":0.0,"timestamp":1608930875,"path_taken":["M","?","M","?","M","R","E","R","T","R","E","?","M","$","R","BOSS","M","M","?","?","?","E","R","E","T","?","R","E","M","M","R","BOSS","M","M","$","M","?","E","R","E","T","E"],"items_purchased_type":["Relic","Card","Card","Relic"],"build_version":"2020-12-22","purchased_purges":2,"victory":false,"max_hp_per_floor":[71,71,71,71,71,71,78,78,78,78,78,78,78,78,78,78,78,78,78,78,78,78,78,78,78,78,78,78,78,78,78,78,78,78,78,78,78,78,78,78,78,78,78,78,78],"relic_stats":{"Darkstone Periapt":0,"OrangePellets":[10],"Centennial Puzzle":[24],"Emotion Chip":[0,0,0,0,0],"Inserter":[15],"counters":[21,94],"Shuriken":[7],"Juzu Bracelet":2,"Art of War":[2],"obtain_stats":[{"Ice Cream":11,"Darkstone Periapt":29,"Inserter":34,"Juzu Bracelet":0,"Bottled Tornado":25,"Akabeko":9,"Nuclear Battery":17,"OrangePellets":12,"Centennial Puzzle":27,"Anchor":37,"Emotion Chip":42,"Shuriken":26,"Strawberry":7,"Art of War":40,"Cracked Core":0},{"Ice Cream":5,"Darkstone Periapt":12,"Inserter":15,"Juzu Bracelet":0,"Bottled Tornado":11,"Akabeko":4,"Nuclear Battery":7,"OrangePellets":5,"Centennial Puzzle":11,"Anchor":17,"Emotion Chip":20,"Shuriken":11,"Strawberry":4,"Art of War":19,"Cracked Core":0},{"Ice Cream":17,"Darkstone Periapt":47,"Inserter":63,"Juzu Bracelet":0,"Bottled Tornado":42,"Akabeko":14,"Nuclear Battery":25,"OrangePellets":17,"Centennial Puzzle":42,"Anchor":71,"Emotion Chip":92,"Shuriken":42,"Strawberry":14,"Art of War":85,"Cracked Core":0}]},"card_choices":[{"not_picked":["Coolheaded","Scrape"],"picked":"Ball Lightning","floor":1.0},{"not_picked":["Coolheaded","Fusion"],"picked":"Ball Lightning","floor":3.0},{"not_picked":["Force Field","Heatsinks"],"picked":"Doom and Gloom","floor":5.0},{"not_picked":["Multi-Cast","Gash","Rebound"],"picked":"SKIP","floor":7.0},{"not_picked":["Hologram","Go for the Eyes"],"picked":"Cold Snap","floor":11.0},{"not_picked":["Stack","Scrape","Redo"],"picked":"SKIP","floor":13.0},{"not_picked":["Machine Learning","All For One"],"picked":"Echo Form","floor":16.0},{"not_picked":["Leap","Gash","Barrage"],"picked":"SKIP","floor":18.0},{"not_picked":["Doom and Gloom","Gash"],"picked":"Creative AI","floor":19.0},{"not_picked":["Rip and Tear","Coolheaded","Melter+1"],"picked":"SKIP","floor":23.0},{"not_picked":["Sweeping Beam","Rebound","Double Energy"],"picked":"SKIP","floor":25.0},{"not_picked":["Loop+1","Tempest"],"picked":"Defragment","floor":29.0},{"not_picked":["Consume","Streamline","Redo"],"picked":"SKIP","floor":30.0},{"not_picked":["Recycle","Beam Cell"],"picked":"BootSequence","floor":31.0},{"not_picked":["Hyperbeam","All For One"],"picked":"Biased Cognition","floor":33.0},{"not_picked":["Loop","Streamline+1","Rebound+1"],"picked":"SKIP","floor":35.0},{"not_picked":["Coolheaded","Steam","Leap"],"picked":"SKIP","floor":36.0},{"not_picked":["Melter","Fusion","Stack"],"picked":"SKIP","floor":38.0},{"not_picked":["Beam Cell","Hyperbeam"],"picked":"Reboot","floor":40.0},{"not_picked":["Genetic Algorithm","Redo","Gash"],"picked":"SKIP","floor":42.0}],"player_experience":1114054,"relics_obtained":[{"floor":7.0,"key":"Strawberry"},{"floor":9.0,"key":"Akabeko"},{"floor":11.0,"key":"Ice Cream"},{"floor":25.0,"key":"Bottled Tornado"},{"floor":26.0,"key":"Shuriken"},{"floor":27.0,"key":"Centennial Puzzle"},{"floor":29.0,"key":"Darkstone Periapt"},{"floor":40.0,"key":"Art of War"},{"floor":42.0,"key":"Emotion Chip"}],"event_choices":[{"damage_healed":0.0,"max_hp_gain":0.0,"max_hp_loss":0.0,"gold_gain":100.0,"event_name":"Wheel of Change","player_choice":"Gold","floor":2.0,"gold_loss":0.0,"damage_taken":0.0},{"cards_removed":["Strike_B"],"damage_healed":0.0,"max_hp_gain":0.0,"max_hp_loss":0.0,"gold_gain":0.0,"event_name":"Bonfire Elementals","player_choice":"Offered Basic","floor":4.0,"gold_loss":0.0,"damage_taken":0.0},{"damage_healed":0.0,"max_hp_gain":0.0,"max_hp_loss":0.0,"gold_gain":0.0,"event_name":"Back to Basics","player_choice":"Simplicity","floor":20.0,"gold_loss":0.0,"damage_taken":0.0,"cards_upgraded":["Strike_B","Strike_B","Defend_B","Defend_B","Defend_B","Defend_B"]},{"damage_healed":0.0,"max_hp_gain":0.0,"max_hp_loss":0.0,"gold_gain":0.0,"event_name":"Match and Keep!","player_choice":"1 cards matched","floor":21.0,"gold_loss":0.0,"damage_taken":0.0,"cards_obtained":["Thunder Strike"]},{"damage_healed":0.0,"max_hp_gain":0.0,"max_hp_loss":0.0,"gold_gain":0.0,"event_name":"Match and Keep!","player_choice":"1 cards matched","floor":21.0,"gold_loss":0.0,"damage_taken":0.0,"cards_obtained":["Thunder Strike"]},{"damage_healed":0.0,"max_hp_gain":0.0,"max_hp_loss":0.0,"gold_gain":0.0,"event_name":"The Mausoleum","player_choice":"Ignored","floor":22.0,"gold_loss":0.0,"damage_taken":0.0},{"damage_healed":0.0,"max_hp_gain":0.0,"max_hp_loss":0.0,"gold_gain":0.0,"cards_transformed":["Zap"],"event_name":"Transmorgrifier","player_choice":"Transformed","floor":39.0,"gold_loss":0.0,"damage_taken":0.0,"cards_obtained":["Electrodynamics"]}],"is_beta":false,"boss_relics":[{"not_picked":["Pandora\u0027s Box","Fusion Hammer"],"picked":"Nuclear Battery"},{"not_picked":["Runic Pyramid","Coffee Dripper"],"picked":"Inserter"}],"items_purged_floors":[12,37],"is_endless":false,"potions_floor_spawned":[3,7,11,16,18,23,25,33,35,40],"killed_by":"Reptomancer","ascension_level":20}}