{"host":"wbdldanbffix1hn8","time":1608880879,"event":{"mods":["Act Like it!","BaseMod","BetterRewards","Colored Map","Colored Powertips","Downfall","Hallownest","Hermit","Infinite Spire","Mad Scientist","Minty Spire (QoL Compilation)","Rare Cards Sparkle","Replay The Spire","Shop Mod","Somnambulant","StSLib","The Bug Knight","The Cursed","The Forsaken","The Hierophant","The Necromancer","The Poker Player","The Runesmith"],"gold_per_floor":[118,130,405,417,434,434,434],"floor_reached":6,"playtime":302,"items_purged":["Strike_G"],"score":42,"play_id":"fb40e88c-fa11-41c4-aef3-1b2cd3cca2a9","local_time":"20201225022119","is_ascension_mode":true,"campfire_choices":[],"circlet_count":0,"master_deck":["Strike_G","Strike_G","Strike_G","Strike_G","Defend_G","Defend_G","Defend_G","Defend_G","Defend_G","Survivor","Neutralize","Noxious Fumes","Quick Slash","Dagger Spray","Backflip","Regret","Catalyst","Poison Darts"],"relics":["Ring of the Snake"],"acts_visited":["Exordium"],"potions_floor_usage":[6],"damage_taken":[{"damage":8,"enemies":"Cultist","floor":1,"turns":4},{"damage":9,"enemies":"Jaw Worm","floor":2,"turns":3},{"damage":21,"enemies":"infinitespire:Voidling","floor":4,"turns":5},{"damage":22,"enemies":"Looter","floor":5,"turns":4},{"damage":10,"enemies":"3 Sentries","floor":6,"turns":4}],"seed_played":"-2058339086282792657","potions_obtained":[{"floor":1,"key":"sneckomod:MuddlingPotion"},{"floor":5,"key":"Adrenaline Potion"}],"is_trial":false,"path_per_floor":["M","M","?","M","M","E"],"character_chosen":"THE_SILENT","items_purchased":["Noxious Fumes","Quick Slash"],"campfire_rested":0,"item_purchase_floors":[0,0],"current_hp_per_floor":[53,44,44,32,10,0,0],"gold":434,"neow_bonus":"","is_daily":false,"chose_seed":false,"campfire_upgraded":0,"win_rate":0.0,"timestamp":1608880879,"path_taken":["M","M","?","?","M","E"],"items_purchased_type":["Card","Card"],"build_version":"2020-12-22","purchased_purges":1,"victory":false,"max_hp_per_floor":[70,70,70,70,70,70,70],"card_choices":[{"not_picked":["Bane","Skewer"],"picked":"Dagger Spray","floor":1},{"not_picked":["Blade Dance","Well Laid Plans"],"picked":"Backflip","floor":2},{"not_picked":["Dagger Throw","Poisoned Stab"],"picked":"Catalyst","floor":4},{"not_picked":["Eviscerate","Bane"],"picked":"Poison Darts","floor":5}],"player_experience":144513,"relics_obtained":[],"event_choices":[{"damage_healed":0,"gold_gain":275,"player_choice":"Desecrate","damage_taken":0,"max_hp_gain":0,"max_hp_loss":0,"event_name":"Golden Shrine","floor":3,"gold_loss":0,"cards_obtained":["Regret"]}],"is_beta":false,"boss_relics":[],"items_purged_floors":[0],"is_endless":false,"potions_floor_spawned":[1,5],"killed_by":"3 Sentries","ascension_level":2}}