{"host":"z5ys1wbqpsyqmecy","time":1608939752,"event":{"mods":["BaseMod","Colored Map","Colored Powertips","Minty Spire (QoL Compilation)","Relic Stats"],"gold_per_floor":[117,135,147,166,166,198,215,240,240,251,68,102,121,121,121,216,216,232,249,274,293,304,332,332,350,350,350,350,367,398,195,195,195,195],"floor_reached":33,"playtime":2819,"items_purged":["Pain"],"score":411,"play_id":"b874f74c-2dff-4eee-b5b7-07de55ccb451","local_time":"20201225154232","is_ascension_mode":false,"campfire_choices":[{"data":"Deadly Poison","floor":15,"key":"SMITH"},{"data":"Dodge and Roll","floor":24,"key":"SMITH"},{"floor":27,"key":"REST"},{"data":"Ghostly","floor":32,"key":"SMITH"}],"circlet_count":0,"master_deck":["Strike_G","Strike_G","Strike_G","Strike_G","Strike_G","Defend_G","Defend_G","Defend_G","Defend_G","Defend_G","Survivor","Neutralize","Escape Plan","Escape Plan","Bane","Deadly Poison+1","Poisoned Stab","Backstab","Flying Knee","Sucker Punch","Dodge and Roll+1","Bouncing Flask","Caltrops","A Thousand Cuts","Dodge and Roll","Envenom","Bouncing Flask","Flechettes","Blur+1","Masterful Stab+1","Deflect+1","Deflect","Ghostly+1","Ghostly","Ghostly","Ghostly","Ghostly","Cloak And Dagger+1","Deflect+1","Deflect"],"relics":["Ring of the Snake","WarpedTongs","Anchor","Bottled Lightning","Vajra","Art of War","Eternal Feather","Sozu","Potion Belt","Bronze Scales","Kunai","TungstenRod","PreservedInsect"],"acts_visited":["Exordium","TheCity"],"potions_floor_usage":[8,12,16],"damage_taken":[{"damage":0,"enemies":"2 Louse","floor":1,"turns":4},{"damage":0,"enemies":"Cultist","floor":2,"turns":5},{"damage":0,"enemies":"Jaw Worm","floor":3,"turns":4},{"damage":0,"enemies":"Red Slaver","floor":4,"turns":4},{"damage":18,"enemies":"Gremlin Nob","floor":6,"turns":4},{"damage":3,"enemies":"3 Louse","floor":7,"turns":3},{"damage":23,"enemies":"3 Sentries","floor":8,"turns":7},{"damage":4,"enemies":"Blue Slaver","floor":10,"turns":3},{"damage":0,"enemies":"Lagavulin","floor":12,"turns":5},{"damage":0,"enemies":"2 Fungi Beasts","floor":13,"turns":3},{"damage":22,"enemies":"Hexaghost","floor":16,"turns":7},{"damage":0,"enemies":"3 Byrds","floor":18,"turns":3},{"damage":3,"enemies":"2 Thieves","floor":19,"turns":4},{"damage":18,"enemies":"Snake Plant","floor":21,"turns":3},{"damage":5,"enemies":"Cultist and Chosen","floor":22,"turns":4},{"damage":29,"enemies":"Slavers","floor":23,"turns":6},{"damage":10,"enemies":"3 Cultists","floor":25,"turns":5},{"damage":6,"enemies":"Snake Plant","floor":29,"turns":3},{"damage":27,"enemies":"Gremlin Leader","floor":30,"turns":5},{"damage":53,"enemies":"Champ","floor":33,"turns":12}],"seed_played":"-8362528711422453130","potions_obtained":[{"floor":1,"key":"SkillPotion"},{"floor":2,"key":"CunningPotion"},{"floor":8,"key":"Swift Potion"},{"floor":12,"key":"Explosive Potion"},{"floor":16,"key":"FairyPotion"}],"is_trial":false,"path_per_floor":["M","M","M","M","?","E","M","E","T","M","$","E","M","?","R","B",null,"M","M","T","M","M","E","R","M","T","R","?","M","E","$","R","B"],"character_chosen":"THE_SILENT","items_purchased":["Bouncing Flask","Caltrops","PreservedInsect","Deflect"],"campfire_rested":1,"item_purchase_floors":[11,11,31,31],"current_hp_per_floor":[70,70,70,70,70,52,49,26,26,22,22,22,22,22,37,15,70,70,67,67,49,44,15,33,23,23,62,35,29,2,2,26,0,0],"gold":195,"neow_bonus":"THREE_CARDS","is_daily":false,"chose_seed":false,"campfire_upgraded":3,"win_rate":0.0,"timestamp":1608939752,"path_taken":["M","M","M","M","?","E","M","E","T","?","$","E","M","?","R","BOSS","M","M","?","M","M","E","R","M","T","R","?","M","E","?","R","BOSS"],"items_purchased_type":["Card","Card","Relic","Card"],"build_version":"2020-12-22","purchased_purges":1,"victory":false,"max_hp_per_floor":[70,70,70,70,70,70,70,70,70,70,70,70,70,70,70,70,70,70,70,70,70,70,70,70,70,70,70,35,35,35,35,35,35,35],"relic_stats":{"Sozu":3,"counters":[20,94],"Bronze Scales":[63],"Eternal Feather":75,"PreservedInsect":0,"Art of War":[5],"Kunai":[5],"obtain_stats":[{"Potion Belt":20,"Vajra":9,"Eternal Feather":14,"PreservedInsect":31,"WarpedTongs":5,"Sozu":17,"Anchor":6,"Bronze Scales":23,"Art of War":12,"Bottled Lightning":8,"Kunai":26,"TungstenRod":30,"Ring of the Snake":0},{"Potion Belt":13,"Vajra":7,"Eternal Feather":10,"PreservedInsect":19,"WarpedTongs":4,"Sozu":11,"Anchor":5,"Bronze Scales":16,"Art of War":9,"Bottled Lightning":7,"Kunai":17,"TungstenRod":19,"Ring of the Snake":0},{"Potion Belt":56,"Vajra":31,"Eternal Feather":42,"PreservedInsect":82,"WarpedTongs":17,"Sozu":49,"Anchor":21,"Bronze Scales":69,"Art of War":39,"Bottled Lightning":31,"Kunai":74,"TungstenRod":82,"Ring of the Snake":0}],"TungstenRod":5,"Ring of the Snake":[40],"WarpedTongs":[77]},"card_choices":[{"not_picked":["Acrobatics","Leg Sweep"],"picked":"Escape Plan","floor":0},{"not_picked":["Expertise","PiercingWail"],"picked":"Escape Plan","floor":1},{"not_picked":["Leg Sweep","Acrobatics"],"picked":"Bane","floor":2},{"not_picked":["Backflip","Underhanded Strike"],"picked":"Deadly Poison","floor":3},{"not_picked":["Acrobatics","Cloak And Dagger"],"picked":"Poisoned Stab","floor":4},{"not_picked":["Underhanded Strike","PiercingWail"],"picked":"Backstab","floor":6},{"not_picked":["Finisher","Footwork"],"picked":"Flying Knee","floor":7},{"not_picked":["Underhanded Strike","Finisher"],"picked":"Sucker Punch","floor":8},{"not_picked":["Underhanded Strike","Dagger Throw"],"picked":"Dodge and Roll","floor":10},{"not_picked":["Escape Plan","Flying Knee"],"picked":"A Thousand Cuts","floor":12},{"not_picked":["Outmaneuver","Deadly Poison"],"picked":"Dodge and Roll","floor":13},{"not_picked":["Phantasmal Killer","Unload"],"picked":"Envenom","floor":16},{"not_picked":["Outmaneuver","Sucker Punch"],"picked":"Bouncing Flask","floor":18},{"not_picked":["Finisher+1","Sucker Punch"],"picked":"Flechettes","floor":19},{"not_picked":["Flying Knee+1","Caltrops"],"picked":"Blur+1","floor":21},{"not_picked":["Accuracy","Footwork"],"picked":"Masterful Stab+1","floor":22},{"not_picked":["Dagger Spray+1","Acrobatics"],"picked":"Deflect+1","floor":23},{"not_picked":["All Out Attack","A Thousand Cuts"],"picked":"Deflect","floor":25},{"not_picked":["Flying Knee","Slice+1"],"picked":"Cloak And Dagger+1","floor":29},{"not_picked":["Wraith Form v2","Deadly Poison"],"picked":"Deflect+1","floor":30}],"player_experience":44187,"relics_obtained":[{"floor":6,"key":"Anchor"},{"floor":8,"key":"Bottled Lightning"},{"floor":9,"key":"Vajra"},{"floor":12,"key":"Art of War"},{"floor":20,"key":"Potion Belt"},{"floor":23,"key":"Bronze Scales"},{"floor":26,"key":"Kunai"},{"floor":30,"key":"TungstenRod"}],"event_choices":[{"damage_healed":0,"gold_gain":0,"player_choice":"Rummage","damage_taken":0,"relics_obtained":["WarpedTongs"],"max_hp_gain":0,"max_hp_loss":0,"event_name":"Accursed Blacksmith","floor":5,"gold_loss":0,"cards_obtained":["Pain"]},{"damage_healed":0,"gold_gain":0,"player_choice":"Gave Potion","damage_taken":0,"relics_obtained":["Eternal Feather"],"max_hp_gain":0,"max_hp_loss":0,"event_name":"WeMeetAgain","floor":14,"gold_loss":0},{"damage_healed":0,"gold_gain":0,"player_choice":"Became a Ghost","damage_taken":0,"max_hp_gain":0,"max_hp_loss":35,"event_name":"Ghosts","floor":28,"gold_loss":0,"cards_obtained":["Ghostly","Ghostly","Ghostly","Ghostly","Ghostly"]}],"is_beta":false,"boss_relics":[{"not_picked":["Pandora\u0027s Box","WristBlade"],"picked":"Sozu"}],"items_purged_floors":[11],"is_endless":false,"potions_floor_spawned":[1,2,8,12,16,21,25,30],"killed_by":"Champ","ascension_level":0}}