{"host":"anox4050deqdcqoh","time":1608924368,"event":{"mods":["BaseMod","Colored Map","Minty Spire (QoL Compilation)","Quick Restart"],"gold_per_floor":[112,127,56,56,71,71,97,108,108,18,29,60,60,80,80,177,177,189,97,109,109,109,109,126,126,126,126,155,177,199,199,199,309,309,333,392,415,424,26,26,43,53,53,67,86,97,97,97,97,97,97,97,45,81,81,81],"floor_reached":55,"playtime":3096,"items_purged":[],"score":665,"play_id":"aa652722-8dc4-410a-81dd-e74cd4dd22de","local_time":"20201225142608","is_ascension_mode":true,"campfire_choices":[{"data":"Metallicize","floor":6,"key":"SMITH"},{"data":"Rampage","floor":15,"key":"SMITH"},{"floor":23,"key":"RECALL"},{"data":"Berserk","floor":25,"key":"SMITH"},{"floor":27,"key":"REST"},{"floor":32,"key":"REST"},{"data":"1","floor":40,"key":"LIFT"},{"floor":47,"key":"REST"},{"floor":49,"key":"REST"},{"data":"Barricade","floor":52,"key":"SMITH"}],"circlet_count":0,"master_deck":["Strike_R","Strike_R","Strike_R","Strike_R","Strike_R","Defend_R","Defend_R","Defend_R","Defend_R","Bash","Metallicize+1","Armaments+1","Flame Barrier","Rampage+1","Body Slam","Dramatic Entrance+1","Cleave+1","Twin Strike+1","Berserk+1","Bandage Up+1","Feel No Pain+1","J.A.X.+1","Heavy Blade+1","Pummel+1","Disarm+1","Clothesline+1","Barricade+1","Disarm+1","Bloodletting+1","Carnage+1","Good Instincts+1","Intimidate+1","Uppercut+1"],"relics":["Burning Blood","TungstenRod","Matryoshka","Molten Egg 2","Paper Frog","Toxic Egg 2","Mark of Pain","StoneCalendar","CeramicFish","Runic Pyramid","Girya","Medical Kit","Bottled Tornado","Letter Opener","Nunchaku"],"acts_visited":["Exordium","TheCity","TheBeyond","TheEnding"],"potions_floor_usage":[7,12,16,16,33,35,50,54,54,55],"damage_taken":[{"damage":5,"enemies":"2 Louse","floor":1,"turns":3},{"damage":2,"enemies":"Small Slimes","floor":2,"turns":3},{"damage":1,"enemies":"Jaw Worm","floor":5,"turns":6},{"damage":8,"enemies":"Lagavulin","floor":7,"turns":10},{"damage":2,"enemies":"Blue Slaver","floor":8,"turns":4},{"damage":0,"enemies":"Gremlin Gang","floor":11,"turns":1},{"damage":24,"enemies":"3 Sentries","floor":12,"turns":9},{"damage":0,"enemies":"3 Louse","floor":14,"turns":1},{"damage":8,"enemies":"Hexaghost","floor":16,"turns":10},{"damage":21,"enemies":"3 Byrds","floor":18,"turns":5},{"damage":25,"enemies":"2 Thieves","floor":20,"turns":4},{"damage":22,"enemies":"Centurion and Healer","floor":24,"turns":7},{"damage":44,"enemies":"Snake Plant","floor":28,"turns":5},{"damage":12,"enemies":"Snecko","floor":29,"turns":4},{"damage":12,"enemies":"Centurion and Healer","floor":30,"turns":5},{"damage":21,"enemies":"Champ","floor":33,"turns":9},{"damage":31,"enemies":"3 Darklings","floor":35,"turns":7},{"damage":4,"enemies":"Mind Bloom Boss Battle","floor":36,"turns":7},{"damage":2,"enemies":"Orb Walker","floor":37,"turns":5},{"damage":31,"enemies":"Jaw Worm Horde","floor":41,"turns":7},{"damage":13,"enemies":"4 Shapes","floor":42,"turns":5},{"damage":15,"enemies":"Maw","floor":44,"turns":7},{"damage":47,"enemies":"3 Darklings","floor":45,"turns":6},{"damage":3,"enemies":"4 Shapes","floor":46,"turns":7},{"damage":35,"enemies":"Time Eater","floor":50,"turns":11},{"damage":78,"enemies":"Shield and Spear","floor":54,"turns":8},{"damage":40,"enemies":"The Heart","floor":55,"turns":2}],"seed_played":"-2542075058323520544","potions_obtained":[{"floor":1,"key":"AttackPotion"},{"floor":8,"key":"Block Potion"},{"floor":12,"key":"Dexterity Potion"},{"floor":14,"key":"DuplicationPotion"},{"floor":24,"key":"SpeedPotion"},{"floor":30,"key":"Fire Potion"},{"floor":35,"key":"BlessingOfTheForge"},{"floor":41,"key":"SpeedPotion"},{"floor":46,"key":"Dexterity Potion"},{"floor":54,"key":"ElixirPotion"}],"is_trial":false,"path_per_floor":["M","M","$","?","M","R","E","M","T","$","M","E","?","M","R","B",null,"M","$","M","?","?","R","M","R","T","R","M","M","M","?","R","B",null,"M","?","M","?","$","R","M","M","T","M","M","M","R","?","R","B",null,"R","$","E","B"],"character_chosen":"IRONCLAD","items_purchased":["Flame Barrier","Dramatic Entrance+1","Bandage Up+1","Medical Kit","Bottled Tornado","SkillPotion"],"campfire_rested":4,"item_purchase_floors":[3,10,19,39,39,53],"current_hp_per_floor":[57,61,61,61,66,66,64,68,68,68,74,56,61,67,67,65,85,70,70,57,57,57,57,47,47,47,72,40,40,40,25,52,43,90,71,79,83,83,83,83,64,63,63,60,25,34,61,61,88,65,90,90,90,24,0,0],"gold":81,"neow_bonus":"ONE_RARE_RELIC","is_daily":false,"chose_seed":false,"campfire_upgraded":4,"win_rate":0.0,"timestamp":1608924368,"path_taken":["M","M","$","?","M","R","E","M","T","$","M","E","?","M","R","BOSS","M","$","M","?","?","R","?","R","T","R","M","M","M","?","R","BOSS","M","?","M","?","$","R","M","M","T","M","M","M","R","?","R","BOSS","R","$","E","BOSS"],"items_purchased_type":["Card","Card","Card","Relic","Relic","Potion"],"build_version":"2020-12-22","purchased_purges":0,"victory":false,"max_hp_per_floor":[80,80,80,80,80,80,80,80,80,80,80,80,85,85,85,85,85,85,85,85,85,85,85,85,85,85,85,85,85,85,90,90,90,90,90,90,90,90,90,90,90,90,90,90,90,90,90,90,90,90,90,90,90,90,90,90],"card_choices":[{"not_picked":["Anger","Perfected Strike"],"picked":"Metallicize","floor":1},{"not_picked":["Thunderclap","Shrug It Off"],"picked":"Armaments","floor":2},{"not_picked":["Combust","Clash","True Grit"],"picked":"SKIP","floor":5},{"not_picked":["Pummel","Wild Strike"],"picked":"Rampage","floor":7},{"not_picked":["Twin Strike","Combust"],"picked":"Body Slam","floor":8},{"not_picked":["Combust","Dark Embrace","Headbutt+1"],"picked":"SKIP","floor":11},{"not_picked":["Sever Soul+1","Twin Strike+1"],"picked":"Cleave+1","floor":12},{"not_picked":["Headbutt+1","Second Wind+1"],"picked":"Twin Strike+1","floor":14},{"not_picked":["Fiend Fire+1","Double Tap+1"],"picked":"Berserk","floor":16},{"not_picked":["Pommel Strike+1","Rage+1"],"picked":"Flex+1","floor":18},{"not_picked":["Twin Strike+1","Hemokinesis+1"],"picked":"Feel No Pain+1","floor":20},{"not_picked":["Thunderclap+1","Anger+1"],"picked":"Heavy Blade+1","floor":24},{"not_picked":["Warcry+1","Clash+1"],"picked":"Pummel+1","floor":28},{"not_picked":["Entrench+1","Flex+1"],"picked":"Disarm+1","floor":29},{"not_picked":["Havoc+1","Heavy Blade+1"],"picked":"Clothesline+1","floor":30},{"not_picked":["Demon Form","Brutality"],"picked":"Barricade","floor":33},{"not_picked":["Armaments+1","Warcry+1"],"picked":"Disarm+1","floor":35},{"not_picked":["Cleave+1","Armaments+1"],"picked":"Bloodletting+1","floor":36},{"not_picked":["Pommel Strike+1","Second Wind+1"],"picked":"Carnage+1","floor":37},{"not_picked":["Dramatic Entrance+1","Forethought+1"],"picked":"Good Instincts+1","floor":38},{"not_picked":["Reckless Charge+1","Anger+1","Sword Boomerang+1"],"picked":"SKIP","floor":41},{"not_picked":["Feed+1","Sever Soul+1","Dual Wield+1"],"picked":"SKIP","floor":42},{"not_picked":["Clash+1","Perfected Strike+1","Shrug It Off+1"],"picked":"SKIP","floor":44},{"not_picked":["Battle Trance+1","Ghostly Armor+1"],"picked":"Intimidate+1","floor":45},{"not_picked":["Perfected Strike+1","Heavy Blade+1","Shrug It Off+1"],"picked":"SKIP","floor":46},{"not_picked":["Spot Weakness+1","Perfected Strike+1"],"picked":"Uppercut+1","floor":54}],"player_experience":202424,"relics_obtained":[{"floor":7,"key":"Matryoshka"},{"floor":9,"key":"Molten Egg 2"},{"floor":9,"key":"Paper Frog"},{"floor":12,"key":"Toxic Egg 2"},{"floor":26,"key":"CeramicFish"},{"floor":36,"key":"Girya"},{"floor":43,"key":"Letter Opener"},{"floor":54,"key":"Nunchaku"}],"event_choices":[{"damage_healed":0,"gold_gain":0,"player_choice":"Grow","damage_taken":0,"max_hp_gain":0,"max_hp_loss":0,"event_name":"Living Wall","floor":4,"gold_loss":0,"cards_upgraded":["Armaments"]},{"damage_healed":0,"gold_gain":0,"player_choice":"Donut","damage_taken":0,"max_hp_gain":5,"max_hp_loss":0,"event_name":"Big Fish","floor":13,"gold_loss":0},{"damage_healed":0,"gold_gain":0,"player_choice":"Obtain J.A.X.","damage_taken":0,"max_hp_gain":0,"max_hp_loss":0,"event_name":"Drug Dealer","floor":21,"gold_loss":0,"cards_obtained":["J.A.X."]},{"cards_removed":["Flex"],"damage_healed":0,"gold_gain":0,"player_choice":"Gave Card","damage_taken":0,"relics_obtained":["StoneCalendar"],"max_hp_gain":0,"max_hp_loss":0,"event_name":"WeMeetAgain","floor":22,"gold_loss":0},{"damage_healed":0,"gold_gain":0,"player_choice":"Shed Blood","damage_taken":21,"max_hp_gain":5,"max_hp_loss":0,"event_name":"Forgotten Altar","floor":31,"gold_loss":0},{"damage_healed":0,"gold_gain":0,"player_choice":"Fight","damage_taken":0,"max_hp_gain":0,"max_hp_loss":0,"event_name":"MindBloom","floor":36,"gold_loss":0},{"damage_healed":0,"gold_gain":0,"player_choice":"Memory 1","damage_taken":0,"max_hp_gain":0,"max_hp_loss":0,"event_name":"SensoryStone","floor":38,"gold_loss":0},{"damage_healed":0,"gold_gain":0,"player_choice":"Ignored","damage_taken":0,"max_hp_gain":0,"max_hp_loss":0,"event_name":"Mysterious Sphere","floor":48,"gold_loss":0}],"is_beta":false,"boss_relics":[{"not_picked":["Coffee Dripper","SacredBark"],"picked":"Mark of Pain"},{"not_picked":["Philosopher\u0027s Stone","Calling Bell"],"picked":"Runic Pyramid"}],"items_purged_floors":[],"is_endless":false,"potions_floor_spawned":[1,8,12,14,16,24,30,35,41,46,54],"killed_by":"The Heart","ascension_level":1}}