{"host":"u9xtr94typ21duox","time":1608881620,"event":{"mods":["BaseMod","Key Reminder","KinomotoSakuraMod(木之本樱)","LagranYue(拉格朗・月)","Marisa（F雨　魔理沙）","Minty Spire (QoL Compilation)","Reimu（博丽灵梦）","Remilia（蕾米莉亚）","Replay The Spire","StSLib","Td1madao Mod","The Administrix","The Bladedancer","The Bug Knight","The Construct","The Cursed","The Gatherer","The Runesmith","The Servant 0.9.4","WarShipGirlsR/战舰少女R mod","Youmu（魂魄妖梦）","vexMod"],"gold_per_floor":[111,101,4,16,28,55,55,88,142,153,173,207,227,65,65,161,161,176,176,190,190,90,90,90],"floor_reached":23,"playtime":991,"items_purged":["Strike_B","Strike_B"],"score":286,"play_id":"e0020cb2-91b7-4eaa-b4ad-5d8d73091cd3","local_time":"20201225153340","is_ascension_mode":false,"campfire_choices":[{"data":"Loop","floor":15,"key":"SMITH"}],"circlet_count":0,"master_deck":["Strike_B+1","Strike_B","Defend_B+1","Defend_B","Defend_B","Defend_B+1","Zap+1","Dualcast","Streamline","Electrodynamics","Specialist","Panic Button","ReplayTheSpireMod:System Scan","Capacitor","Loop+1","Capacitor","Conserve Battery","Thunder Strike","Hologram+1","Zap+1","ReplayTheSpireMod:Calculation Training"],"relics":["Cracked Core","LagranYue:RandomDrawCardRelic","NeowsBlessing","Pantograph","Replay:Wax Seal","Replay:Rubber Ducky","Simple Rune","War Paint","vexMod:MysteryBossChallenge","RampagingMagicTools"],"acts_visited":["Exordium","TheCity"],"potions_floor_usage":[6,12],"damage_taken":[{"damage":0,"enemies":"Jaw Worm","floor":1,"turns":1},{"damage":0,"enemies":"Small Slimes","floor":4,"turns":1},{"damage":0,"enemies":"2 Louse","floor":5,"turns":1},{"damage":0,"enemies":"Gremlin Nob","floor":6,"turns":2},{"damage":16,"enemies":"3 Sentries","floor":8,"turns":5},{"damage":7,"enemies":"Gremlin Gang","floor":10,"turns":3},{"damage":0,"enemies":"2 Fungi Beasts","floor":11,"turns":3},{"damage":27,"enemies":"Gremlin Nob","floor":12,"turns":5},{"damage":4,"enemies":"Exordium Thugs","floor":13,"turns":3},{"damage":0,"enemies":"Fading Forest","floor":16,"turns":11},{"damage":0,"enemies":"3 Byrds","floor":18,"turns":2},{"damage":12,"enemies":"Spheric Guardian","floor":20,"turns":5},{"damage":80,"enemies":"Slavers","floor":23,"turns":4}],"seed_played":"-5748817484198624383","potions_obtained":[{"floor":4,"key":"DuplicationPotion"},{"floor":8,"key":"Fire Potion"},{"floor":11,"key":"PowerPotion"},{"floor":12,"key":"PowerPotion"},{"floor":13,"key":"FocusPotion"}],"is_trial":false,"path_per_floor":["M","?","$","M","M","E","?","E","T","M","M","E","M","$","R","B",null,"M","?","M","$","$","E"],"character_chosen":"DEFECT","items_purchased":["Specialist","Capacitor","Conserve Battery"],"campfire_rested":0,"item_purchase_floors":[3,14,14],"current_hp_per_floor":[75,75,75,75,75,75,75,59,59,52,52,25,21,21,21,56,75,75,75,63,63,63,0,0],"gold":90,"neow_bonus":"THREE_ENEMY_KILL","is_daily":false,"chose_seed":false,"campfire_upgraded":1,"win_rate":0.0,"timestamp":1608881620,"path_taken":["M","?","$","M","M","E","?","E","T","?","M","E","M","$","R","BOSS","M","?","M","?","$","E"],"items_purchased_type":["Card","Card","Card"],"build_version":"2020-12-22","purchased_purges":2,"victory":false,"max_hp_per_floor":[75,75,75,75,75,75,75,75,75,75,75,75,75,75,75,75,75,75,75,75,75,75,75,75],"card_choices":[{"not_picked":["Compile Driver","ReplaySort"],"picked":"Streamline","floor":1},{"not_picked":[],"picked":"Electrodynamics","floor":2},{"not_picked":["Heatsinks","Reinforced Body","Aggregate"],"picked":"SKIP","floor":4},{"not_picked":["Barrage","ReplayTheSpireMod:System Scan"],"picked":"Panic Button","floor":5},{"not_picked":["Fusion","Electrodynamics"],"picked":"Hologram","floor":6},{"not_picked":["Scrape","White Noise"],"picked":"ReplayTheSpireMod:System Scan","floor":8},{"not_picked":["Gash","Redo"],"picked":"Capacitor","floor":10},{"not_picked":["Compile Driver","Sweeping Beam","Aggregate"],"picked":"SKIP","floor":11},{"not_picked":["Compile Driver","Force Field","Doom and Gloom"],"picked":"SKIP","floor":12},{"not_picked":["Compile Driver","Force Field"],"picked":"Loop","floor":13},{"not_picked":["Electrodynamics","Seek"],"picked":"Thunder Strike","floor":16},{"not_picked":["ReplayTheSpireMod:System Scan","Leap"],"picked":"Hologram+1","floor":18},{"not_picked":["ReplayTheSpireMod:Reroute Power+1","ReplayTheSpireMod:GoodbyeWorld"],"picked":"ReplayTheSpireMod:Calculation Training","floor":20}],"player_experience":242472,"relics_obtained":[{"floor":6,"key":"Pantograph"},{"floor":8,"key":"Replay:Rubber Ducky"},{"floor":9,"key":"Simple Rune"},{"floor":12,"key":"War Paint"}],"event_choices":[{"cards_removed":["Hologram"],"damage_healed":0,"gold_gain":0,"player_choice":"Gave Card","damage_taken":0,"relics_obtained":["Replay:Wax Seal"],"max_hp_gain":0,"max_hp_loss":0,"event_name":"WeMeetAgain","floor":7,"gold_loss":0},{"damage_healed":0,"gold_gain":0,"player_choice":"Copied","damage_taken":0,"max_hp_gain":0,"max_hp_loss":0,"event_name":"Duplicator","floor":19,"gold_loss":0,"cards_obtained":["Zap"]}],"is_beta":false,"boss_relics":[{"not_picked":["Runesmith:UraniumAnvil","SacredBark"],"picked":"vexMod:MysteryBossChallenge"}],"items_purged_floors":[14,22],"is_endless":false,"potions_floor_spawned":[4,8,11,12,13,16,20],"killed_by":"Slavers","ascension_level":0}}