{"host":"1vqon1dbpr5c1qll","time":1608865075,"event":{"mods":["2.2 Compatiblity","AchievementEnabler","BaseMod","BetterRewards","Colored Map","DeckTracker","GungeonMod","Hermit","Highlight Path","Minty Spire (QoL Compilation)","Permanent Neow","Quick Restart","Random Character Button","Replay The Spire","StSLib","SuperFastMode","The Cursed","The Dragon Tamer","The Servant 0.9.4","everything is the same but u backflip on backflip"],"gold_per_floor":[114,114,129,14,29,59,74,104,104,134,212,212,242,257,257,357,357,372,372,372,222,97,97,127,127,152,182,182,212,227,257,257,369,369,396,37,37,37,37,81,81,135,135,135,183,33,81,81,81,115],"floor_reached":51,"playtime":2049,"items_purged":[],"score":1761,"play_id":"35538720-fb50-47f4-a47f-4c067a7dfdc2","local_time":"20201225115755","daily_mods":["Draft","Hoarder","Elite Swarm"],"is_ascension_mode":false,"campfire_choices":[{"floor":15,"key":"DIG"},{"data":"After Image","floor":23,"key":"SMITH"},{"floor":25,"key":"REST"},{"floor":32,"key":"DIG"},{"floor":41,"key":"REST"},{"data":"1","floor":44,"key":"LIFT"},{"data":"2","floor":49,"key":"LIFT"}],"circlet_count":0,"master_deck":["Hidden Blade+1","Hidden Blade+1","Hidden Blade+1","Bouncing Flask+1","Bouncing Flask+1","Bouncing Flask+1","Toxin Wave+1","Toxin Wave+1","Toxin Wave+1","Terror+1","Terror+1","Terror+1","PiercingWail+1","PiercingWail+1","PiercingWail+1","Slice+1","Slice+1","Slice+1","Slice+1","Slice+1","Slice+1","Replay:Poison Smokescreen+1","Replay:Poison Smokescreen+1","Replay:Poison Smokescreen+1","Predator+1","Predator+1","Predator+1","Dodge and Roll+1","Dodge and Roll+1","Dodge and Roll+1","Dagger Spray+1","Dagger Spray+1","Dagger Spray+1","Sneak Up+1","Sneak Up+1","Slice+1","Slice+1","Slice+1","Backstab+1","Backstab+1","Backstab+1","Deadly Poison+1","Deadly Poison+1","Deadly Poison+1","Leg Sweep+1","Leg Sweep+1","Leg Sweep+1","After Image+1","After Image+1","After Image+1","Calculated Gamble+1","Calculated Gamble+1","Calculated Gamble+1","Bullet Time+1","Bullet Time+1","Bullet Time+1","Phantasmal Killer+1","Phantasmal Killer+1","Phantasmal Killer+1","Cloak And Dagger+1","Cloak And Dagger+1","Cloak And Dagger+1","Atom Bomb+1","Atom Bomb+1","Atom Bomb+1","Bite+1","Bite+1","Bite+1","Bite+1","Bite+1","Bite+1","Bite+1","Bite+1","Bite+1","Bite+1","Bite+1","Bite+1","Bite+1","Bite+1","Bite+1","Master of Strategy+1","Master of Strategy+1","Master of Strategy+1","Sadistic Nature+1","Sadistic Nature+1","Sadistic Nature+1","Die Die Die+1","Die Die Die+1","Die Die Die+1","Envenom+1","Envenom+1","Envenom+1","Crippling Poison+1","Crippling Poison+1","Crippling Poison+1","Dodge and Roll+1","Dodge and Roll+1","Dodge and Roll+1","Adrenaline+1","Adrenaline+1","Adrenaline+1","Distraction+1","Distraction+1","Distraction+1"],"relics":["Ring of the Snake","DemoMod:GnawedKey","PreservedInsect","DemoMod:GlassGuonStoneRelic","ReplayTheSpireMod:Lightbulb","Vajra","Letter Opener","Centennial Puzzle","Juzu Bracelet","Busted Crown","Snake Skull","ReplayTheSpireMod:ShopPack","Replay:Accelerometer","Bag of Marbles","Vampiric Spirits","Turnip","HornCleat","Replay:Bandana","Fusion Hammer","Replay:Wax Seal","Ginger","ReplayTheSpireMod:Ninjato","Regal Pillow","Girya","Blood Vial","Calipers","Orrery","DemoMod:PoisonVial","Mark of the Bloom"],"acts_visited":["Exordium","TheCity","TheBeyond"],"potions_floor_usage":[16,29,33,33,42,50],"damage_taken":[{"damage":0.0,"enemies":"Small Slimes","floor":1.0,"turns":1.0},{"damage":0.0,"enemies":"Cultist","floor":3.0,"turns":1.0},{"damage":0.0,"enemies":"2 Louse","floor":5.0,"turns":2.0},{"damage":11.0,"enemies":"3 Sentries","floor":6.0,"turns":4.0},{"damage":3.0,"enemies":"Large Slime","floor":7.0,"turns":5.0},{"damage":0.0,"enemies":"Gremlin Nob","floor":8.0,"turns":2.0},{"damage":0.0,"enemies":"Replay:BlueRogue","floor":10.0,"turns":2.0},{"damage":0,"enemies":"Lagavulin","floor":13,"turns":3},{"damage":0,"enemies":"Exordium Wildlife","floor":14,"turns":2},{"damage":0,"enemies":"The Guardian","floor":16,"turns":8},{"damage":0,"enemies":"Spheric Guardian","floor":18,"turns":2},{"damage":0,"enemies":"Gremlin Leader","floor":24,"turns":2},{"damage":0,"enemies":"Slavers","floor":27,"turns":2},{"damage":0,"enemies":"Replay:Snechameleon","floor":29,"turns":2},{"damage":0,"enemies":"Chosen","floor":30,"turns":2},{"damage":0,"enemies":"Slavers","floor":31,"turns":2},{"damage":7,"enemies":"Pondfish","floor":33,"turns":7},{"damage":0,"enemies":"Orb Walker","floor":35,"turns":2},{"damage":0,"enemies":"Reptomancer","floor":40,"turns":4},{"damage":0,"enemies":"Giant Head","floor":42,"turns":3},{"damage":0,"enemies":"Nemesis","floor":45,"turns":3},{"damage":0,"enemies":"Giant Head","floor":47,"turns":4},{"damage":17,"enemies":"Donu and Deca","floor":50,"turns":4}],"seed_played":"-567031674859551473","potions_obtained":[{"floor":5.0,"key":"Reflective Coating"},{"floor":6.0,"key":"DistilledChaos"},{"floor":13,"key":"SkillPotion"},{"floor":16,"key":"SkillPotion"},{"floor":24,"key":"PowerPotion"},{"floor":33,"key":"AttackPotion"},{"floor":42,"key":"Fruit Juice"},{"floor":45,"key":"Block Potion"},{"floor":47,"key":"CunningPotion"}],"is_trial":false,"path_per_floor":["M","?","M","$","M","E","M","E","T","E","?","?","E","M","R_BF","B",null,"M","?","?","$","$","R","E","R","T","E","?","E","M","E","R_BF","B",null,"M","$","?","T","?","E","R","E","T","R","E","$","E","?","R","B",null],"character_chosen":"THE_SILENT","items_purchased":["DemoMod:GnawedKey","Snake Skull","ReplayTheSpireMod:ShopPack","Replay:Wax Seal","Ginger","Dodge and Roll+1","Orrery"],"campfire_rested":2,"item_purchase_floors":[4,21,22,36,36,36,46],"current_hp_per_floor":[70,70,70,70,70,59,56,56,56,56,56,56,56,56,56,56,70,70,49,49,49,49,49,49,49,49,49,49,49,49,49,49,42,49,49,49,49,49,49,49,49,54,54,54,54,54,54,54,54,37],"gold":115,"neow_bonus":"","is_daily":true,"chose_seed":false,"campfire_upgraded":1,"win_rate":0.0,"timestamp":1608865075,"path_taken":["M","?","?","$","M","E","M","E","T","E","?","?","E","M","R_BF","BOSS","M","?","?","?","$","R","E","R","T","E","?","E","M","E","R_BF","BOSS","M","$","?","?","?","E","R","E","T","R","E","$","E","?","R","BOSS"],"items_purchased_type":["Relic","Relic","Relic","Relic","Relic","Card","Relic"],"build_version":"2020-12-22","purchased_purges":0,"victory":true,"max_hp_per_floor":[70,70,70,70,70,70,70,70,70,70,70,70,70,70,70,70,70,70,49,49,49,49,49,49,49,49,49,49,49,49,49,49,49,49,49,49,49,49,49,49,49,54,54,54,54,54,54,54,54,54],"card_choices":[{"not_picked":["Underhanded Strike","Sucker Punch"],"picked":"Hidden Blade","floor":0.0},{"not_picked":["Infinite Blades","Blade Dance"],"picked":"Bouncing Flask","floor":0.0},{"not_picked":["Dagger Spray","Masterful Stab"],"picked":"Toxin Wave","floor":0.0},{"not_picked":["Hidden Blade","Outmaneuver"],"picked":"Terror","floor":0.0},{"not_picked":["Outmaneuver","Predator"],"picked":"PiercingWail","floor":0.0},{"not_picked":["Escape Plan","Outmaneuver"],"picked":"Slice","floor":0.0},{"not_picked":["Outmaneuver","Deadly Poison"],"picked":"Slice","floor":0.0},{"not_picked":["Acrobatics","Flying Knee"],"picked":"Replay:Poison Smokescreen","floor":0.0},{"not_picked":["Outmaneuver","Concentrate"],"picked":"Predator","floor":0.0},{"not_picked":["Deadly Poison","Cloak And Dagger"],"picked":"Dodge and Roll","floor":0.0},{"not_picked":["Distraction","Prepared"],"picked":"Dagger Spray","floor":0.0},{"not_picked":["Backflip","Tactician"],"picked":"Sneak Up","floor":0.0},{"not_picked":["Hidden Blade","Underhanded Strike"],"picked":"Slice","floor":0.0},{"not_picked":["Underhanded Strike","Bane"],"picked":"Backstab","floor":0.0},{"not_picked":["Cloak And Dagger","Setup"],"picked":"Deadly Poison","floor":0.0},{"not_picked":["Dagger Spray","Backstab"],"picked":"Leg Sweep","floor":1.0},{"not_picked":["Tactician","Acrobatics","Outmaneuver"],"picked":"SKIP","floor":3.0},{"not_picked":["Prepared","Dagger Throw","Predator"],"picked":"SKIP","floor":5.0},{"not_picked":["Die Die Die","Storm of Steel"],"picked":"After Image","floor":6.0},{"not_picked":["Quick Slash","Bane"],"picked":"Calculated Gamble","floor":7.0},{"not_picked":["Tools of the Trade","Storm of Steel","Night Terror"],"picked":"SKIP","floor":8.0},{"not_picked":["Phantasmal Killer","ReplayTheSpireMod:Necrosis"],"picked":"Bullet Time","floor":10.0},{"not_picked":["Bullet Time","A Thousand Cuts"],"picked":"Phantasmal Killer","floor":13},{"not_picked":["Replay:Poison Smokescreen","Well Laid Plans"],"picked":"Cloak And Dagger","floor":14},{"not_picked":["A Thousand Cuts","Phantasmal Killer"],"picked":"Atom Bomb","floor":16},{"not_picked":["Heel Hook"],"picked":"SKIP","floor":18},{"not_picked":[],"picked":"Master of Strategy","floor":22},{"not_picked":[],"picked":"Sadistic Nature","floor":22},{"not_picked":[],"picked":"Die Die Die","floor":24},{"not_picked":[],"picked":"Envenom","floor":27},{"not_picked":["Venomology"],"picked":"SKIP","floor":29},{"not_picked":[],"picked":"Crippling Poison","floor":30},{"not_picked":["Night Terror"],"picked":"SKIP","floor":31},{"not_picked":["Prepared"],"picked":"SKIP","floor":35},{"not_picked":[],"picked":"Adrenaline","floor":40},{"not_picked":["Replay:Bag of Tricks"],"picked":"SKIP","floor":42},{"not_picked":["Unload"],"picked":"SKIP","floor":45},{"not_picked":[],"picked":"Distraction+1","floor":46},{"not_picked":["Grand Finale"],"picked":"SKIP","floor":47}],"player_experience":948357,"relics_obtained":[{"floor":6.0,"key":"PreservedInsect"},{"floor":8.0,"key":"ReplayTheSpireMod:Lightbulb"},{"floor":9.0,"key":"Vajra"},{"floor":10.0,"key":"Letter Opener"},{"floor":13,"key":"Centennial Puzzle"},{"floor":15,"key":"Juzu Bracelet"},{"floor":24,"key":"Replay:Accelerometer"},{"floor":26,"key":"Bag of Marbles"},{"floor":27,"key":"Vampiric Spirits"},{"floor":29,"key":"Turnip"},{"floor":31,"key":"HornCleat"},{"floor":32,"key":"Replay:Bandana"},{"floor":38,"key":"ReplayTheSpireMod:Ninjato"},{"floor":40,"key":"Regal Pillow"},{"floor":42,"key":"Girya"},{"floor":43,"key":"Blood Vial"},{"floor":45,"key":"Calipers"},{"floor":47,"key":"DemoMod:PoisonVial"}],"event_choices":[{"damage_healed":0.0,"max_hp_gain":0.0,"max_hp_loss":0.0,"gold_gain":0.0,"event_name":"Wheel of Change","player_choice":"Cursed","floor":2.0,"gold_loss":0.0,"damage_taken":0.0,"cards_obtained":["Decay"]},{"damage_healed":0.0,"max_hp_gain":0.0,"max_hp_loss":0.0,"gold_gain":78.0,"event_name":"Golden Wing","player_choice":"Gained Gold","floor":11.0,"gold_loss":0.0,"damage_taken":0.0},{"damage_healed":0,"gold_gain":0,"player_choice":"Became a vampire","damage_taken":0,"max_hp_gain":0,"max_hp_loss":21,"event_name":"Vampires","floor":19,"gold_loss":0,"cards_obtained":["Bite","Bite","Bite","Bite","Bite"]},{"damage_healed":0,"gold_gain":0,"player_choice":"Ignored","damage_taken":0,"max_hp_gain":0,"max_hp_loss":0,"event_name":"Beggar","floor":20,"gold_loss":0},{"damage_healed":0,"gold_gain":0,"player_choice":"Ignored","damage_taken":0,"max_hp_gain":0,"max_hp_loss":0,"event_name":"Ghosts","floor":28,"gold_loss":0},{"cards_removed":["Sneak Up"],"damage_healed":0,"gold_gain":0,"player_choice":"Removed Skill","damage_taken":0,"max_hp_gain":0,"max_hp_loss":0,"event_name":"Falling","floor":37,"gold_loss":0},{"cards_removed":["Decay","Decay","Decay"],"damage_healed":0,"gold_gain":0,"player_choice":"Removed Curses","damage_taken":0,"max_hp_gain":0,"max_hp_loss":0,"event_name":"Fountain of Cleansing","floor":39,"gold_loss":0},{"damage_healed":0,"gold_gain":0,"player_choice":"Upgrade","damage_taken":0,"relics_obtained":["Mark of the Bloom"],"max_hp_gain":0,"max_hp_loss":0,"event_name":"MindBloom","floor":48,"gold_loss":0,"cards_upgraded":["Hidden Blade","Hidden Blade","Hidden Blade","Bouncing Flask","Bouncing Flask","Bouncing Flask","Toxin Wave","Toxin Wave","Toxin Wave","Terror","Terror","Terror","PiercingWail","PiercingWail","PiercingWail","Slice","Slice","Slice","Slice","Slice","Slice","Replay:Poison Smokescreen","Replay:Poison Smokescreen","Replay:Poison Smokescreen","Predator","Predator","Predator","Dodge and Roll","Dodge and Roll","Dodge and Roll","Dagger Spray","Dagger Spray","Dagger Spray","Sneak Up","Sneak Up","Slice","Slice","Slice","Backstab","Backstab","Backstab","Deadly Poison","Deadly Poison","Deadly Poison","Leg Sweep","Leg Sweep","Leg Sweep","After Image","After Image","Calculated Gamble","Calculated Gamble","Calculated Gamble","Bullet Time","Bullet Time","Bullet Time","Phantasmal Killer","Phantasmal Killer","Phantasmal Killer","Cloak And Dagger","Cloak And Dagger","Cloak And Dagger","Atom Bomb","Atom Bomb","Atom Bomb","Bite","Bite","Bite","Bite","Bite","Bite","Bite","Bite","Bite","Bite","Bite","Bite","Bite","Bite","Bite","Master of Strategy","Master of Strategy","Master of Strategy","Sadistic Nature","Sadistic Nature","Sadistic Nature","Die Die Die","Die Die Die","Die Die Die","Envenom","Envenom","Envenom","Crippling Poison","Crippling Poison","Crippling Poison","Adrenaline","Adrenaline","Adrenaline"]}],"is_beta":false,"boss_relics":[{"not_picked":["Runic Pyramid","Empty Cage"],"picked":"Busted Crown"},{"not_picked":["Ring of Chaos","Honey Jar"],"picked":"Fusion Hammer"}],"items_purged_floors":[],"is_endless":false,"potions_floor_spawned":[5,6,13,16,24,33,42,45,47],"ascension_level":0}}