{"host":"cnluwb240fdd52tp","time":1608939701,"event":{"mods":["BaseMod","Colored Map","Minty Spire (QoL Compilation)","Rare Cards Sparkle","StSLib","The Forsaken"],"gold_per_floor":[109,59,106,106,125,157,157,168,168,168,183,209,209,228,228,331,331,346,346,346,363,377,404,414,329,329,329,329,374,374,390,390,495,495,515,303,349,361,271,271,271],"floor_reached":40,"playtime":3396,"items_purged":[],"score":538,"play_id":"bb97c2a9-6c51-432e-a802-7168c389358e","local_time":"20201226004141","is_ascension_mode":true,"campfire_choices":[{"data":"Pummel","floor":7,"key":"SMITH"},{"data":"Flex","floor":10,"key":"SMITH"},{"data":"Whirlwind","floor":13,"key":"SMITH"},{"data":"Heavy Blade","floor":15,"key":"SMITH"},{"floor":28,"key":"DIG"},{"floor":30,"key":"DIG"},{"floor":32,"key":"DIG"}],"circlet_count":0,"master_deck":["Strike_R+1","Strike_R","Strike_R","Strike_R","Defend_R","Defend_R","Defend_R","Bash","Pummel+1","Headbutt","Twin Strike","Flex+1","Whirlwind+1","Heavy Blade+1","Double Tap","Seeing Red","RitualDagger","Pommel Strike","Anger+1","Heavy Blade","Heavy Blade+1","Ghostly","Ghostly","Ghostly","Ghostly","Ghostly","Corruption","Whirlwind","Dark Embrace"],"relics":["Burning Blood","NeowsBlessing","Bag of Marbles","Sundial","HornCleat","Dead Branch","Runic Dome","Unceasing Top","Bottled Flame","CeramicFish","theForsaken:Gavel","Shovel","Boot","Regal Pillow","Shuriken","Runic Pyramid","TheAbacus","Peace Pipe"],"acts_visited":["Exordium","TheCity","TheBeyond"],"potions_floor_usage":[12,40],"damage_taken":[{"damage":0,"enemies":"Small Slimes","floor":1,"turns":1},{"damage":0,"enemies":"Jaw Worm","floor":5,"turns":1},{"damage":0,"enemies":"Gremlin Nob","floor":6,"turns":1},{"damage":6,"enemies":"2 Louse","floor":8,"turns":3},{"damage":13,"enemies":"Red Slaver","floor":11,"turns":2},{"damage":0,"enemies":"Lagavulin","floor":12,"turns":3},{"damage":11,"enemies":"Large Slime","floor":14,"turns":2},{"damage":27,"enemies":"Slime Boss","floor":16,"turns":8},{"damage":10,"enemies":"2 Thieves","floor":18,"turns":2},{"damage":5,"enemies":"3 Byrds","floor":21,"turns":3},{"damage":0,"enemies":"Centurion and Healer","floor":22,"turns":1},{"damage":0,"enemies":"Slavers","floor":23,"turns":1},{"damage":7,"enemies":"Snake Plant","floor":24,"turns":3},{"damage":0,"enemies":"Cultist and Chosen","floor":31,"turns":1},{"damage":14,"enemies":"Champ","floor":33,"turns":8},{"damage":5,"enemies":"Orb Walker","floor":35,"turns":2},{"damage":1,"enemies":"2 Orb Walkers","floor":37,"turns":1},{"damage":1,"enemies":"3 Shapes","floor":38,"turns":2},{"damage":55,"enemies":"Giant Head","floor":40,"turns":7}],"seed_played":"-85001904721831761","potions_obtained":[{"floor":6,"key":"AttackPotion"},{"floor":12,"key":"BlessingOfTheForge"},{"floor":16,"key":"Strength Potion"},{"floor":23,"key":"Block Potion"},{"floor":24,"key":"Fruit Juice"}],"is_trial":false,"path_per_floor":["M","?","T","?","M","E","R","M","T","R","M","E","R","M","R","B",null,"M","?","?","M","M","E","M","?","T","T","R","?","R","M","R","B",null,"M","$","?","M","?","E"],"character_chosen":"IRONCLAD","items_purchased":["Dark Embrace","TheAbacus"],"campfire_rested":0,"item_purchase_floors":[36,36],"current_hp_per_floor":[80,80,80,80,80,80,80,80,80,80,73,79,79,74,74,53,80,76,70,70,71,77,80,79,79,79,79,79,40,40,40,40,32,40,40,40,40,40,40,0,0],"gold":271,"neow_bonus":"THREE_ENEMY_KILL","is_daily":false,"chose_seed":false,"campfire_upgraded":4,"win_rate":0.0,"timestamp":1608939701,"path_taken":["M","?","?","?","M","E","R","M","T","R","M","E","R","?","R","BOSS","M","?","?","?","?","E","M","?","T","?","R","?","R","M","R","BOSS","M","$","?","M","?","E"],"items_purchased_type":["Card","Relic"],"build_version":"2020-12-22","purchased_purges":0,"victory":false,"max_hp_per_floor":[80,80,80,80,80,80,80,80,80,80,80,80,80,80,80,80,80,80,80,80,80,80,80,80,80,80,80,80,40,40,40,40,40,40,40,40,40,40,40,45,45],"card_choices":[{"not_picked":["Heavy Blade","Blood for Blood"],"picked":"Pummel","floor":1},{"not_picked":["Clothesline","Carnage"],"picked":"Headbutt","floor":5},{"not_picked":["Body Slam","Metallicize"],"picked":"Twin Strike","floor":6},{"not_picked":["Feel No Pain","Dark Embrace"],"picked":"Flex","floor":8},{"not_picked":["Shrug It Off","Rampage","Wild Strike"],"picked":"SKIP","floor":11},{"not_picked":["Pommel Strike","Barricade"],"picked":"Whirlwind","floor":12},{"not_picked":["Perfected Strike","Armaments"],"picked":"Heavy Blade","floor":14},{"not_picked":["Demon Form","Offering"],"picked":"Double Tap","floor":16},{"not_picked":["Shockwave","Clash"],"picked":"Seeing Red","floor":18},{"not_picked":["Uppercut","Havoc+1"],"picked":"Pommel Strike","floor":21},{"not_picked":["Spot Weakness","Armaments"],"picked":"Anger+1","floor":22},{"not_picked":["Flame Barrier","Clash+1"],"picked":"Heavy Blade","floor":23},{"not_picked":["Ghostly Armor+1","Clash"],"picked":"Heavy Blade+1","floor":24},{"not_picked":["Uppercut","Cleave","Sever Soul"],"picked":"SKIP","floor":31},{"not_picked":["Reaper","Bludgeon"],"picked":"Corruption","floor":33},{"not_picked":["Anger+1","Flame Barrier+1"],"picked":"Whirlwind","floor":35},{"not_picked":["Combust+1","True Grit+1","Heavy Blade"],"picked":"SKIP","floor":38}],"player_experience":121159,"relics_obtained":[{"floor":3,"key":"Bag of Marbles"},{"floor":6,"key":"Sundial"},{"floor":9,"key":"HornCleat"},{"floor":12,"key":"Dead Branch"},{"floor":23,"key":"Bottled Flame"},{"floor":26,"key":"theForsaken:Gavel"},{"floor":27,"key":"Shovel"},{"floor":28,"key":"Boot"},{"floor":30,"key":"Regal Pillow"},{"floor":32,"key":"Shuriken"},{"floor":37,"key":"Peace Pipe"}],"event_choices":[{"cards_removed":["Defend_R"],"damage_healed":0,"gold_gain":0,"player_choice":"Card Removal","damage_taken":0,"max_hp_gain":0,"max_hp_loss":0,"event_name":"The Cleric","floor":2,"gold_loss":50},{"damage_healed":0,"gold_gain":0,"player_choice":"Bought 0 Potions","damage_taken":0,"max_hp_gain":0,"max_hp_loss":0,"event_name":"The Woman in Blue","floor":4,"gold_loss":0},{"damage_healed":0,"gold_gain":0,"player_choice":"Joined the Cult","damage_taken":6,"max_hp_gain":0,"max_hp_loss":0,"event_name":"Nest","floor":19,"gold_loss":0,"cards_obtained":["RitualDagger"]},{"damage_healed":0,"gold_gain":0,"player_choice":"Gave Potion","damage_taken":0,"relics_obtained":["Unceasing Top"],"max_hp_gain":0,"max_hp_loss":0,"event_name":"WeMeetAgain","floor":20,"gold_loss":0},{"damage_healed":0,"gold_gain":0,"player_choice":"Obtained Relic","damage_taken":0,"relics_obtained":["CeramicFish"],"max_hp_gain":0,"max_hp_loss":0,"event_name":"Addict","floor":25,"gold_loss":85},{"damage_healed":0,"gold_gain":0,"player_choice":"Became a Ghost","damage_taken":0,"max_hp_gain":0,"max_hp_loss":40,"event_name":"Ghosts","floor":29,"gold_loss":0,"cards_obtained":["Ghostly","Ghostly","Ghostly","Ghostly","Ghostly"]},{"damage_healed":0,"gold_gain":0,"player_choice":"Fight","damage_taken":0,"max_hp_gain":0,"max_hp_loss":0,"event_name":"Mysterious Sphere","floor":37,"gold_loss":0},{"cards_removed":["Strike_R"],"damage_healed":0,"gold_gain":0,"player_choice":"Upgrade and Remove","damage_taken":0,"max_hp_gain":0,"max_hp_loss":0,"event_name":"Designer","floor":39,"gold_loss":90,"cards_upgraded":["Strike_R"]}],"is_beta":false,"boss_relics":[{"not_picked":["Cursed Key","Ectoplasm"],"picked":"Runic Dome"},{"not_picked":["Runic Cube","Snecko Eye"],"picked":"Runic Pyramid"}],"items_purged_floors":[],"is_endless":false,"potions_floor_spawned":[6,12,16,23,24,33,35],"killed_by":"Giant Head","ascension_level":1}}