{"host":"w3q5ijqu8eoknil3","time":1608939965,"event":{"mods":["BaseMod","Block Reminder","Colored Powertips","Minty Spire (QoL Compilation)","Quick Restart","Relic Stats","ojb\u0027s Better Paths Mod","ojb\u0027s Info Mod","slay the spire mod where everything is the same but ironclad has a cowboy hat"],"gold_per_floor":[111,128,278,278,278,311,311,311,311],"floor_reached":8,"playtime":177,"items_purged":[],"score":158,"play_id":"83f215ba-44d8-465b-be1a-580af86eb8e4","local_time":"20201225234605","is_ascension_mode":true,"campfire_choices":[{"data":"Entrench","floor":7,"key":"SMITH"}],"circlet_count":0,"master_deck":["AscendersBane","Strike_R","Strike_R","Strike_R","Strike_R","Strike_R","Defend_R","Defend_R","Defend_R","Defend_R","Bash","Armaments","Cleave","Doubt","Regret","Decay","Entrench+1"],"relics":["Burning Blood","NeowsBlessing","Ornamental Fan","Art of War"],"acts_visited":["Exordium"],"potions_floor_usage":[8],"damage_taken":[{"damage":0,"enemies":"Jaw Worm","floor":1,"turns":1},{"damage":0,"enemies":"Small Slimes","floor":2,"turns":1},{"damage":0,"enemies":"Lagavulin","floor":6,"turns":1},{"damage":78,"enemies":"3 Sentries","floor":8,"turns":9}],"seed_played":"8071850316432967284","potions_obtained":[{"floor":6,"key":"EntropicBrew"}],"is_trial":false,"path_per_floor":["M","M","?","?","?","E","R","E"],"character_chosen":"IRONCLAD","items_purchased":[],"campfire_rested":0,"item_purchase_floors":[],"current_hp_per_floor":[74,75,75,75,75,75,75,0,0],"gold":311,"neow_bonus":"THREE_ENEMY_KILL","is_daily":false,"chose_seed":false,"campfire_upgraded":1,"win_rate":0.0,"timestamp":1608939965,"path_taken":["M","M","?","?","?","E","R","E"],"items_purchased_type":[],"build_version":"2020-12-22","purchased_purges":0,"victory":false,"max_hp_per_floor":[75,75,75,75,75,75,75,75,75],"relic_stats":{"counters":[4,12],"Ornamental Fan":[0],"Art of War":[2],"obtain_stats":[{"NeowsBlessing":0,"Ornamental Fan":4,"Art of War":6,"Burning Blood":0},{"NeowsBlessing":0,"Ornamental Fan":2,"Art of War":3,"Burning Blood":0},{"NeowsBlessing":0,"Ornamental Fan":2,"Art of War":3,"Burning Blood":0}],"Burning Blood":7},"card_choices":[{"not_picked":["Headbutt","Rupture"],"picked":"Armaments","floor":1},{"not_picked":["Thunderclap","Twin Strike"],"picked":"Cleave","floor":2},{"not_picked":["Warcry","Rupture"],"picked":"Entrench","floor":6}],"player_experience":948123,"relics_obtained":[{"floor":6,"key":"Art of War"}],"event_choices":[{"damage_healed":0,"gold_gain":150,"player_choice":"AGREE","damage_taken":0,"max_hp_gain":0,"max_hp_loss":0,"event_name":"Liars Game","floor":3,"gold_loss":0,"cards_obtained":["Doubt"]},{"damage_healed":0,"gold_gain":0,"player_choice":"Box","damage_taken":0,"relics_obtained":["Ornamental Fan"],"max_hp_gain":0,"max_hp_loss":0,"event_name":"Big Fish","floor":4,"gold_loss":0,"cards_obtained":["Regret"]},{"damage_healed":0,"gold_gain":0,"player_choice":"Cursed","damage_taken":0,"max_hp_gain":0,"max_hp_loss":0,"event_name":"Wheel of Change","floor":5,"gold_loss":0,"cards_obtained":["Decay"]}],"is_beta":false,"boss_relics":[],"items_purged_floors":[],"is_endless":false,"potions_floor_spawned":[6],"killed_by":"3 Sentries","ascension_level":20}}