{"host":"12piqfhmdln9x2la","time":1608904790,"event":{"mods":["2.2 Compatiblity","AchievementEnabler","BaseMod","BetterRewards","Colored Powertips","Minty Spire (QoL Compilation)","Quick Restart","SuperFastMode"],"gold_per_floor":[113,113,132,146,160,160,186,199,199,234,234,264,264,264,264],"floor_reached":14,"playtime":310,"items_purged":[],"score":146,"play_id":"b1fd7d15-4f05-4292-8d59-26f3607d2650","local_time":"20201225225950","is_ascension_mode":true,"campfire_choices":[{"data":"Feed","floor":6,"key":"SMITH"},{"floor":13,"key":"RECALL"}],"circlet_count":0,"master_deck":["Strike_R","Strike_R","Strike_R","Strike_R+1","Strike_R","Defend_R","Defend_R","Defend_R","Defend_R","Bash+1","Feed+1","Uppercut","Heavy Blade","Armaments","Sword Boomerang","Flex","Pommel Strike","Regret","Inflame"],"relics":["Burning Blood","Calipers","Mummified Hand","Regal Pillow","StoneCalendar","Sundial"],"acts_visited":["Exordium"],"potions_floor_usage":[7,7,8,10,10,10,10,10,12,12,12],"damage_taken":[{"damage":5,"enemies":"Small Slimes","floor":1,"turns":3},{"damage":12,"enemies":"Jaw Worm","floor":3,"turns":3},{"damage":0,"enemies":"Cultist","floor":4,"turns":3},{"damage":21,"enemies":"3 Louse","floor":5,"turns":3},{"damage":4,"enemies":"Gremlin Nob","floor":7,"turns":3},{"damage":8,"enemies":"Blue Slaver","floor":8,"turns":2},{"damage":31,"enemies":"Lagavulin","floor":10,"turns":5},{"damage":30,"enemies":"3 Sentries","floor":12,"turns":6},{"damage":13,"enemies":"Gremlin Nob","floor":14,"turns":3}],"seed_played":"3135183925571563064","potions_obtained":[{"floor":3,"key":"AttackPotion"},{"floor":5,"key":"EntropicBrew"},{"floor":8,"key":"EntropicBrew"}],"is_trial":false,"path_per_floor":["M","?","M","M","M","R","E","M","T","E","?","E","R","E"],"character_chosen":"IRONCLAD","items_purchased":[],"campfire_rested":0,"item_purchase_floors":[],"current_hp_per_floor":[60,43,40,49,37,37,39,41,41,16,16,7,7,0,0],"gold":264,"neow_bonus":"THREE_RARE_CARDS","is_daily":false,"chose_seed":false,"campfire_upgraded":1,"win_rate":0.0,"timestamp":1608904790,"path_taken":["M","?","M","M","M","R","E","M","T","E","?","E","R","E"],"items_purchased_type":[],"build_version":"2020-12-22","purchased_purges":0,"victory":false,"max_hp_per_floor":[83,83,86,89,92,92,92,96,96,96,96,96,96,96,96],"card_choices":[{"not_picked":["Barricade","Juggernaut"],"picked":"Feed","floor":0},{"not_picked":["Body Slam","Disarm"],"picked":"Uppercut","floor":1},{"not_picked":["Sever Soul","Infernal Blade"],"picked":"Heavy Blade","floor":3},{"not_picked":["Carnage","Pommel Strike"],"picked":"Armaments","floor":4},{"not_picked":["Disarm","Iron Wave"],"picked":"Sword Boomerang","floor":5},{"not_picked":["Wild Strike","Metallicize"],"picked":"Flex","floor":7},{"not_picked":["Anger","Iron Wave"],"picked":"Pommel Strike","floor":8},{"not_picked":["Power Through","Fiend Fire","Entrench"],"picked":"SKIP","floor":10},{"not_picked":["True Grit","Rage"],"picked":"Inflame","floor":12}],"player_experience":119986,"relics_obtained":[{"floor":7,"key":"Calipers"},{"floor":9,"key":"Mummified Hand"},{"floor":10,"key":"Regal Pillow"},{"floor":12,"key":"Sundial"}],"event_choices":[{"damage_healed":0,"gold_gain":0,"player_choice":"Entered Light","damage_taken":17,"max_hp_gain":0,"max_hp_loss":0,"event_name":"Shining Light","floor":2,"gold_loss":0,"cards_upgraded":["Strike_R","Bash"]},{"damage_healed":0,"gold_gain":0,"player_choice":"Box","damage_taken":0,"relics_obtained":["StoneCalendar"],"max_hp_gain":0,"max_hp_loss":0,"event_name":"Big Fish","floor":11,"gold_loss":0,"cards_obtained":["Regret"]}],"is_beta":false,"boss_relics":[],"items_purged_floors":[],"is_endless":false,"potions_floor_spawned":[3,5,8],"killed_by":"Gremlin Nob","ascension_level":2}}