{"host":"9kcqr6gvt9348rwr","time":1608879711,"event":{"mods":["BaseMod","Colored Map","Conspire","Downfall","Highlight Path","Infinite Spire","Minty Spire (QoL Compilation)","Relic Stats","Replay The Spire","Shop Mod","StSLib","SuperFastMode"],"gold_per_floor":[119,132,152,166,181,181,214,234,259,269,317,317,327,339,339,339,339],"floor_reached":16,"playtime":1506,"items_purged":[],"score":108,"play_id":"e2f721c3-ce14-4a53-ba18-12517c64ef1a","local_time":"20201225150151","is_ascension_mode":false,"campfire_choices":[{"data":"Rage","floor":6,"key":"SMITH"},{"floor":15,"key":"REST"}],"circlet_count":0,"master_deck":["Strike_R","Strike_R","Strike_R","Strike_R","Strike_R","Defend_R","Defend_R","Defend_R","Defend_R","Bash","Replay:Undeath\u0027s Touch","Rage+1","Shrug It Off","Shrug It Off","Iron Wave","Anger","Pommel Strike","Flame Barrier","ReplayTheSpireMod:Stacked","Run Through","Shrug It Off"],"relics":["Burning Blood","Kunai","Toy Ornithopter","infinitespire:CheckeredPen","FaceOfCleric"],"acts_visited":["Exordium"],"potions_floor_usage":[7,7,7],"damage_taken":[{"damage":10.0,"enemies":"Jaw Worm","floor":1.0,"turns":6.0},{"damage":10,"enemies":"conspire:RoseBush","floor":2,"turns":4},{"damage":0,"enemies":"Cultist","floor":3,"turns":3},{"damage":17,"enemies":"Exordium Thugs","floor":4,"turns":5},{"damage":14,"enemies":"Red Slaver","floor":5,"turns":4},{"damage":56,"enemies":"Lagavulin","floor":7,"turns":13},{"damage":4,"enemies":"3 Louse","floor":8,"turns":5},{"damage":0,"enemies":"Blue Slaver","floor":10,"turns":4},{"damage":2,"enemies":"Exordium Thugs","floor":13,"turns":5},{"damage":4,"enemies":"Lots of Slimes","floor":14,"turns":4},{"damage":59,"enemies":"Fading Forest","floor":16,"turns":7}],"seed_played":"-7997439340978281065","potions_obtained":[{"floor":2,"key":"Adrenaline Potion"},{"floor":3,"key":"hexamod:EctoCoolerPotion"},{"floor":5,"key":"SteroidPotion"},{"floor":10,"key":"Strength Potion"}],"is_trial":false,"path_per_floor":["M","M","M","M","M","R","E","M","T","M","?","?","M","M","R","B"],"character_chosen":"IRONCLAD","items_purchased":[],"campfire_rested":1,"item_purchase_floors":[],"current_hp_per_floor":[76,72,78,67,59,59,9,11,11,17,17,17,22,25,49,0,0],"gold":339,"neow_bonus":"","is_daily":false,"chose_seed":false,"campfire_upgraded":1,"win_rate":0.0,"timestamp":1608879711,"path_taken":["M","M","M","M","M","R","E","M","T","M","?","?","M","M","R","BOSS"],"items_purchased_type":[],"build_version":"2020-12-22","purchased_purges":0,"victory":false,"max_hp_per_floor":[80,80,80,80,80,80,80,80,80,80,80,80,81,82,82,82,82],"relic_stats":{"FaceOfCleric":2,"counters":[11,60],"Kunai":[6],"obtain_stats":[{"FaceOfCleric":12,"Kunai":7,"infinitespire:CheckeredPen":11,"Burning Blood":0,"Toy Ornithopter":9},{"FaceOfCleric":8,"Kunai":6,"infinitespire:CheckeredPen":8,"Burning Blood":0,"Toy Ornithopter":7},{"FaceOfCleric":44,"Kunai":35,"infinitespire:CheckeredPen":44,"Burning Blood":0,"Toy Ornithopter":40}],"Burning Blood":60,"Toy Ornithopter":0},"card_choices":[{"not_picked":["Life Link","Iron Wave"],"picked":"Replay:Undeath\u0027s Touch","floor":1},{"not_picked":["Body Slam","Battle Trance"],"picked":"Rage","floor":2},{"not_picked":["Armaments","Dropkick"],"picked":"Shrug It Off","floor":3},{"not_picked":["Clothesline","Pommel Strike"],"picked":"Shrug It Off","floor":4},{"not_picked":["Dropkick","Infernal Blade","Clothesline"],"picked":"SKIP","floor":5},{"not_picked":["Dropkick","Infernal Blade","Clothesline"],"picked":"SKIP","floor":5},{"not_picked":["Dropkick","Infernal Blade","Clothesline"],"picked":"SKIP","floor":5},{"not_picked":["Burning Pact","Demonic Infusion"],"picked":"Iron Wave","floor":7},{"not_picked":["Clash","Defy Death"],"picked":"Anger","floor":8},{"not_picked":["Twin Strike","Clash"],"picked":"Pommel Strike","floor":10},{"not_picked":["Searing Blow","True Grit"],"picked":"Flame Barrier","floor":11},{"not_picked":["Flex","ReplayTheSpireMod:Limb From Limb"],"picked":"ReplayTheSpireMod:Stacked","floor":11},{"not_picked":["True Grit","Clash"],"picked":"Run Through","floor":13},{"not_picked":["Perfected Strike","ReplayTheSpireMod:LeadingStrike"],"picked":"Shrug It Off","floor":14}],"player_experience":0,"relics_obtained":[{"floor":7,"key":"Kunai"},{"floor":9,"key":"Toy Ornithopter"},{"floor":11,"key":"infinitespire:CheckeredPen"}],"event_choices":[{"damage_healed":0,"gold_gain":0,"player_choice":"Trade","damage_taken":0,"relics_obtained":["FaceOfCleric"],"max_hp_gain":0,"max_hp_loss":0,"event_name":"FaceTrader","floor":12,"gold_loss":0}],"is_beta":false,"boss_relics":[],"items_purged_floors":[],"is_endless":false,"potions_floor_spawned":[2,3,5,10],"killed_by":"Fading Forest","ascension_level":0}}