{"host":"mqhvlr3kpxebko0t","time":1608867070,"event":{"mods":["AchievementEnabler","BaseMod","Colored Map","Keyboard Shortcuts","Minty Spire (QoL Compilation)","StSLib","SuperFastMode"],"gold_per_floor":[115,38,38,49,99,99,134,145,145,155,155,175,14,14,14,91,91,106,106,106],"floor_reached":19,"playtime":899,"items_purged":[],"score":384,"play_id":"57660a56-3232-4cdd-be72-99bd8b21360c","local_time":"20201225123110","is_ascension_mode":true,"campfire_choices":[{"data":"Fire Breathing","floor":6,"key":"SMITH"},{"floor":15,"key":"DIG"}],"circlet_count":0,"master_deck":["AscendersBane","Strike_R","Strike_R","Strike_R","Strike_R","Strike_R","Defend_R","Defend_R","Defend_R","Defend_R","Bash","Wild Strike","Fire Breathing+1","Pommel Strike","Pommel Strike","Immolate","True Grit+1"],"relics":["Burning Blood","NeowsBlessing","Shovel","Toxic Egg 2","Membership Card","Pocketwatch","Vajra","Runic Cube"],"acts_visited":["Exordium","TheCity"],"potions_floor_usage":[16,19],"damage_taken":[{"damage":0,"enemies":"Small Slimes","floor":1,"turns":1},{"damage":0,"enemies":"2 Louse","floor":4,"turns":1},{"damage":0,"enemies":"Lagavulin","floor":7,"turns":1},{"damage":6,"enemies":"Cultist","floor":8,"turns":3},{"damage":24,"enemies":"Blue Slaver","floor":10,"turns":4},{"damage":19,"enemies":"Exordium Thugs","floor":12,"turns":5},{"damage":44,"enemies":"The Guardian","floor":16,"turns":9},{"damage":61,"enemies":"Shell Parasite","floor":18,"turns":5},{"damage":7,"enemies":"3 Byrds","floor":19,"turns":2}],"seed_played":"1168297779877578634","potions_obtained":[{"floor":8,"key":"Energy Potion"},{"floor":16,"key":"Explosive Potion"}],"is_trial":false,"path_per_floor":["M","$","?","M","?","R","E","M","T","M","?","M","$","T","R","B",null,"M","M"],"character_chosen":"IRONCLAD","items_purchased":["Fire Breathing","Membership Card"],"campfire_rested":0,"item_purchase_floors":[2,13],"current_hp_per_floor":[74,74,74,75,75,75,75,75,75,57,75,62,62,62,62,24,62,7,0,0],"gold":106,"neow_bonus":"THREE_ENEMY_KILL","is_daily":false,"chose_seed":false,"campfire_upgraded":1,"win_rate":0.0,"timestamp":1608867070,"path_taken":["M","$","?","M","?","R","E","M","T","?","?","M","$","?","R","BOSS","M","M"],"items_purchased_type":["Card","Relic"],"build_version":"2020-12-22","purchased_purges":0,"victory":false,"max_hp_per_floor":[75,75,75,75,75,75,75,75,75,75,75,75,75,75,75,75,75,75,75,75],"card_choices":[{"not_picked":["Clothesline","Armaments"],"picked":"Wild Strike","floor":1},{"not_picked":["Clash","Havoc","Heavy Blade"],"picked":"SKIP","floor":4},{"not_picked":["Sword Boomerang","Flex"],"picked":"Pommel Strike","floor":7},{"not_picked":["Bloodletting","Spot Weakness","Clash"],"picked":"SKIP","floor":8},{"not_picked":["Fire Breathing","Sword Boomerang","Warcry+1"],"picked":"SKIP","floor":10},{"not_picked":["Havoc+1","Clothesline"],"picked":"Pommel Strike","floor":12},{"not_picked":["Juggernaut","Feed"],"picked":"Immolate","floor":16},{"not_picked":["Dropkick","Flex+1"],"picked":"True Grit+1","floor":18}],"player_experience":684770,"relics_obtained":[{"floor":7,"key":"Shovel"},{"floor":9,"key":"Toxic Egg 2"},{"floor":14,"key":"Pocketwatch"},{"floor":15,"key":"Vajra"}],"event_choices":[{"damage_healed":0,"gold_gain":0,"player_choice":"Ignored","damage_taken":0,"max_hp_gain":0,"max_hp_loss":0,"event_name":"Liars Game","floor":3,"gold_loss":0},{"damage_healed":0,"gold_gain":50,"player_choice":"Pray","damage_taken":0,"max_hp_gain":0,"max_hp_loss":0,"event_name":"Golden Shrine","floor":5,"gold_loss":0},{"damage_healed":18,"gold_gain":0,"player_choice":"Full Heal","damage_taken":0,"max_hp_gain":0,"max_hp_loss":0,"event_name":"Wheel of Change","floor":11,"gold_loss":0}],"is_beta":false,"boss_relics":[{"not_picked":["Snecko Eye","Runic Pyramid"],"picked":"Runic Cube"}],"items_purged_floors":[],"is_endless":false,"potions_floor_spawned":[8,16],"killed_by":"3 Byrds","ascension_level":20}}