{"host":"r2b8ojg4o4pyvjvq","time":1608930879,"event":{"mods":["BaseMod","Colored Map","Downfall","Highlight Path","Hubris","Marisa????????","Minty Spire (QoL Compilation)","Quick Restart","Replay The Spire","StSLib","SuperFastMode"],"gold_per_floor":[13,13,13,13,31,64,64,139,139,159,192,192,19,50,50,125,125,142,142,67,82,82,111,111,122,122,153,153,31,41,70,70,147,147,57,25,34,43,43,43,74,74,130,144,156,156,156,34,34,34,34,34,16,16,16],"floor_reached":54,"playtime":1552,"items_purged":["Strike_R"],"score":1370,"play_id":"7294821e-858d-4523-a763-f70750d3806b","local_time":"20201225221439","is_ascension_mode":true,"campfire_choices":[{"data":"Bash","floor":7,"key":"SMITH"},{"data":"Bludgeon","floor":15,"key":"SMITH"},{"data":"Inflame","floor":24,"key":"SMITH"},{"data":"Double Tap","floor":28,"key":"SMITH"},{"data":"Ghostly Armor","floor":32,"key":"SMITH"},{"data":"Berserk","floor":40,"key":"SMITH"},{"data":"Shrug It Off","floor":42,"key":"SMITH"},{"floor":46,"key":"RECALL"},{"data":"Good Instincts","floor":49,"key":"SMITH"},{"data":"Reaper","floor":52,"key":"SMITH"}],"circlet_count":0,"master_deck":["AscendersBane","Strike_R+1","Strike_R","Strike_R","Defend_R","Defend_R","Defend_R","Defend_R","Bludgeon+1","Headbutt+1","Reaper+1","Ghostly Armor+1","Survivor+1","Neutralize+1","Double Tap+1","Inflame+1","Neutralize+1","Berserk+1","CurseOfTheBell","Shrug It Off+1","Good Instincts+1","Writhe","ReplayTheSpireMod:Faulty Equipment","Evolve"],"relics":["Burning Blood","Lantern","PreservedInsect","Anchor","Potion Belt","Replay:Wax Seal","Shuriken","Matryoshka","Busted Crown","CultistMask","The Courier","Bottled Lightning","Eternal Feather","Sundial","sneckomod:BlankCard","hubris:ChampionShield","Replay:Grab Bag","ReplayTheSpireMod:Onyx Gauntlets","Cursed Key","SlaversCollar","Calling Bell","CeramicFish","Replay:WaspNest","Durian","Replay:Accelerometer","ReplayTheSpireMod:Shallot","hubris:Towel","Bag of Preparation"],"acts_visited":["Exordium","TheCity","TheBeyond","TheEnding"],"potions_floor_usage":[16,16,21,23,27,31,33,45,50],"damage_taken":[{"damage":6,"enemies":"Small Slimes","floor":1,"turns":2},{"damage":0,"enemies":"2 Louse","floor":5,"turns":2},{"damage":16,"enemies":"Gremlin Nob","floor":6,"turns":3},{"damage":6,"enemies":"Cultist","floor":10,"turns":3},{"damage":5,"enemies":"Lagavulin","floor":11,"turns":3},{"damage":5,"enemies":"3 Sentries","floor":14,"turns":6},{"damage":0,"enemies":"Slime Boss","floor":16,"turns":3},{"damage":27,"enemies":"3 Byrds","floor":18,"turns":7},{"damage":12,"enemies":"Chosen","floor":21,"turns":4},{"damage":21,"enemies":"Replay:Snechameleon","floor":23,"turns":8},{"damage":30,"enemies":"Shelled Parasite and Fungi","floor":25,"turns":5},{"damage":35,"enemies":"Slavers","floor":27,"turns":7},{"damage":21,"enemies":"Snake Plant","floor":30,"turns":3},{"damage":0,"enemies":"Book of Stabbing","floor":31,"turns":4},{"damage":64,"enemies":"Collector","floor":33,"turns":10},{"damage":41,"enemies":"3 Darklings","floor":35,"turns":7},{"damage":24,"enemies":"R_Hoarder","floor":41,"turns":8},{"damage":0,"enemies":"Orb Walker","floor":44,"turns":1},{"damage":12,"enemies":"3 Darklings","floor":45,"turns":4},{"damage":26,"enemies":"hubris:GrandSnecko","floor":50,"turns":10},{"damage":99,"enemies":"Shield and Spear","floor":54,"turns":5}],"seed_played":"4720813058004246720","potions_obtained":[{"floor":5,"key":"Languid Potion"},{"floor":10,"key":"LiquidMemories"},{"floor":11,"key":"EssenceOfSteel"},{"floor":14,"key":"GamblersBrew"},{"floor":18,"key":"hexamod:EctoCoolerPotion"},{"floor":30,"key":"Flashbang"},{"floor":31,"key":"Cursed Concoction"},{"floor":33,"key":"BlessingOfTheForge"},{"floor":35,"key":"Elixir"},{"floor":44,"key":"Swift Potion"},{"floor":45,"key":"Energy Potion"}],"is_trial":false,"path_per_floor":["M","?","?","?","M","E","R","?","T","M","E","?","$","E","R","B",null,"M","?","$","M","?","E","R","M","T","E","R","$","M","E","R","B",null,"M","$","?","?","?","R","E","R","T","M","M","R","?","$","R","B",null,"R","$","E"],"character_chosen":"IRONCLAD","items_purchased":["Replay:Wax Seal","Shuriken","sneckomod:BlankCard","Shrug It Off","Bag of Preparation","Evolve"],"campfire_rested":0,"item_purchase_floors":[13,13,29,36,48,53],"current_hp_per_floor":[72,72,65,49,55,45,45,34,34,38,39,39,39,45,45,51,73,56,56,56,60,60,49,49,39,39,34,43,43,33,47,56,19,70,42,42,42,63,63,75,67,79,79,85,79,85,85,85,85,65,80,85,85,0,0],"gold":16,"neow_bonus":"THREE_RARE_CARDS","is_daily":false,"chose_seed":false,"campfire_upgraded":9,"win_rate":0.0,"timestamp":1608930879,"path_taken":["M","?","?","?","M","E","R","?","T","M","E","?","?","E","R","BOSS","M","?","$","?","?","E","R","M","T","E","R","$","?","E","R","BOSS","M","$","?","?","?","R","E","R","T","M","M","R","?","?","R","BOSS","R","$","E"],"items_purchased_type":["Relic","Relic","Relic","Card","Relic","Card"],"build_version":"2020-12-22","purchased_purges":1,"victory":false,"max_hp_per_floor":[80,80,80,80,80,80,80,80,80,80,80,80,80,80,80,80,80,80,80,80,80,80,80,80,80,80,80,80,80,80,80,80,80,85,85,85,85,85,85,85,85,85,85,85,85,85,85,85,85,85,85,85,85,85,85],"card_choices":[{"not_picked":["Hemogenesis","Double Tap"],"picked":"Bludgeon","floor":0},{"not_picked":["Anger","True Grit"],"picked":"Headbutt","floor":1},{"not_picked":["Anger","Carnage","Run Through"],"picked":"SKIP","floor":5},{"not_picked":["Wild Strike","Whirlwind"],"picked":"Reaper","floor":6},{"not_picked":["Anger","Wild Strike"],"picked":"Ghostly Armor","floor":10},{"not_picked":["hubris:ReadiedAction","Dual Wield","Wild Strike"],"picked":"SKIP","floor":11},{"not_picked":["Iron Wave","Replay:Undeath\u0027s Touch","Run Through"],"picked":"SKIP","floor":14},{"not_picked":["Replay:Many Hands","Brutality"],"picked":"Double Tap","floor":16},{"not_picked":["Wild Strike"],"picked":"SKIP","floor":18},{"not_picked":[],"picked":"Inflame","floor":21},{"not_picked":["Entrench"],"picked":"SKIP","floor":23},{"not_picked":["Sword Boomerang"],"picked":"SKIP","floor":25},{"not_picked":["Abandon"],"picked":"SKIP","floor":27},{"not_picked":["Rage+1"],"picked":"SKIP","floor":30},{"not_picked":["Warcry"],"picked":"SKIP","floor":31},{"not_picked":[],"picked":"Berserk","floor":33},{"not_picked":["Cleave"],"picked":"SKIP","floor":35},{"not_picked":[],"picked":"Good Instincts","floor":37},{"not_picked":["ReplayTheSpireMod:Muscle Training"],"picked":"SKIP","floor":41},{"not_picked":["Body Slam"],"picked":"SKIP","floor":44},{"not_picked":["Run Through"],"picked":"SKIP","floor":45}],"player_experience":479253,"relics_obtained":[{"floor":6,"key":"PreservedInsect"},{"floor":9,"key":"Anchor"},{"floor":11,"key":"Potion Belt"},{"floor":14,"key":"Matryoshka"},{"floor":23,"key":"The Courier"},{"floor":26,"key":"Bottled Lightning"},{"floor":26,"key":"Eternal Feather"},{"floor":27,"key":"Sundial"},{"floor":31,"key":"hubris:ChampionShield"},{"floor":34,"key":"CeramicFish"},{"floor":34,"key":"Replay:WaspNest"},{"floor":34,"key":"Durian"},{"floor":41,"key":"Replay:Accelerometer"},{"floor":43,"key":"ReplayTheSpireMod:Shallot"}],"event_choices":[{"damage_healed":0,"gold_gain":0,"player_choice":"Ignored","damage_taken":0,"max_hp_gain":0,"max_hp_loss":0,"event_name":"Golden Idol","floor":2,"gold_loss":0},{"damage_healed":0,"gold_gain":0,"player_choice":"Success","damage_taken":7,"relics_obtained":["Lantern"],"max_hp_gain":0,"max_hp_loss":0,"event_name":"Scrap Ooze","floor":3,"gold_loss":0},{"damage_healed":0,"gold_gain":0,"player_choice":"Entered Light","damage_taken":16,"max_hp_gain":0,"max_hp_loss":0,"event_name":"Shining Light","floor":4,"gold_loss":0,"cards_upgraded":["Headbutt","Strike_R"]},{"damage_healed":0,"gold_gain":75,"player_choice":"Gather Gold","damage_taken":11,"max_hp_gain":0,"max_hp_loss":0,"event_name":"World of Goop","floor":8,"gold_loss":0},{"damage_healed":0,"gold_gain":0,"player_choice":"Trade","damage_taken":0,"relics_obtained":["CultistMask"],"max_hp_gain":0,"max_hp_loss":0,"event_name":"FaceTrader","floor":19,"gold_loss":0},{"damage_healed":0,"gold_gain":0,"player_choice":"Copied","damage_taken":0,"max_hp_gain":0,"max_hp_loss":0,"event_name":"Duplicator","floor":22,"gold_loss":0,"cards_obtained":["Neutralize"]},{"damage_healed":0,"gold_gain":0,"player_choice":"Memory 1","damage_taken":0,"max_hp_gain":0,"max_hp_loss":0,"event_name":"SensoryStone","floor":37,"gold_loss":0},{"damage_healed":21,"gold_gain":0,"player_choice":"Writhe","damage_taken":0,"max_hp_gain":0,"max_hp_loss":0,"event_name":"Winding Halls","floor":38,"gold_loss":0,"cards_obtained":["Writhe"]},{"cards_removed":["Strike_R"],"damage_healed":0,"gold_gain":0,"player_choice":"Removed Attack","damage_taken":0,"max_hp_gain":0,"max_hp_loss":0,"event_name":"Falling","floor":39,"gold_loss":0}],"is_beta":false,"boss_relics":[{"not_picked":["Runic Pyramid","hubris:HollowSoul"],"picked":"Busted Crown"},{"not_picked":["Replay:Bronze Core","Replay:Drink Me"],"picked":"Replay:Grab Bag"},{"not_picked":["ChewingGum","hubris:RunicObelisk"],"picked":"ReplayTheSpireMod:Onyx Gauntlets"},{"not_picked":["Abe\u0027s Treasure","Runic Dome"],"picked":"Cursed Key"},{"not_picked":["hubris:Stopwatch","hubris:BlackHole"],"picked":"SlaversCollar"},{"not_picked":["Black Blood","hubris:ScarierMask"],"picked":"Calling Bell"}],"items_purged_floors":[20],"is_endless":false,"potions_floor_spawned":[5,10,11,14,18,30,31,33,35,44,45],"killed_by":"Shield and Spear","ascension_level":13}}