{"host":"2461dio7vetlq1z3","time":1608871494,"event":{"mods":["2.2 Compatiblity","AchievementEnabler","Aspiration","BaseMod","Better Third Choice","Downfall","Hermit","Minty Spire (QoL Compilation)","Relic Stats","Spicy Shops","StSLib","The Runesmith","Waifu the Spire"],"gold_per_floor":[113,213,213,230,243,243,254,284,284,313,331,331,347,380,380,380,380,380],"floor_reached":16,"playtime":694,"items_purged":[],"score":153,"play_id":"6756493a-b51f-4880-90a7-fa2075346ef4","local_time":"20201225054454","is_ascension_mode":true,"campfire_choices":[{"floor":6,"key":"REST"},{"floor":15,"key":"REST"}],"circlet_count":0,"master_deck":["champ:Strike","champ:Strike","champ:Strike","champ:Defend","champ:Defend","champ:Defend","champ:Defend","champ:Execute+1","champ:Taunt","champ:HeartStrike","champ:BerserkersShout","champ:Lariat","champ:RisingSlash","champ:Shatter","champ:FanOfKnives","champ:RapidStrikes","champ:DancingMaster+1","champ:FightOn"],"relics":["Fusion Hammer","WristBlade","aspiration:SeaSaltIceCream","aspiration:HummingbirdHeart","Frozen Egg 2","The Courier","Art of War"],"acts_visited":["Exordium"],"potions_floor_usage":[8,10,14],"damage_taken":[{"damage":7,"enemies":"2 Louse","floor":1,"turns":2},{"damage":87,"enemies":"2 Louse","floor":2,"turns":9},{"damage":11,"enemies":"Small Slimes","floor":4,"turns":4},{"damage":9,"enemies":"Cultist","floor":5,"turns":3},{"damage":6,"enemies":"2 Fungi Beasts","floor":7,"turns":3},{"damage":33,"enemies":"3 Sentries","floor":8,"turns":4},{"damage":38,"enemies":"Lagavulin","floor":10,"turns":5},{"damage":13,"enemies":"Red Slaver","floor":11,"turns":4},{"damage":20,"enemies":"Looter","floor":13,"turns":3},{"damage":17,"enemies":"3 Sentries","floor":14,"turns":6},{"damage":0,"enemies":"The Guardian","floor":16,"turns":1}],"seed_played":"2416840180223179013","potions_obtained":[{"floor":4,"key":"Explosive Potion"},{"floor":7,"key":"DistilledChaos"},{"floor":8,"key":"Weak Potion"},{"floor":13,"key":"SneckoOil"},{"floor":14,"key":"FearPotion"}],"is_trial":false,"path_per_floor":["M","?","?","M","M","R","M","E","T","E","M","?","M","E","R","B"],"character_chosen":"THE_CHAMP","items_purchased":[],"campfire_rested":2,"item_purchase_floors":[],"current_hp_per_floor":[88,12,12,12,11,38,38,28,28,18,17,17,12,7,34,34,34,34],"gold":380,"neow_bonus":"BOSS_RELIC","is_daily":false,"chose_seed":false,"campfire_upgraded":0,"win_rate":0.0,"timestamp":1608871494,"path_taken":["M","?","?","M","M","R","M","E","T","E","?","?","M","E","R","BOSS"],"items_purchased_type":[],"build_version":"2020-12-22","purchased_purges":0,"victory":false,"max_hp_per_floor":[90,90,90,90,90,90,90,90,90,90,90,90,90,90,90,90,90,90],"relic_stats":{"counters":[11,43],"Art of War":[0],"obtain_stats":[{"WristBlade":2,"champ:ChampionCrown":0,"Fusion Hammer":0,"The Courier":10,"aspiration:HummingbirdHeart":8,"Art of War":14,"aspiration:SeaSaltIceCream":8,"Frozen Egg 2":9},{"WristBlade":2,"champ:ChampionCrown":0,"Fusion Hammer":0,"The Courier":7,"aspiration:HummingbirdHeart":6,"Art of War":10,"aspiration:SeaSaltIceCream":6,"Frozen Egg 2":6},{"WristBlade":11,"champ:ChampionCrown":0,"Fusion Hammer":0,"The Courier":30,"aspiration:HummingbirdHeart":25,"Art of War":43,"aspiration:SeaSaltIceCream":25,"Frozen Egg 2":25}]},"card_choices":[{"not_picked":["champ:AdrenalArmor","champ:Aggression"],"picked":"champ:HeartStrike","floor":1},{"not_picked":["champ:FanOfKnives","champ:FocusedDefense"],"picked":"champ:BerserkersShout","floor":2},{"not_picked":["champ:HeartStrike","champ:BerserkersShout"],"picked":"champ:Lariat","floor":4},{"not_picked":["champ:ShieldWall","champ:RageSigil"],"picked":"champ:RisingSlash","floor":5},{"not_picked":["champ:RapidStrikes","champ:HeartStrike"],"picked":"champ:Shatter","floor":7},{"not_picked":["champ:RageSigil","champ:GladiatorsShout","champ:FocusedDefense"],"picked":"SKIP","floor":8},{"not_picked":["champ:Haymaker","champ:FocusedDefense"],"picked":"champ:FanOfKnives","floor":10},{"not_picked":["champ:AdrenalArmor","champ:BladeFlurry"],"picked":"champ:RapidStrikes","floor":11},{"not_picked":["champ:ViciousMockery","champ:FanOfKnives"],"picked":"champ:DancingMaster+1","floor":13},{"not_picked":["champ:BladeFlurry","champ:EnGarde"],"picked":"champ:FightOn","floor":14}],"player_experience":1013321,"relics_obtained":[{"floor":2,"key":"WristBlade"},{"floor":8,"key":"aspiration:SeaSaltIceCream"},{"floor":9,"key":"Frozen Egg 2"},{"floor":10,"key":"The Courier"},{"floor":14,"key":"Art of War"}],"event_choices":[{"damage_healed":0,"gold_gain":0,"player_choice":"Upgraded","damage_taken":0,"max_hp_gain":0,"max_hp_loss":0,"event_name":"Upgrade Shrine","floor":3,"gold_loss":0,"cards_upgraded":["champ:Execute"]},{"cards_removed":["champ:Strike"],"damage_healed":0,"gold_gain":0,"player_choice":"Card Removal","damage_taken":0,"max_hp_gain":0,"max_hp_loss":0,"event_name":"Wheel of Change","floor":12,"gold_loss":0}],"is_beta":false,"boss_relics":[],"items_purged_floors":[],"is_endless":false,"potions_floor_spawned":[4,7,8,13,14],"killed_by":"The Guardian","ascension_level":5}}