{"host":"6pgtslebjnyv5xmi","time":1608907222,"event":{"mods":["AchievementEnabler","BaseMod","Colored Map","Minty Spire (QoL Compilation)","Rare Cards Sparkle","StSLib","SuperFastMode","The Dragon Tamer","everything is the same but u backflip on backflip"],"gold_per_floor":[114,131,18,18,31,31,58,58,81,1,1,19,35,52,52,155,155,168,168,68,87,101,101,113,113,168,20,20,20,38,38,38],"floor_reached":31,"playtime":2247,"items_purged":["Regret","Defend_G"],"score":306,"play_id":"e3c7b599-1cc4-47ce-bde1-6b280fa6a71b","local_time":"20201225234022","is_ascension_mode":true,"campfire_choices":[{"data":"After Image","floor":6,"key":"SMITH"},{"floor":8,"key":"REST"},{"data":"A Thousand Cuts","floor":15,"key":"SMITH"},{"data":"Infinite Blades","floor":23,"key":"SMITH"},{"data":"Venomology","floor":25,"key":"SMITH"},{"data":"Cloak And Dagger","floor":29,"key":"SMITH"}],"circlet_count":0,"master_deck":["Strike_G","Strike_G","Strike_G","Defend_G","Defend_G","Defend_G","Survivor","Neutralize","Venomology+1","After Image+1","Well Laid Plans","Infinite Blades+1","PiercingWail","Cloak And Dagger","A Thousand Cuts+1","Cloak And Dagger","PiercingWail","Bullet Time","Cloak And Dagger+1"],"relics":["Ring of the Snake","Pantograph","Odd Mushroom","Omamori","WristBlade","CeramicFish","Membership Card"],"acts_visited":["Exordium","TheCity"],"potions_floor_usage":[2,7,12,12,13,13,13,14,16,18,22,24,30,31],"damage_taken":[{"damage":1,"enemies":"2 Louse","floor":1,"turns":4},{"damage":3,"enemies":"Small Slimes","floor":2,"turns":6},{"damage":0,"enemies":"Cultist","floor":5,"turns":6},{"damage":40,"enemies":"The Mushroom Lair","floor":7,"turns":8},{"damage":0,"enemies":"Looter","floor":12,"turns":3},{"damage":27,"enemies":"Gremlin Gang","floor":13,"turns":5},{"damage":15,"enemies":"Lots of Slimes","floor":14,"turns":5},{"damage":32,"enemies":"The Guardian","floor":16,"turns":14},{"damage":6,"enemies":"Shell Parasite","floor":18,"turns":6},{"damage":16,"enemies":"3 Byrds","floor":21,"turns":4},{"damage":6,"enemies":"Cultist and Chosen","floor":22,"turns":6},{"damage":0,"enemies":"Shelled Parasite and Fungi","floor":24,"turns":3},{"damage":11,"enemies":"Centurion and Healer","floor":30,"turns":5},{"damage":17,"enemies":"Chosen and Byrds","floor":31,"turns":8}],"seed_played":"4363192054305285940","potions_obtained":[{"floor":7,"key":"AttackPotion"},{"floor":12,"key":"Strength Potion"},{"floor":16,"key":"CultistPotion"},{"floor":22,"key":"ColorlessPotion"}],"is_trial":false,"path_per_floor":["M","M","$","?","M","R","?","R","T","$","?","M","M","M","R","B",null,"M","?","$","M","M","R","M","R","T","$","$","R","M","M"],"character_chosen":"THE_SILENT","items_purchased":["Infinite Blades","A Thousand Cuts","Membership Card"],"campfire_rested":1,"item_purchase_floors":[3,10,27],"current_hp_per_floor":[62,59,59,56,56,56,16,37,37,37,37,37,10,21,21,14,56,50,50,50,34,28,28,28,28,28,28,28,28,17,0,0],"gold":38,"neow_bonus":"TRANSFORM_TWO_CARDS","is_daily":false,"chose_seed":false,"campfire_upgraded":5,"win_rate":0.0,"timestamp":1608907222,"path_taken":["M","M","$","?","M","R","?","R","T","$","?","M","?","M","R","BOSS","M","?","$","?","?","R","M","R","T","?","$","R","M","M"],"items_purchased_type":["Card","Card","Relic"],"build_version":"2020-12-22","purchased_purges":2,"victory":false,"max_hp_per_floor":[70,70,70,70,70,70,70,70,70,70,70,70,70,70,70,70,70,70,70,70,70,70,70,70,70,70,70,70,70,70,70,70],"card_choices":[{"not_picked":["Sucker Punch","Deflect"],"picked":"Well Laid Plans","floor":1},{"not_picked":["Underhanded Strike","Dodge and Roll","Eviscerate"],"picked":"SKIP","floor":2},{"not_picked":["Dodge and Roll","Deflect"],"picked":"PiercingWail","floor":5},{"not_picked":["Riddle With Holes","Prepared"],"picked":"Cloak And Dagger","floor":7},{"not_picked":["Setup","Acrobatics"],"picked":"Cloak And Dagger","floor":12},{"not_picked":["Slice","Underhanded Strike"],"picked":"PiercingWail","floor":13},{"not_picked":["Dodge and Roll","Sucker Punch","Infinite Blades"],"picked":"SKIP","floor":14},{"not_picked":["Phantasmal Killer","Corpse Explosion"],"picked":"Bullet Time","floor":16},{"not_picked":["Expertise","Poisoned Stab"],"picked":"Cloak And Dagger","floor":18},{"not_picked":["Dodge and Roll+1","Acrobatics","Deflect"],"picked":"SKIP","floor":21},{"not_picked":["Expertise","Distraction+1","Quick Slash+1"],"picked":"SKIP","floor":22},{"not_picked":["Deflect","Deadly Poison","Caltrops+1"],"picked":"SKIP","floor":24},{"not_picked":["Acrobatics","Underhanded Strike","Deflect"],"picked":"SKIP","floor":30}],"player_experience":496381,"relics_obtained":[{"floor":7,"key":"Odd Mushroom"},{"floor":9,"key":"Omamori"},{"floor":26,"key":"CeramicFish"}],"event_choices":[{"damage_healed":0,"gold_gain":0,"player_choice":"Success","damage_taken":3,"relics_obtained":["Pantograph"],"max_hp_gain":0,"max_hp_loss":0,"event_name":"Scrap Ooze","floor":4,"gold_loss":0},{"damage_healed":0,"gold_gain":0,"player_choice":"Fought Mushrooms","damage_taken":0,"max_hp_gain":0,"max_hp_loss":0,"event_name":"Mushrooms","floor":7,"gold_loss":0},{"cards_removed":["Defend_G"],"damage_healed":0,"gold_gain":0,"player_choice":"Offered Basic","damage_taken":0,"max_hp_gain":0,"max_hp_loss":0,"event_name":"Bonfire Elementals","floor":11,"gold_loss":0},{"damage_healed":0,"gold_gain":0,"player_choice":"Bought 0 Potions","damage_taken":0,"max_hp_gain":0,"max_hp_loss":0,"event_name":"The Woman in Blue","floor":19,"gold_loss":0}],"is_beta":false,"boss_relics":[{"not_picked":["HoveringKite","Philosopher\u0027s Stone"],"picked":"WristBlade"}],"items_purged_floors":[3,20],"is_endless":false,"potions_floor_spawned":[7,12,16,22],"killed_by":"Chosen and Byrds","ascension_level":7}}