{"host":"ayh4nqhr0ddw4ozv","time":1608929281,"event":{"mods":["BaseMod","Minty Spire (QoL Compilation)","Relic Stats","Robot Space Explorer","StSLib"],"gold_per_floor":[114,124,124,140,153,185,185,210,210,221,246,261,261,295,295,396,396,406,331,351,59,77,77,27,58,129,129,163,163,163,6,6,108,108,124,124,124,144,163,197,197,247,316,341,341,369,275,275,275,275,275,275,61,89,89],"floor_reached":56,"playtime":2777,"items_purged":["RobotSpaceExplorer:Strike","RobotSpaceExplorer:Defend","RobotSpaceExplorer:Defend"],"score":1529,"play_id":"94b98b0a-0d99-4e37-a84f-43184d32e15d","local_time":"20201225124801","is_ascension_mode":true,"campfire_choices":[{"data":"RobotSpaceExplorer:StarLightning","floor":7.0,"key":"SMITH"},{"data":"RobotSpaceExplorer:Scanner","floor":15.0,"key":"SMITH"},{"data":"RobotSpaceExplorer:Accelerator","floor":23.0,"key":"SMITH"},{"data":"RobotSpaceExplorer:IronShell","floor":27.0,"key":"SMITH"},{"data":"RobotSpaceExplorer:RigExplosive","floor":29.0,"key":"SMITH"},{"data":"RobotSpaceExplorer:MiniLasers","floor":32.0,"key":"SMITH"},{"data":"RobotSpaceExplorer:ExhaustFan","floor":45.0,"key":"SMITH"},{"floor":49.0,"key":"RECALL"},{"data":"RobotSpaceExplorer:FranticSearch","floor":52.0,"key":"SMITH"}],"circlet_count":0,"master_deck":["RobotSpaceExplorer:MiniLasers+1","RobotSpaceExplorer:RigExplosive+1","RobotSpaceExplorer:StarLightning+1","RobotSpaceExplorer:ImprovisedAttack+1","RobotSpaceExplorer:Scanner+1","RobotSpaceExplorer:Accelerator+1","RobotSpaceExplorer:PowerCollector+1","RobotSpaceExplorer:TrailblazerForm+1","RobotSpaceExplorer:ChargingLaser+1","RobotSpaceExplorer:LuckyStrike+1","RobotSpaceExplorer:IronShell+1","RobotSpaceExplorer:FranticSearch+1","RobotSpaceExplorer:Probe+1","RobotSpaceExplorer:ExhaustFan+1","Swift Strike","RobotSpaceExplorer:DualCore"],"relics":["RobotSpaceExplorer:Reprocessor","Shuriken","Tiny Chest","RobotSpaceExplorer:FoglandsKnife","Bronze Scales","Astrolabe","Ancient Tea Set","Boot","Anchor","Matryoshka","Membership Card","Busted Crown","Blood Vial","Happy Flower","Smiling Mask","Question Card","Ice Cream","Vajra","Mummified Hand","Meat on the Bone","Lizard Tail","Kunai","Nunchaku"],"acts_visited":["Exordium","TheCity","TheBeyond","TheEnding"],"potions_floor_usage":[55,55,55],"damage_taken":[{"damage":0.0,"enemies":"Jaw Worm","floor":1.0,"turns":5.0},{"damage":1.0,"enemies":"Cultist","floor":2.0,"turns":3.0},{"damage":0.0,"enemies":"2 Louse","floor":4.0,"turns":3.0},{"damage":0.0,"enemies":"Blue Slaver","floor":5.0,"turns":3.0},{"damage":10.0,"enemies":"Gremlin Nob","floor":6.0,"turns":3.0},{"damage":6.0,"enemies":"3 Sentries","floor":8.0,"turns":8.0},{"damage":0.0,"enemies":"Exordium Thugs","floor":10.0,"turns":4.0},{"damage":0.0,"enemies":"Lagavulin","floor":11.0,"turns":5.0},{"damage":0.0,"enemies":"3 Louse","floor":12.0,"turns":2.0},{"damage":9.0,"enemies":"Gremlin Nob","floor":14.0,"turns":3.0},{"damage":19.0,"enemies":"Hexaghost","floor":16.0,"turns":8.0},{"damage":0.0,"enemies":"2 Thieves","floor":18.0,"turns":3.0},{"damage":3.0,"enemies":"Shell Parasite","floor":20.0,"turns":2.0},{"damage":2.0,"enemies":"Snake Plant","floor":22.0,"turns":2.0},{"damage":28.0,"enemies":"Gremlin Leader","floor":25.0,"turns":4.0},{"damage":0.0,"enemies":"Book of Stabbing","floor":28.0,"turns":3.0},{"damage":23.0,"enemies":"Collector","floor":33.0,"turns":7.0},{"damage":0.0,"enemies":"3 Shapes","floor":35.0,"turns":3.0},{"damage":1.0,"enemies":"Orb Walker","floor":38.0,"turns":3.0},{"damage":20.0,"enemies":"Maw","floor":39.0,"turns":4.0},{"damage":0.0,"enemies":"Nemesis","floor":40.0,"turns":3.0},{"damage":5.0,"enemies":"Mind Bloom Boss Battle","floor":42.0,"turns":3.0},{"damage":0.0,"enemies":"Giant Head","floor":44.0,"turns":5.0},{"damage":0.0,"enemies":"Nemesis","floor":46.0,"turns":3.0},{"damage":45.0,"enemies":"Awakened One","floor":50.0,"turns":6.0},{"damage":11.0,"enemies":"Shield and Spear","floor":54.0,"turns":3.0},{"damage":88,"enemies":"The Heart","floor":55,"turns":6}],"seed_played":"-2963563298754679044","potions_obtained":[{"floor":2.0,"key":"LiquidBronze"},{"floor":3.0,"key":"PowerPotion"},{"floor":3.0,"key":"DistilledChaos"},{"floor":4.0,"key":"AttackPotion"},{"floor":6.0,"key":"Ancient Potion"},{"floor":10.0,"key":"AttackPotion"},{"floor":16.0,"key":"SteroidPotion"},{"floor":25.0,"key":"Dexterity Potion"},{"floor":28.0,"key":"Strength Potion"},{"floor":40.0,"key":"Strength Potion"},{"floor":44.0,"key":"DuplicationPotion"}],"is_trial":false,"path_per_floor":["M","M","?","M","M","E","R","E","T","M","E","M","?","E","R","B",null,"M","?","M","$","M","R","?","E","T","R","E","R","T","$","R","B",null,"M","?","?","M","M","E","T","?","T","E","R","E","$","?","R","B",null,"R","$","E","B",null],"character_chosen":"RobotSpaceExplorer","items_purchased":["Ancient Tea Set","DistilledChaos","Membership Card","Swift Strike","Kunai","RobotSpaceExplorer:DualCore"],"campfire_rested":0,"item_purchase_floors":[21,21,31,47,53,53],"current_hp_per_floor":[75,74,74,74,74,64,64,58,58,58,58,58,58,49,49,30,75,75,75,72,72,70,70,70,42,42,42,42,42,42,42,42,19,75,75,71,71,70,51,53,53,50,50,52,52,54,54,54,54,23,71,71,71,60,23],"gold":89,"neow_bonus":"BOSS_RELIC","is_daily":false,"chose_seed":false,"campfire_upgraded":8,"win_rate":0.0,"timestamp":1608929281,"path_taken":["M","M","?","M","?","E","R","E","T","M","E","M","?","E","R","BOSS","M","?","M","$","M","R","?","E","T","R","E","R","?","$","R","BOSS","M","?","?","?","M","E","?","?","T","E","R","E","$","?","R","BOSS","R","$","E","BOSS"],"items_purchased_type":["Relic","Potion","Relic","Card","Relic","Card"],"build_version":"2020-12-22","purchased_purges":3,"victory":true,"max_hp_per_floor":[75,75,75,75,75,75,75,75,75,75,75,75,75,75,75,75,75,75,75,75,75,75,75,75,75,75,75,75,75,75,75,75,75,75,75,71,71,71,71,71,71,71,71,71,71,71,71,71,71,71,71,71,71,71,71],"relic_stats":{"Happy Flower":[8],"counters":[27,107],"Astrolabe":["RobotSpaceExplorer:PowerCollector","RobotSpaceExplorer:TrailblazerForm","RobotSpaceExplorer:ChargingLaser"],"Boot":[47],"Smiling Mask":13,"Question Card":4,"Blood Vial":13,"Lizard Tail":35,"Nunchaku":[2],"Busted Crown":16,"Shuriken":[59],"Mummified Hand":[28],"Bronze Scales":[243],"Tiny Chest":2,"Kunai":[9],"obtain_stats":[{"Ice Cream":42,"Happy Flower":40,"Astrolabe":17,"Vajra":43,"RobotSpaceExplorer:RoboCore":0,"RobotSpaceExplorer:Reprocessor":0,"Ancient Tea Set":21,"Boot":25,"Smiling Mask":41,"Question Card":41,"Blood Vial":35,"RobotSpaceExplorer:FoglandsKnife":9,"Anchor":28,"Lizard Tail":46,"Nunchaku":54,"Matryoshka":30,"Busted Crown":34,"Shuriken":6,"Mummified Hand":43,"Bronze Scales":14,"Tiny Chest":8,"Membership Card":31,"Kunai":53,"Meat on the Bone":44},{"Ice Cream":22,"Happy Flower":21,"Astrolabe":11,"Vajra":22,"RobotSpaceExplorer:RoboCore":0,"RobotSpaceExplorer:Reprocessor":0,"Ancient Tea Set":13,"Boot":15,"Smiling Mask":21,"Question Card":21,"Blood Vial":18,"RobotSpaceExplorer:FoglandsKnife":6,"Anchor":16,"Lizard Tail":24,"Nunchaku":26,"Matryoshka":16,"Busted Crown":17,"Shuriken":5,"Mummified Hand":22,"Bronze Scales":10,"Tiny Chest":6,"Membership Card":16,"Kunai":25,"Meat on the Bone":23},{"Ice Cream":84,"Happy Flower":81,"Astrolabe":47,"Vajra":84,"RobotSpaceExplorer:RoboCore":0,"RobotSpaceExplorer:Reprocessor":0,"Ancient Tea Set":52,"Boot":58,"Smiling Mask":81,"Question Card":81,"Blood Vial":71,"RobotSpaceExplorer:FoglandsKnife":25,"Anchor":61,"Lizard Tail":92,"Nunchaku":101,"Matryoshka":61,"Busted Crown":68,"Shuriken":17,"Mummified Hand":84,"Bronze Scales":39,"Tiny Chest":25,"Membership Card":61,"Kunai":98,"Meat on the Bone":89}],"Meat on the Bone":24},"card_choices":[{"not_picked":["RobotSpaceExplorer:DoubleBlock","RobotSpaceExplorer:LuckyStrike"],"picked":"RobotSpaceExplorer:RigExplosive","floor":1.0},{"not_picked":["RobotSpaceExplorer:SurgingShield","RobotSpaceExplorer:StunGrenade"],"picked":"RobotSpaceExplorer:StarLightning","floor":2.0},{"not_picked":["RobotSpaceExplorer:StarLightning","RobotSpaceExplorer:FranticSearch","RobotSpaceExplorer:Discharger"],"picked":"SKIP","floor":4.0},{"not_picked":["RobotSpaceExplorer:Discharger","RobotSpaceExplorer:MiniBoosters","RobotSpaceExplorer:Fix"],"picked":"SKIP","floor":5.0},{"not_picked":["RobotSpaceExplorer:Reload","RobotSpaceExplorer:SlimeMissile"],"picked":"RobotSpaceExplorer:ImprovisedAttack","floor":6.0},{"not_picked":["RobotSpaceExplorer:SwiftStep","RobotSpaceExplorer:SurgingShield","RobotSpaceExplorer:Pulsar"],"picked":"SKIP","floor":8.0},{"not_picked":["RobotSpaceExplorer:ShockKick","RobotSpaceExplorer:SurgingStrike","RobotSpaceExplorer:Probe"],"picked":"SKIP","floor":10.0},{"not_picked":["RobotSpaceExplorer:SelfCleaning","RobotSpaceExplorer:LuckyStrike"],"picked":"RobotSpaceExplorer:Scanner","floor":11.0},{"not_picked":["RobotSpaceExplorer:GlueShot","RobotSpaceExplorer:Blitz","RobotSpaceExplorer:ShockKick"],"picked":"SKIP","floor":12.0},{"not_picked":["RobotSpaceExplorer:GlueSpray","RobotSpaceExplorer:Accelerator","RobotSpaceExplorer:Pulsar"],"picked":"SKIP","floor":14.0},{"not_picked":["RobotSpaceExplorer:Autoloader","RobotSpaceExplorer:Asteroid"],"picked":"RobotSpaceExplorer:Accelerator","floor":16.0},{"not_picked":["RobotSpaceExplorer:Blitz+1","RobotSpaceExplorer:FreezeRay","RobotSpaceExplorer:SlimeMissile"],"picked":"SKIP","floor":18.0},{"not_picked":["RobotSpaceExplorer:SurgingStrike","RobotSpaceExplorer:Ammunition","RobotSpaceExplorer:SwiftStep"],"picked":"SKIP","floor":20.0},{"not_picked":["RobotSpaceExplorer:Fix","RobotSpaceExplorer:SurgingStrike"],"picked":"RobotSpaceExplorer:LuckyStrike+1","floor":22.0},{"not_picked":["RobotSpaceExplorer:BigMissile","RobotSpaceExplorer:ImprovisedAttack"],"picked":"RobotSpaceExplorer:IronShell","floor":25.0},{"not_picked":["RobotSpaceExplorer:Counterblock","RobotSpaceExplorer:TurboDodge","RobotSpaceExplorer:Explosion"],"picked":"SKIP","floor":28.0},{"not_picked":["RobotSpaceExplorer:Multitool","RobotSpaceExplorer:Scanner"],"picked":"RobotSpaceExplorer:Exploration","floor":33.0},{"not_picked":["RobotSpaceExplorer:PlasmaMissile+1"],"picked":"SKIP","floor":35.0},{"not_picked":[],"picked":"RobotSpaceExplorer:FranticSearch","floor":38.0},{"not_picked":["RobotSpaceExplorer:IronShell"],"picked":"SKIP","floor":39.0},{"not_picked":[],"picked":"RobotSpaceExplorer:Probe+1","floor":40.0},{"not_picked":["RobotSpaceExplorer:FranticSearch"],"picked":"RobotSpaceExplorer:ExhaustFan","floor":42.0},{"not_picked":["RobotSpaceExplorer:DroneSwarm","RobotSpaceExplorer:GearShield+1"],"picked":"SKIP","floor":44.0},{"not_picked":["RobotSpaceExplorer:Counterblock","RobotSpaceExplorer:GlueShot"],"picked":"SKIP","floor":46.0},{"not_picked":["RobotSpaceExplorer:Ammunition","RobotSpaceExplorer:Probe"],"picked":"SKIP","floor":54.0}],"player_experience":216865,"relics_obtained":[{"floor":6.0,"key":"Shuriken"},{"floor":8.0,"key":"Tiny Chest"},{"floor":9.0,"key":"RobotSpaceExplorer:FoglandsKnife"},{"floor":14.0,"key":"Bronze Scales"},{"floor":25.0,"key":"Boot"},{"floor":28.0,"key":"Anchor"},{"floor":30.0,"key":"Matryoshka"},{"floor":35.0,"key":"Blood Vial"},{"floor":40.0,"key":"Happy Flower"},{"floor":41.0,"key":"Smiling Mask"},{"floor":41.0,"key":"Question Card"},{"floor":42.0,"key":"Ice Cream"},{"floor":43.0,"key":"Vajra"},{"floor":43.0,"key":"Mummified Hand"},{"floor":44.0,"key":"Meat on the Bone"},{"floor":46.0,"key":"Lizard Tail"},{"floor":54.0,"key":"Nunchaku"}],"event_choices":[{"damage_healed":0.0,"max_hp_gain":0.0,"max_hp_loss":0.0,"gold_gain":0.0,"event_name":"Lab","player_choice":"Got Potions","floor":3.0,"gold_loss":0.0,"damage_taken":0.0},{"damage_healed":0.0,"max_hp_gain":0.0,"max_hp_loss":0.0,"gold_gain":0.0,"event_name":"Living Wall","player_choice":"Grow","floor":13.0,"gold_loss":0.0,"damage_taken":0.0,"cards_upgraded":["RobotSpaceExplorer:ImprovisedAttack"]},{"cards_removed":["RobotSpaceExplorer:Defend"],"damage_healed":0.0,"max_hp_gain":0.0,"max_hp_loss":0.0,"gold_gain":0.0,"event_name":"Beggar","player_choice":"Gave Gold","floor":19.0,"gold_loss":75.0,"damage_taken":0.0},{"damage_healed":0.0,"max_hp_gain":0.0,"max_hp_loss":0.0,"gold_gain":0.0,"event_name":"The Joust","player_choice":"Bet on Murderer","floor":24.0,"gold_loss":50.0,"damage_taken":0.0},{"damage_healed":0.0,"max_hp_gain":0.0,"max_hp_loss":4.0,"gold_gain":0.0,"event_name":"Winding Halls","player_choice":"Max HP","floor":36.0,"gold_loss":0.0,"damage_taken":0.0},{"cards_removed":["RobotSpaceExplorer:Strike"],"damage_healed":0.0,"max_hp_gain":0.0,"max_hp_loss":0.0,"gold_gain":0.0,"event_name":"Purifier","player_choice":"Purged","floor":37.0,"gold_loss":0.0,"damage_taken":0.0},{"damage_healed":0.0,"max_hp_gain":0.0,"max_hp_loss":0.0,"gold_gain":0.0,"event_name":"MindBloom","player_choice":"Fight","floor":42.0,"gold_loss":0.0,"damage_taken":0.0},{"cards_removed":["RobotSpaceExplorer:Scan"],"damage_healed":0.0,"max_hp_gain":0.0,"max_hp_loss":0.0,"gold_gain":0.0,"event_name":"Falling","player_choice":"Removed Skill","floor":48.0,"gold_loss":0.0,"damage_taken":0.0}],"is_beta":false,"boss_relics":[{"not_picked":["Velvet Choker","Calling Bell"],"picked":"Astrolabe"},{"not_picked":["Coffee Dripper","Cursed Key"],"picked":"Busted Crown"}],"items_purged_floors":[21,47,53],"is_endless":false,"potions_floor_spawned":[2,4,6,10,16,25,28,40,44,54],"ascension_level":1}}