{"host":"pg2biz4zy3df4ctj","time":1608922322,"event":{"mods":["BaseMod","Minty Spire (QoL Compilation)","Quick Restart","Random Character Button"],"gold_per_floor":[115,290,290,302,30,64,76,146,146,146,191,141,141,178,178,276,276,321,120,120,180,180,180,180],"floor_reached":23,"playtime":775,"items_purged":["Strike_G","Strike_G"],"score":408,"play_id":"b4579848-7947-4a5a-afe3-6b2697c54357","local_time":"20201225105202","is_ascension_mode":true,"campfire_choices":[{"data":"Neutralize","floor":10,"key":"SMITH"},{"floor":13,"key":"REST"},{"data":"HandOfGreed","floor":15,"key":"SMITH"}],"circlet_count":0,"master_deck":["AscendersBane","Strike_G","Defend_G","Defend_G","Defend_G","Defend_G","Defend_G","Survivor","Neutralize+1","Poisoned Stab","HandOfGreed+1","Dodge and Roll","Dash","Die Die Die","Footwork","Blade Dance","Ghostly","Ghostly","Ghostly","Ghostly","Ghostly"],"relics":["Ring of the Snake","NeowsBlessing","Boot","Bottled Flame","Regal Pillow","Busted Crown"],"acts_visited":["TheCity"],"potions_floor_usage":[8,11,16,18],"damage_taken":[{"damage":0,"enemies":"Small Slimes","floor":1,"turns":1},{"damage":0,"enemies":"2 Louse","floor":4,"turns":1},{"damage":0,"enemies":"Gremlin Nob","floor":6,"turns":1},{"damage":0,"enemies":"Cultist","floor":7,"turns":2},{"damage":17,"enemies":"3 Sentries","floor":8,"turns":7},{"damage":24,"enemies":"Gremlin Nob","floor":11,"turns":5},{"damage":0,"enemies":"2 Fungi Beasts","floor":14,"turns":3},{"damage":18,"enemies":"The Guardian","floor":16,"turns":14},{"damage":7,"enemies":"Shell Parasite","floor":18,"turns":7},{"damage":10,"enemies":"2 Thieves","floor":21,"turns":4},{"damage":39,"enemies":"Book of Stabbing","floor":23,"turns":8}],"seed_played":"-864187960299529384","potions_obtained":[{"floor":1,"key":"SneckoOil"},{"floor":6,"key":"AttackPotion"},{"floor":14,"key":"SkillPotion"},{"floor":16,"key":"PowerPotion"}],"is_trial":false,"path_per_floor":["M","?","?","M","$","E","M","E","T","R","E","?","R","M","R","B",null,"M","$","?","M","?","E"],"character_chosen":"THE_SILENT","items_purchased":["HandOfGreed","Footwork","Blade Dance"],"campfire_rested":1,"item_purchase_floors":[5,19,19],"current_hp_per_floor":[63,63,56,56,56,56,56,39,39,39,15,15,51,51,51,33,61,54,54,54,44,35,0,0],"gold":180,"neow_bonus":"THREE_ENEMY_KILL","is_daily":false,"chose_seed":false,"campfire_upgraded":2,"win_rate":0.0,"timestamp":1608922322,"path_taken":["M","?","?","M","$","E","M","E","T","R","E","?","R","M","R","BOSS","M","$","?","?","?","E"],"items_purchased_type":["Card","Card","Card"],"build_version":"2020-12-22","purchased_purges":2,"victory":false,"max_hp_per_floor":[70,70,70,70,70,70,70,70,70,70,70,70,70,70,70,70,70,70,70,70,70,35,35,35],"card_choices":[{"not_picked":["Catalyst","Bouncing Flask","Choke"],"picked":"SKIP","floor":1},{"not_picked":["Deflect","Blade Dance"],"picked":"Poisoned Stab","floor":4},{"not_picked":["Flying Knee","Concentrate","Dodge and Roll"],"picked":"SKIP","floor":6},{"not_picked":["Acrobatics","Flying Knee","Concentrate"],"picked":"SKIP","floor":7},{"not_picked":["Infinite Blades","Catalyst"],"picked":"Dodge and Roll","floor":8},{"not_picked":["Flying Knee","Deflect","Night Terror"],"picked":"SKIP","floor":11},{"not_picked":["Blade Dance","Slice"],"picked":"Dash","floor":14},{"not_picked":["Burst","Corpse Explosion"],"picked":"Die Die Die","floor":16},{"not_picked":["Infinite Blades"],"picked":"SKIP","floor":18},{"not_picked":["Underhanded Strike"],"picked":"SKIP","floor":21}],"player_experience":571860,"relics_obtained":[{"floor":6,"key":"Boot"},{"floor":8,"key":"Bottled Flame"},{"floor":11,"key":"Regal Pillow"}],"event_choices":[{"damage_healed":0,"gold_gain":175,"player_choice":"AGREE","damage_taken":0,"max_hp_gain":0,"max_hp_loss":0,"event_name":"Liars Game","floor":2,"gold_loss":0,"cards_obtained":["Doubt"]},{"cards_removed":["Doubt"],"damage_healed":0,"gold_gain":0,"player_choice":"Card Removal","damage_taken":7,"max_hp_gain":0,"max_hp_loss":0,"event_name":"Golden Wing","floor":3,"gold_loss":0},{"cards_removed":["Strike_G"],"damage_healed":0,"gold_gain":0,"player_choice":"Card Removal","damage_taken":0,"max_hp_gain":0,"max_hp_loss":0,"event_name":"The Cleric","floor":12,"gold_loss":50},{"cards_removed":["Strike_G"],"damage_healed":0,"gold_gain":0,"player_choice":"Offered Basic","damage_taken":0,"max_hp_gain":0,"max_hp_loss":0,"event_name":"Bonfire Elementals","floor":20,"gold_loss":0},{"damage_healed":0,"gold_gain":0,"player_choice":"Became a Ghost","damage_taken":0,"max_hp_gain":0,"max_hp_loss":35,"event_name":"Ghosts","floor":22,"gold_loss":0,"cards_obtained":["Ghostly","Ghostly","Ghostly","Ghostly","Ghostly"]}],"is_beta":false,"boss_relics":[{"not_picked":["Astrolabe","Ring of the Serpent"],"picked":"Busted Crown"}],"items_purged_floors":[5,19],"is_endless":false,"potions_floor_spawned":[1,6,14,16],"killed_by":"Book of Stabbing","ascension_level":13}}