{"host":"jpyc2kczef5p02oc","time":1608869667,"event":{"mods":["ATMod(阿瑾Mod)","BaseMod","Friendly Minions","Hubris","Marisa（F雨　魔理沙）","Minty Spire (QoL Compilation)","StSLib","Td1madao Mod","The Servant 0.9.4","【功能Mod】聪明的最终Boss"],"gold_per_floor":[118,168,0,0,19,19,47,67,67,67,67,67,101,116,116,116,116],"floor_reached":16,"playtime":624,"items_purged":[],"score":211,"play_id":"090fc9b3-bb27-494b-98a7-63f53c6b80d3","local_time":"20201225121427","is_ascension_mode":true,"campfire_choices":[{"data":"AT_FamilyPortrait","floor":6.0,"key":"SMITH"},{"data":"Armaments","floor":10.0,"key":"SMITH"},{"data":"Bash","floor":12.0,"key":"SMITH"},{"data":"Hemokinesis","floor":15.0,"key":"SMITH"}],"circlet_count":0,"master_deck":["AscendersBane","Strike_R","Strike_R","Strike_R","Strike_R","Defend_R","Defend_R","Defend_R","Defend_R","Bash+1","AT_FamilyPortrait+1","Armaments+1","Sword Boomerang","Hemokinesis+1"],"relics":["Burning Blood","AT_ATBox","Centennial Puzzle","Chemical X","AT_Kusabimaru","hubris:OldNail","AT_SilverBalance"],"acts_visited":["Exordium"],"potions_floor_usage":[16],"damage_taken":[{"damage":5.0,"enemies":"2 Louse","floor":1.0,"turns":3.0},{"damage":1.0,"enemies":"Cultist","floor":5.0,"turns":4.0},{"damage":21.0,"enemies":"Gremlin Nob","floor":7.0,"turns":4.0},{"damage":2.0,"enemies":"Jaw Worm","floor":8.0,"turns":3.0},{"damage":9.0,"enemies":"3 Sentries","floor":13.0,"turns":4.0},{"damage":4.0,"enemies":"Blue Slaver","floor":14.0,"turns":3.0},{"damage":38,"enemies":"The Guardian","floor":16,"turns":9}],"seed_played":"312973285145626083","potions_obtained":[{"floor":8.0,"key":"SkillPotion"},{"floor":14.0,"key":"ElixirPotion"}],"is_trial":false,"path_per_floor":["M","?","$","T","M","R","E","M","T","R","?","R","E","M","R","B"],"character_chosen":"IRONCLAD","items_purchased":["Chemical X"],"campfire_rested":0,"item_purchase_floors":[3],"current_hp_per_floor":[69,62,62,62,67,67,52,56,56,56,56,56,53,39,39,0,0],"gold":116,"neow_bonus":"RANDOM_COMMON_RELIC","is_daily":false,"chose_seed":false,"campfire_upgraded":4,"win_rate":0.0,"timestamp":1608869667,"path_taken":["M","?","$","?","M","R","E","M","T","R","?","R","E","?","R","BOSS"],"items_purchased_type":["Relic"],"build_version":"2020-12-22","purchased_purges":0,"victory":false,"max_hp_per_floor":[75,75,75,75,75,75,75,75,75,75,75,75,75,75,75,75,75],"card_choices":[{"not_picked":["Wild Strike","Clash"],"picked":"Armaments","floor":1.0},{"not_picked":["Pummel","Burning Pact","AT_DrawKnifeCut"],"picked":"SKIP","floor":5.0},{"not_picked":["Bludgeon","hubris:ReadiedAction"],"picked":"Sword Boomerang","floor":7.0},{"not_picked":["Wild Strike","Anger"],"picked":"Hemokinesis","floor":8.0},{"not_picked":["Heavy Blade","True Grit","Feel No Pain"],"picked":"SKIP","floor":13.0},{"not_picked":["Warcry","Clothesline","Wild Strike"],"picked":"SKIP","floor":14.0}],"player_experience":281457,"relics_obtained":[{"floor":7.0,"key":"AT_Kusabimaru"},{"floor":9.0,"key":"hubris:OldNail"},{"floor":13.0,"key":"AT_SilverBalance"}],"event_choices":[{"damage_healed":0.0,"max_hp_gain":0.0,"max_hp_loss":0.0,"gold_gain":50.0,"event_name":"FaceTrader","player_choice":"Touch","floor":2.0,"gold_loss":0.0,"damage_taken":7.0},{"cards_removed":["Strike_R"],"damage_healed":0.0,"max_hp_gain":0.0,"max_hp_loss":0.0,"gold_gain":0.0,"event_name":"Purifier","player_choice":"Purged","floor":11.0,"gold_loss":0.0,"damage_taken":0.0}],"is_beta":false,"boss_relics":[],"items_purged_floors":[],"is_endless":false,"potions_floor_spawned":[8,14],"killed_by":"The Guardian","ascension_level":19}}