{"host":"151yr9p79rpn1su6","time":1608924892,"event":{"mods":["BaseMod","Colored Map","Downfall","Minty Spire (QoL Compilation)","Replay The Spire","StSLib"],"gold_per_floor":[115,132,132,207,226,253,265,265,265,265,265,277,295,327,327,327,327],"floor_reached":16,"playtime":1240,"items_purged":[],"score":112,"play_id":"a9efe775-41b7-4bf8-8d26-d89457a83556","local_time":"20201225143452","is_ascension_mode":false,"campfire_choices":[{"floor":8,"key":"REST"},{"data":"Combust","floor":11,"key":"SMITH"},{"data":"Sword Boomerang","floor":15,"key":"SMITH"}],"circlet_count":0,"master_deck":["Strike_R","Strike_R","Strike_R","Strike_R","Strike_R","Defend_R","Defend_R","Defend_R","Defend_R","Bash+1","Sword Boomerang","Combust+1","Flame Barrier","Iron Wave","Sword Boomerang+1","Limit Break"],"relics":["Burning Blood","Art of War","Smiling Mask","Meat on the Bone"],"acts_visited":[],"potions_floor_usage":[14],"damage_taken":[{"damage":1.0,"enemies":"Cultist","floor":1.0,"turns":4.0},{"damage":7.0,"enemies":"Small Slimes","floor":2.0,"turns":4.0},{"damage":8,"enemies":"Jaw Worm","floor":5,"turns":3},{"damage":35,"enemies":"3 Sentries","floor":6,"turns":7},{"damage":7,"enemies":"Blue Slaver","floor":7,"turns":5},{"damage":2,"enemies":"Looter","floor":12,"turns":3},{"damage":2,"enemies":"3 Louse","floor":13,"turns":2},{"damage":29,"enemies":"Gremlin Nob","floor":14,"turns":3},{"damage":37,"enemies":"Slime Boss","floor":16,"turns":8}],"seed_played":"4266200241481652316","potions_obtained":[{"floor":1.0,"key":"sneckomod:MuddlingPotion"},{"floor":5,"key":"Guardian:BlockOnCardUsePotion"},{"floor":6,"key":"PowerPotion"}],"is_trial":false,"path_per_floor":["M","M","?","?","M","E","M","R","T","?","R","M","M","E","R","B"],"character_chosen":"IRONCLAD","items_purchased":[],"campfire_rested":1,"item_purchase_floors":[],"current_hp_per_floor":[80,79,79,68,66,37,36,60,60,60,60,64,68,45,45,8,8],"gold":327,"neow_bonus":"UPGRADE_CARD","is_daily":false,"chose_seed":false,"campfire_upgraded":2,"win_rate":0.0,"timestamp":1608924892,"path_taken":["M","M","?","?","M","E","M","R","T","?","R","M","?","E","R","BOSS"],"items_purchased_type":[],"build_version":"2020-12-22","purchased_purges":0,"victory":false,"max_hp_per_floor":[80,80,80,80,80,80,80,80,80,80,80,80,80,80,80,80,80],"card_choices":[{"not_picked":["Battle Trance","Cleave"],"picked":"Sword Boomerang","floor":1.0},{"not_picked":["Bloodletting","Headbutt","Infernal Blade"],"picked":"SKIP","floor":2.0},{"not_picked":["Reckless Charge","Anger"],"picked":"Combust","floor":5},{"not_picked":["Clothesline","ReplayTheSpireMod:Stacked"],"picked":"Flame Barrier","floor":6},{"not_picked":["Replay:Undeath\u0027s Touch","Perfected Strike"],"picked":"Iron Wave","floor":7},{"not_picked":["True Grit","Havoc"],"picked":"Sword Boomerang","floor":12},{"not_picked":["Infernal Blade","Pommel Strike","Sever Soul"],"picked":"SKIP","floor":13},{"not_picked":["Thunderclap","Body Slam"],"picked":"Limit Break","floor":14}],"player_experience":1046573,"relics_obtained":[{"floor":6,"key":"Art of War"},{"floor":9,"key":"Smiling Mask"},{"floor":14,"key":"Meat on the Bone"}],"event_choices":[{"damage_healed":0,"gold_gain":75,"player_choice":"Gather Gold","damage_taken":11,"max_hp_gain":0,"max_hp_loss":0,"event_name":"World of Goop","floor":4,"gold_loss":0},{"damage_healed":0,"gold_gain":0,"player_choice":"Ignored","damage_taken":0,"max_hp_gain":0,"max_hp_loss":0,"event_name":"Liars Game","floor":10,"gold_loss":0}],"is_beta":false,"boss_relics":[],"items_purged_floors":[],"is_endless":false,"potions_floor_spawned":[1,5,6,13],"killed_by":"Slime Boss","ascension_level":0}}