{"host":"y15j0sqd0it1yzon","time":1608922387,"event":{"mods":["AchievementEnabler","Act Like it!","BaseMod","Elementarium","Gensokyo","Infinite Spire","Menagerie","Minty Spire (QoL Compilation)","Replay The Spire","StSLib","The Jungle"],"gold_per_floor":[114,114,60,74,92,125,125,125,125,152,152],"floor_reached":10,"playtime":1332,"items_purged":[],"score":76,"play_id":"c7674ded-1a9b-4d75-9ead-5aed6f22b482","local_time":"20201225185307","is_ascension_mode":false,"campfire_choices":[{"floor":7,"key":"REST"}],"circlet_count":0,"master_deck":["Strike_G","Strike_G","Strike_G","Strike_G","Strike_G","Defend_G","Defend_G","Defend_G","Defend_G","Defend_G","Survivor","PiercingWail","Poisoned Stab","Crippling Poison","Deadly Poison"],"relics":["Ring of the Snake","Happy Flower","Art of War","Replay:Wax Seal","Snack Pack","Toy Ornithopter"],"acts_visited":["Exordium"],"potions_floor_usage":[10],"damage_taken":[{"damage":4,"enemies":"Gensokyo:2_Kodama","floor":1,"turns":7},{"damage":0,"enemies":"Gensokyo:Python","floor":4,"turns":4},{"damage":0,"enemies":"Gensokyo:3_Fairies","floor":5,"turns":5},{"damage":46,"enemies":"Gensokyo:Mamizou","floor":6,"turns":11},{"damage":83,"enemies":"Gensokyo:Cirno","floor":10,"turns":13}],"seed_played":"4313930918312473511","potions_obtained":[{"floor":4,"key":"FairyPotion"},{"floor":6,"key":"SkillPotion"}],"is_trial":false,"path_per_floor":["M","?","COS","M","M","E","R","?","T","E"],"character_chosen":"THE_SILENT","items_purchased":[],"campfire_rested":1,"item_purchase_floors":[],"current_hp_per_floor":[66,66,66,66,66,20,41,62,62,13,13],"gold":152,"neow_bonus":"RANDOM_EVENT","is_daily":false,"chose_seed":false,"campfire_upgraded":0,"win_rate":0.0,"timestamp":1608922387,"path_taken":["M","?","COS","M","M","E","R","?","T","E"],"items_purchased_type":[],"build_version":"2020-12-22","purchased_purges":0,"victory":false,"max_hp_per_floor":[70,70,70,70,70,70,70,70,70,70,70],"card_choices":[{"not_picked":["Underhanded Strike","Dagger Spray"],"picked":"PiercingWail","floor":1},{"not_picked":["PiercingWail","Sucker Punch"],"picked":"Poisoned Stab","floor":4},{"not_picked":["After Image","Sucker Punch","Dagger Throw"],"picked":"SKIP","floor":5},{"not_picked":["Infinite Blades","Dagger Throw"],"picked":"Crippling Poison","floor":6},{"not_picked":["Bane","ReplayTheSpireMod:From All Sides"],"picked":"Deadly Poison","floor":10}],"player_experience":383730,"relics_obtained":[{"floor":6,"key":"Replay:Wax Seal"},{"floor":9,"key":"Snack Pack"},{"floor":10,"key":"Toy Ornithopter"}],"event_choices":[],"is_beta":false,"boss_relics":[],"items_purged_floors":[],"is_endless":false,"potions_floor_spawned":[4,6],"killed_by":"Gensokyo:Cirno","ascension_level":0}}