{"host":"1ekcoogqdgv35x0i","time":1608859696,"event":{"mods":["AchievementEnabler","Act Like it!","AlwaysNeverKeys","Aspiration","BaseMod","Better Note","Better Sensory Stone","Block Reminder","Colored Powertips","Conspire","Disable Question Mark Monsters","Downfall","Halation","Hermit","Hubris","Infinite Spire","Magitek Elite","Mimic Mod","Minty Spire (QoL Compilation)","Quick Restart","Rare Cards Sparkle","Replay The Spire","Shop Mod","StSLib","The Animator","The Cursed","The Death Knight","The Druid","The Elementalist","The Hierophant","The Judge","The Jungle","The Mystic","Wandering Minibosses"],"gold_per_floor":[99,116,116,135,153,153,178,204,204,204,10,10,10,10,10],"floor_reached":13,"playtime":589,"items_purged":["champ:Strike"],"score":85,"play_id":"61b1c731-14e1-4a04-ad2f-e828ce36b173","local_time":"20201224192816","is_ascension_mode":true,"campfire_choices":[{"data":"Guardian:Aged","floor":1.0,"key":"PURGE"},{"data":"champ:SteelEdge","floor":10,"key":"SMITH"},{"floor":12,"key":"REST"}],"circlet_count":0,"master_deck":["champ:Strike","champ:Strike","champ:Strike","champ:Defend","champ:Defend","champ:Defend","champ:Defend","champ:Execute","champ:Taunt","champ:SteelEdge+1","champ:FanOfKnives","champ:ShieldWall","champ:FlashCut","champ:FanOfKnives","Purity","champ:SteelEdge","champ:BerserkerStyle","champ:GladiatorsShout","champ:BladeFlurry"],"relics":["champ:ChampionCrown","Juzu Bracelet","Sundial"],"acts_visited":["Exordium"],"potions_floor_usage":[5,11],"damage_taken":[{"damage":5.0,"enemies":"Cultist","floor":2.0,"turns":5.0},{"damage":26,"enemies":"Jaw Worm","floor":4,"turns":6},{"damage":13,"enemies":"Small Slimes","floor":5,"turns":4},{"damage":52,"enemies":"3 Sentries","floor":8,"turns":7},{"damage":0,"enemies":"downfall:FleeingMerchant","floor":11,"turns":4},{"damage":67,"enemies":"Lagavulin","floor":13,"turns":6}],"seed_played":"6486215454793240843","potions_obtained":[{"floor":4,"key":"AttackPotion"},{"floor":8,"key":"hexamod:EctoCoolerPotion"}],"is_trial":false,"path_per_floor":["R","M","?","M","M","?","T","E","?","R","$","R","E"],"character_chosen":"THE_CHAMP","items_purchased":["champ:GladiatorsShout","champ:BladeFlurry"],"campfire_rested":1,"item_purchase_floors":[11,11],"current_hp_per_floor":[90,90,90,72,62,62,62,18,18,18,18,45,0,0,0],"gold":10,"neow_bonus":"THREE_RARE_CARDS","is_daily":false,"chose_seed":false,"campfire_upgraded":1,"win_rate":0.0,"timestamp":1608859696,"path_taken":["R","M","?","M","M","?","T","E","?","R","$","R","E"],"items_purchased_type":["Card","Card"],"build_version":"2020-12-22","purchased_purges":1,"victory":false,"max_hp_per_floor":[90,90,90,90,90,90,90,90,90,90,90,90,90,90,90],"card_choices":[{"not_picked":["champ:CheapShot","champ:ShieldSlam"],"picked":"champ:SteelEdge","floor":0.0},{"not_picked":["champ:FalseCounter","champ:Circumvent"],"picked":"champ:FanOfKnives","floor":2.0},{"not_picked":["champ:Haymaker","champ:DefensiveShout"],"picked":"champ:ShieldWall","floor":4},{"not_picked":["champ:FightOn","champ:Backstep"],"picked":"champ:FlashCut","floor":5},{"not_picked":["champ:BerserkersShout","champ:HeartStrike"],"picked":"champ:FanOfKnives","floor":8},{"not_picked":["champ:IgnorePain","champ:Backstep"],"picked":"champ:BerserkerStyle","floor":11}],"player_experience":120432,"relics_obtained":[{"floor":7,"key":"Juzu Bracelet"},{"floor":8,"key":"Sundial"}],"event_choices":[],"is_beta":false,"boss_relics":[],"items_purged_floors":[11],"is_endless":false,"potions_floor_spawned":[4,8],"killed_by":"Lagavulin","ascension_level":1}}