{"host":"ih7ofq2zpufcoifs","time":1608857666,"event":{"mods":["BaseMod","Colored Map","Minty Spire (QoL Compilation)"],"gold_per_floor":[116,134,148,167,242,272,272,285,285,285,319,332,332,358,358,437,437,453,469,17,17,32,32,45,45,45,59,89,105,105,155,155,230,230,241,6,6,25,25,25,51,51,51,63,95,120,148,163,163,163,163,163],"floor_reached":51,"playtime":5935,"items_purged":["Strike_G"],"score":1704,"play_id":"2bc805b5-6214-40cf-9a59-6e70e6df5b23","local_time":"20201225105426","is_ascension_mode":true,"campfire_choices":[{"floor":7.0,"key":"REST"},{"data":"1","floor":10.0,"key":"LIFT"},{"data":"2","floor":13.0,"key":"LIFT"},{"data":"Wraith Form v2","floor":15.0,"key":"SMITH"},{"data":"Wraith Form v2","floor":23.0,"key":"SMITH"},{"data":"3","floor":25.0,"key":"LIFT"},{"data":"Adrenaline","floor":30.0,"key":"SMITH"},{"data":"Bouncing Flask","floor":32.0,"key":"SMITH"},{"floor":40.0,"key":"RECALL"},{"floor":42.0,"key":"REST"},{"data":"Strike_G","floor":49.0,"key":"PURGE"}],"circlet_count":0,"master_deck":["AscendersBane","Strike_G","Strike_G","Defend_G","Defend_G","Defend_G","Defend_G","Defend_G","Survivor","Neutralize","The Bomb","Acrobatics","Blade Dance","Storm of Steel","Underhanded Strike","Blade Dance","Corpse Explosion","Predator","Wraith Form v2+1","Adrenaline+1","Footwork","Blade Dance","Crippling Poison","Bouncing Flask+1","PiercingWail","Wraith Form v2+1","Reflex","Footwork+1","Infinite Blades+1","After Image+1","Blade Dance+1","Noxious Fumes+1","Caltrops+1","Backflip","After Image+1","Blur"],"relics":["Ring of the Snake","Girya","Kunai","Darkstone Periapt","Runic Dome","Mummified Hand","Meat on the Bone","Frozen Egg 2","Fusion Hammer","Frozen Eye","Ancient Tea Set","StrikeDummy","Peace Pipe","Gremlin Horn"],"acts_visited":["Exordium","TheCity","TheBeyond"],"potions_floor_usage":[51],"damage_taken":[{"damage":0.0,"enemies":"Jaw Worm","floor":1.0,"turns":5.0},{"damage":0.0,"enemies":"Cultist","floor":2.0,"turns":4.0},{"damage":7.0,"enemies":"Small Slimes","floor":3.0,"turns":3.0},{"damage":0.0,"enemies":"Exordium Wildlife","floor":4.0,"turns":3.0},{"damage":17.0,"enemies":"Lagavulin","floor":6.0,"turns":7.0},{"damage":0.0,"enemies":"Exordium Thugs","floor":8.0,"turns":3.0},{"damage":1.0,"enemies":"3 Sentries","floor":11.0,"turns":6.0},{"damage":11.0,"enemies":"Looter","floor":12.0,"turns":2.0},{"damage":12.0,"enemies":"Lagavulin","floor":14.0,"turns":4.0},{"damage":11.0,"enemies":"The Guardian","floor":16.0,"turns":14.0},{"damage":0.0,"enemies":"3 Byrds","floor":18.0,"turns":2.0},{"damage":2.0,"enemies":"Chosen","floor":19.0,"turns":3.0},{"damage":7.0,"enemies":"Centurion and Healer","floor":22.0,"turns":5.0},{"damage":0.0,"enemies":"Snake Plant","floor":24.0,"turns":4.0},{"damage":9.0,"enemies":"Shelled Parasite and Fungi","floor":27.0,"turns":7.0},{"damage":12.0,"enemies":"Book of Stabbing","floor":28.0,"turns":5.0},{"damage":0.0,"enemies":"Snecko","floor":29.0,"turns":4.0},{"damage":27.0,"enemies":"Champ","floor":33.0,"turns":12.0},{"damage":0.0,"enemies":"3 Darklings","floor":35.0,"turns":3.0},{"damage":0.0,"enemies":"3 Shapes","floor":38.0,"turns":4.0},{"damage":3.0,"enemies":"Giant Head","floor":41.0,"turns":8.0},{"damage":0.0,"enemies":"Transient","floor":44.0,"turns":6.0},{"damage":0.0,"enemies":"Nemesis","floor":45.0,"turns":5.0},{"damage":0.0,"enemies":"Mind Bloom Boss Battle","floor":46.0,"turns":4.0},{"damage":0.0,"enemies":"Giant Head","floor":47.0,"turns":7.0},{"damage":0.0,"enemies":"4 Shapes","floor":48.0,"turns":2.0},{"damage":17.0,"enemies":"Donu and Deca","floor":50.0,"turns":7.0},{"damage":82,"enemies":"Awakened One","floor":51,"turns":16}],"seed_played":"4812584462149338392","potions_obtained":[{"floor":1.0,"key":"DistilledChaos"},{"floor":6.0,"key":"DuplicationPotion"},{"floor":11.0,"key":"FairyPotion"},{"floor":12.0,"key":"DistilledChaos"},{"floor":19.0,"key":"FearPotion"},{"floor":33.0,"key":"Strength Potion"},{"floor":45.0,"key":"GhostInAJar"}],"is_trial":false,"path_per_floor":["M","M","M","M","?","E","R","M","T","R","E","M","R","E","R","B",null,"M","M","$","?","M","R","M","R","T","M","E","M","R","?","R","B",null,"M","$","?","M","?","R","E","R","T","M","E","?","E","M","R","B","B"],"character_chosen":"THE_SILENT","items_purchased":["Mummified Hand","Crippling Poison","Frozen Eye","Noxious Fumes+1"],"campfire_rested":2,"item_purchase_floors":[20,20,36,36],"current_hp_per_floor":[59,59,52,52,41,24,42,42,42,42,41,30,30,18,18,7,47,47,45,45,45,38,38,38,38,38,41,41,41,41,41,41,26,52,52,52,52,52,52,52,49,60,60,60,60,60,60,60,60,43,0,0],"gold":163,"neow_bonus":"RANDOM_COLORLESS_2","is_daily":false,"chose_seed":false,"campfire_upgraded":4,"win_rate":0.0,"timestamp":1608857666,"path_taken":["M","M","M","M","?","E","R","M","T","R","E","M","R","E","R","BOSS","M","M","$","?","M","R","M","R","T","M","E","?","R","?","R","BOSS","M","$","?","M","?","R","E","R","T","?","E","?","E","M","R","BOSS","BOSS"],"items_purchased_type":["Relic","Card","Relic","Card"],"build_version":"2020-12-22","purchased_purges":1,"victory":false,"max_hp_per_floor":[60,60,60,60,60,60,60,60,60,60,60,60,60,60,60,60,60,60,60,60,60,60,60,60,60,60,60,60,60,60,60,60,60,60,60,60,60,60,60,60,60,60,60,60,60,60,60,60,60,60,60,60],"card_choices":[{"not_picked":["Secret Weapon","Panache"],"picked":"The Bomb","floor":0.0},{"not_picked":["Prepared","Backflip","Acrobatics"],"picked":"SKIP","floor":1.0},{"not_picked":["Prepared","Backflip"],"picked":"Acrobatics","floor":1.0},{"not_picked":["Choke","Dagger Spray"],"picked":"Blade Dance","floor":2.0},{"not_picked":["Masterful Stab","Footwork"],"picked":"Storm of Steel","floor":3.0},{"not_picked":["Acrobatics","Dodge and Roll","Underhanded Strike"],"picked":"SKIP","floor":4.0},{"not_picked":["Acrobatics","Dodge and Roll"],"picked":"Underhanded Strike","floor":4.0},{"not_picked":["Cloak And Dagger","Deadly Poison","Escape Plan"],"picked":"SKIP","floor":6.0},{"not_picked":["Cloak And Dagger","Skewer"],"picked":"Blade Dance","floor":8.0},{"not_picked":["Quick Slash","Blur"],"picked":"Corpse Explosion","floor":11.0},{"not_picked":["Finisher","Dagger Throw"],"picked":"Predator","floor":12.0},{"not_picked":["Footwork","Slice"],"picked":"Wraith Form v2","floor":14.0},{"not_picked":["Grand Finale","Bullet Time"],"picked":"Adrenaline","floor":16.0},{"not_picked":["Underhanded Strike","Escape Plan"],"picked":"Footwork","floor":18.0},{"not_picked":["Riddle With Holes","Dagger Spray+1"],"picked":"Blade Dance","floor":19.0},{"not_picked":["Dodge and Roll","Dagger Throw"],"picked":"Reflex","floor":22.0},{"not_picked":["Flying Knee","Predator","Underhanded Strike"],"picked":"SKIP","floor":24.0},{"not_picked":["Cloak And Dagger","Dagger Spray","Quick Slash"],"picked":"SKIP","floor":27.0},{"not_picked":["Sucker Punch","A Thousand Cuts+1"],"picked":"Footwork+1","floor":28.0},{"not_picked":["Flechettes","Dagger Throw"],"picked":"Infinite Blades+1","floor":29.0},{"not_picked":["Die Die Die","Bullet Time"],"picked":"After Image+1","floor":33.0},{"not_picked":["Dagger Spray","Backflip"],"picked":"Blade Dance+1","floor":35.0},{"not_picked":["Distraction","Dagger Spray","Masterful Stab+1"],"picked":"SKIP","floor":38.0},{"not_picked":["Flying Knee+1","Burst"],"picked":"Caltrops+1","floor":41.0},{"not_picked":["PiercingWail","Heel Hook"],"picked":"Backflip","floor":44.0},{"not_picked":["Infinite Blades+1","Underhanded Strike"],"picked":"After Image+1","floor":45.0},{"not_picked":["Infinite Blades+1","Dagger Spray"],"picked":"Blur","floor":47.0},{"not_picked":["Dagger Throw","Bouncing Flask","Flying Knee"],"picked":"SKIP","floor":48.0}],"player_experience":469652,"relics_obtained":[{"floor":6.0,"key":"Girya"},{"floor":9.0,"key":"Kunai"},{"floor":14.0,"key":"Darkstone Periapt"},{"floor":26.0,"key":"Meat on the Bone"},{"floor":28.0,"key":"Frozen Egg 2"},{"floor":41.0,"key":"Ancient Tea Set"},{"floor":45.0,"key":"StrikeDummy"},{"floor":46.0,"key":"Peace Pipe"},{"floor":47.0,"key":"Gremlin Horn"}],"event_choices":[{"damage_healed":0.0,"max_hp_gain":0.0,"max_hp_loss":0.0,"gold_gain":75.0,"event_name":"World of Goop","player_choice":"Gather Gold","floor":5.0,"gold_loss":0.0,"damage_taken":11.0},{"damage_healed":0.0,"max_hp_gain":0.0,"max_hp_loss":0.0,"gold_gain":0.0,"event_name":"Match and Keep!","player_choice":"3 cards matched","floor":21.0,"gold_loss":0.0,"damage_taken":0.0,"cards_obtained":["Bouncing Flask","PiercingWail","Wraith Form v2"]},{"damage_healed":0.0,"max_hp_gain":0.0,"max_hp_loss":0.0,"gold_gain":50.0,"event_name":"Nest","player_choice":"Stole From Cult","floor":31.0,"gold_loss":0.0,"damage_taken":0.0},{"cards_removed":["Strike_G"],"damage_healed":0.0,"max_hp_gain":0.0,"max_hp_loss":0.0,"gold_gain":0.0,"event_name":"Falling","player_choice":"Removed Attack","floor":37.0,"gold_loss":0.0,"damage_taken":0.0},{"damage_healed":0.0,"max_hp_gain":0.0,"max_hp_loss":0.0,"gold_gain":0.0,"event_name":"SecretPortal","player_choice":"Ignored","floor":39.0,"gold_loss":0.0,"damage_taken":0.0},{"damage_healed":0.0,"max_hp_gain":0.0,"max_hp_loss":0.0,"gold_gain":0.0,"event_name":"MindBloom","player_choice":"Fight","floor":46.0,"gold_loss":0.0,"damage_taken":0.0}],"is_beta":false,"boss_relics":[{"not_picked":["Calling Bell","SlaversCollar"],"picked":"Runic Dome"},{"not_picked":["Sozu","WristBlade"],"picked":"Fusion Hammer"}],"items_purged_floors":[20],"is_endless":false,"potions_floor_spawned":[1,6,11,12,19,22,33,41,45,47],"killed_by":"Awakened One","ascension_level":20}}