{"host":"gk9qdtkqd8dwfeg2","time":1608884297,"event":{"mods":["Aspiration","BaseMod","Colored Powertips","Minty Spire (QoL Compilation)","Quick Restart","Replay The Spire","Shop Mod","StSLib","TestMod","The Servant 0.9.4","Waifu the Spire"],"gold_per_floor":[113,124,134,152,152,182,182,212,212,250,8,39,39,70,70,142,142,112,112,128,138,188,188,219,219,219,254,271,287,16,16,16,89,89,103,202,212,612,612,612,627,658,658,658,658,675,675,150,150,150,150],"floor_reached":52,"playtime":1633,"items_purged":["Strike_G","Defend_G","Defend_G"],"score":1617,"play_id":"5b9622d9-69e3-44ad-b76e-0fba1d01e08c","local_time":"20201225161817","is_ascension_mode":true,"campfire_choices":[{"data":"Neutralize","floor":7.0,"key":"SMITH"},{"data":"ReplayTheSpireMod:Speed Training","floor":15,"key":"SMITH"},{"data":"Wraith Form v2","floor":23,"key":"SMITH"},{"data":"Blade Dance","floor":25,"key":"SMITH"},{"data":"Catalyst","floor":32,"key":"SMITH"},{"data":"Night Terror","floor":40,"key":"SMITH"},{"floor":44,"key":"REST"},{"floor":47,"key":"RECALL"},{"floor":49,"key":"REST"}],"circlet_count":0,"master_deck":["AscendersBane","Strike_G","Defend_G","Defend_G","Defend_G","Survivor","Neutralize+1","Prepared","Backstab","ReplayTheSpireMod:Speed Training+1","Endless Agony","Wraith Form v2+1","Blade Dance+1","Endless Agony","Catalyst+1","Night Terror+1","Tactician","Cloak And Dagger","Catalyst"],"relics":["Ring of the Snake","testmod-RealStoneCalender","NeowsBlessing","Replay:Ringing Soul","Singing Bowl","Potion Belt","testmod-IncinerationGenerator","aspiration:FetidBarrel","testmod-ArcanaOfDestiny","Bronze Scales","MerchantsRug","Omamori","SacredBark","Tingsha","Quantum Egg","Durian"],"acts_visited":["Exordium","TheCity","TheBeyond"],"potions_floor_usage":[12,16,20,27,33,50,50],"damage_taken":[{"damage":0.0,"enemies":"2 Louse","floor":1.0,"turns":1.0},{"damage":0.0,"enemies":"Jaw Worm","floor":2.0,"turns":1.0},{"damage":0.0,"enemies":"Small Slimes","floor":3.0,"turns":1.0},{"damage":7.0,"enemies":"Blue Slaver","floor":4.0,"turns":4.0},{"damage":1.0,"enemies":"Lagavulin","floor":6.0,"turns":6.0},{"damage":24.0,"enemies":"Gremlin Nob","floor":8.0,"turns":4.0},{"damage":3,"enemies":"3 Sentries","floor":12,"turns":5},{"damage":5,"enemies":"Lagavulin","floor":14,"turns":6},{"damage":15,"enemies":"Fading Forest","floor":16,"turns":13},{"damage":14,"enemies":"2 Thieves","floor":18,"turns":4},{"damage":15,"enemies":"Spheric Guardian","floor":20,"turns":6},{"damage":12,"enemies":"Centurion and Healer","floor":21,"turns":7},{"damage":13,"enemies":"Book of Stabbing","floor":24,"turns":7},{"damage":2,"enemies":"Slavers","floor":27,"turns":3},{"damage":6,"enemies":"Snecko","floor":28,"turns":4},{"damage":0,"enemies":"Shelled Parasite and Fungi","floor":29,"turns":4},{"damage":23,"enemies":"Champ","floor":33,"turns":9},{"damage":17,"enemies":"3 Darklings","floor":35,"turns":3},{"damage":9,"enemies":"3 Shapes","floor":37,"turns":3},{"damage":36,"enemies":"Writhing Mass","floor":41,"turns":4},{"damage":1,"enemies":"Giant Head","floor":42,"turns":6},{"damage":50,"enemies":"Maw","floor":46,"turns":6},{"damage":28,"enemies":"Awakened One","floor":50,"turns":12},{"damage":13,"enemies":"Replay:Hell Engine","floor":51,"turns":3}],"seed_played":"-6507623513797647383","potions_obtained":[{"floor":6.0,"key":"PowerPotion"},{"floor":8.0,"key":"Adrenaline Potion"},{"floor":14,"key":"GamblersBrew"},{"floor":16,"key":"ColorlessPotion"},{"floor":18,"key":"Adrenaline Potion"},{"floor":24,"key":"BlessingOfTheForge"},{"floor":29,"key":"SkillPotion"},{"floor":33,"key":"Elixir"},{"floor":35,"key":"Doom Potion"},{"floor":41,"key":"AttackPotion"}],"is_trial":false,"path_per_floor":["M","M","M","M","?","E","R","E","T","?","$","E","$","E","R","B",null,"M","?","M","M","?","R","E","R","T","E","M","M","$","T","R","B",null,"M","$","M","?","?","R","M","E","T","R","?","M","R","$","R","B","B",null],"character_chosen":"THE_SILENT","items_purchased":["Lee\u0027s Waffle","MerchantsRug","Catalyst","Durian"],"campfire_rested":2,"item_purchase_floors":[11,30,48,48],"current_hp_per_floor":[59,59,59,52,52,51,51,30,30,10,78,87,87,86,86,88,93,83,83,72,64,64,64,56,56,56,59,58,62,62,62,62,44,97,84,84,77,77,77,77,44,46,46,83,83,35,35,43,83,55,42],"gold":150,"neow_bonus":"THREE_ENEMY_KILL","is_daily":false,"chose_seed":false,"campfire_upgraded":6,"win_rate":0.0,"timestamp":1608884297,"path_taken":["M","M","M","M","?","E","R","E","T","?","$","E","$","E","R","BOSS","M","?","M","M","?","R","E","R","T","E","M","M","$","?","R","BOSS","M","$","?","?","?","R","M","E","T","R","?","M","R","?","R","BOSS","BOSS"],"items_purchased_type":["Relic","Relic","Card","Relic"],"build_version":"2020-12-22","purchased_purges":3,"victory":true,"max_hp_per_floor":[66,66,66,66,66,66,66,69,69,71,78,90,90,92,92,95,95,97,97,99,101,101,101,104,104,104,107,110,112,112,112,112,115,115,117,117,119,119,119,119,122,125,125,125,125,127,127,135,135,135,135],"card_choices":[{"not_picked":["Flying Knee","Sucker Punch"],"picked":"Prepared","floor":1.0},{"not_picked":["Bane","Dagger Throw"],"picked":"Backstab","floor":2.0},{"not_picked":["Poisoned Stab","Dodge and Roll"],"picked":"ReplayTheSpireMod:Speed Training","floor":3.0},{"not_picked":["Hidden Blade","Backflip","Flechettes"],"picked":"SKIP","floor":4.0},{"not_picked":["Prepared","Outmaneuver","Riddle With Holes"],"picked":"SKIP","floor":6.0},{"not_picked":["Hidden Blade","Outmaneuver"],"picked":"Endless Agony","floor":8.0},{"not_picked":["Slice","Unload","Poisoned Stab"],"picked":"Singing Bowl","floor":10.0},{"not_picked":["Replay:Poison Smokescreen","Slice","Bane"],"picked":"Singing Bowl","floor":12},{"not_picked":["ReplayTheSpireMod:Speed Training","Backstab","Noxious Fumes"],"picked":"Singing Bowl","floor":14},{"not_picked":["Doppelganger","Glass Knife"],"picked":"Wraith Form v2","floor":16},{"not_picked":["Expertise","Backflip","Sucker Punch"],"picked":"Singing Bowl","floor":18},{"not_picked":["Underhanded Strike","Quick Slash","Sucker Punch"],"picked":"Singing Bowl","floor":20},{"not_picked":["ReplayTheSpireMod:Speed Training","Setup","Slice"],"picked":"Singing Bowl","floor":21},{"not_picked":["Skewer","Infinite Blades"],"picked":"Blade Dance","floor":24},{"not_picked":["Wraith Form v2","Slice"],"picked":"Endless Agony","floor":27},{"not_picked":["Blur","Prepared"],"picked":"Catalyst","floor":28},{"not_picked":["Masterful Stab","Flying Knee","Backflip"],"picked":"Singing Bowl","floor":29},{"not_picked":["Grand Finale","Tools of the Trade"],"picked":"Night Terror","floor":33},{"not_picked":["Poisoned Stab","Noxious Fumes+1","Dagger Spray"],"picked":"Singing Bowl","floor":35},{"not_picked":["Outmaneuver","Quick Slash","Deadly Poison"],"picked":"Singing Bowl","floor":37},{"not_picked":["Cloak And Dagger+1","Predator+1"],"picked":"Tactician","floor":41},{"not_picked":["Deadly Poison","Concentrate"],"picked":"Cloak And Dagger","floor":42},{"not_picked":["Quick Slash","Bane","Dodge and Roll"],"picked":"Singing Bowl","floor":46}],"player_experience":557954,"relics_obtained":[{"floor":6.0,"key":"Replay:Ringing Soul"},{"floor":8.0,"key":"Blood Vial"},{"floor":9.0,"key":"Replay:Baseball"},{"floor":10.0,"key":"Singing Bowl"},{"floor":12,"key":"Pear"},{"floor":14,"key":"Potion Belt"},{"floor":24,"key":"aspiration:FetidBarrel"},{"floor":26,"key":"testmod-ArcanaOfDestiny"},{"floor":27,"key":"Bronze Scales"},{"floor":31,"key":"Omamori"},{"floor":42,"key":"Tingsha"},{"floor":43,"key":"Quantum Egg"}],"event_choices":[{"cards_removed":["Strike_G"],"damage_healed":0,"gold_gain":0,"player_choice":"Elegance","damage_taken":0,"max_hp_gain":0,"max_hp_loss":0,"event_name":"Back to Basics","floor":19,"gold_loss":0},{"damage_healed":0,"gold_gain":50,"player_choice":"Stole From Cult","damage_taken":0,"max_hp_gain":0,"max_hp_loss":0,"event_name":"Nest","floor":22,"gold_loss":0},{"damage_healed":0,"gold_gain":400,"player_choice":"Sell","damage_taken":0,"max_hp_gain":0,"max_hp_loss":0,"event_name":"¶÷ÂåË¹µÄÅÌ×Ó","floor":38,"relics_lost":["testmod-TestBox"],"gold_loss":0},{"cards_removed":["Strike_G"],"damage_healed":0,"gold_gain":0,"player_choice":"Removed Attack","damage_taken":0,"max_hp_gain":0,"max_hp_loss":0,"event_name":"Falling","floor":39,"gold_loss":0},{"damage_healed":0,"gold_gain":0,"player_choice":"Ignored","damage_taken":0,"max_hp_gain":0,"max_hp_loss":0,"event_name":"Tomb of Lord Red Mask","floor":45,"gold_loss":0}],"is_beta":false,"boss_relics":[{"not_picked":["Black Star","Replay:Bronze Core"],"picked":"testmod-IncinerationGenerator"},{"not_picked":["Velvet Choker","testmod-DeterminationOfClimber"],"picked":"SacredBark"}],"items_purged_floors":[11,30,48],"is_endless":false,"potions_floor_spawned":[6,8,14,16,18,24,29,33,35,41,42],"ascension_level":20}}