{"host":"p9ipwvgp8zk1gu4u","time":1608877235,"event":{"mods":["Act Like it!","BaseMod","BetterRewards","Block Reminder","Colored Map","Colored Powertips","DeckTracker","Downfall","Gensokyo","Gold Saver","Hermit","Marisa????????","Minty Spire (QoL Compilation)","Nova Terra(??·??)","Relic Filter","Replay The Spire","StSLib","The Alterego","The Bladedancer","The Hierophant","The Servant 0.9.4","TheSwordswoman","Yuri Mod","???????????mod"],"gold_per_floor":[985,1004,1004,1079,1092,1092,1092,1092],"floor_reached":7,"playtime":569,"items_purged":[],"score":41,"play_id":"61809d87-d646-470f-b082-0cfdb02623d1","local_time":"20201225012035","is_ascension_mode":false,"campfire_choices":[],"circlet_count":0,"master_deck":["blademaster:Strike","blademaster:Strike","blademaster:Strike","blademaster:Strike","blademaster:Defend","blademaster:Defend+1","blademaster:Defend","blademaster:Defend","blademaster:RagingBlow+1","blademaster:HighVoltage","blademaster:DeadlyDance","blademaster:Cut","blademaster:SlyStabs+1"],"relics":["blademaster:DancersAmulet"],"acts_visited":["Exordium"],"potions_floor_usage":[],"damage_taken":[{"damage":2,"enemies":"2 Louse","floor":1,"turns":4},{"damage":2,"enemies":"Small Slimes","floor":2,"turns":3},{"damage":1,"enemies":"Cultist","floor":5,"turns":5},{"damage":52,"enemies":"Lagavulin","floor":7,"turns":9}],"seed_played":"-1340913294839621587","potions_obtained":[{"floor":1,"key":"Energy Potion"},{"floor":2,"key":"GamblersBrew"}],"is_trial":false,"path_per_floor":["M","M","?","?","M","?","E"],"character_chosen":"THE_BLADEMASTER","items_purchased":[],"campfire_rested":0,"item_purchase_floors":[],"current_hp_per_floor":[80,78,62,51,50,50,0,0],"gold":1092,"neow_bonus":"TEN_PERCENT_HP_BONUS","is_daily":false,"chose_seed":false,"campfire_upgraded":0,"win_rate":0.0,"timestamp":1608877235,"path_taken":["M","M","?","?","M","?","E"],"items_purchased_type":[],"build_version":"2020-12-22","purchased_purges":0,"victory":false,"max_hp_per_floor":[82,82,82,82,82,82,82,82],"card_choices":[{"not_picked":["blademaster:Sharpen","blademaster:AwakeningStrike"],"picked":"blademaster:DeadlyDance","floor":1},{"not_picked":["blademaster:Rupture","blademaster:BladeMastery"],"picked":"blademaster:Cut","floor":2},{"not_picked":["blademaster:Rupture","blademaster:Quickness"],"picked":"blademaster:SlyStabs","floor":5}],"player_experience":216246,"relics_obtained":[],"event_choices":[{"damage_healed":0,"gold_gain":0,"player_choice":"Entered Light","damage_taken":16,"max_hp_gain":0,"max_hp_loss":0,"event_name":"Shining Light","floor":3,"gold_loss":0,"cards_upgraded":["blademaster:Defend","blademaster:RagingBlow"]},{"damage_healed":0,"gold_gain":75,"player_choice":"Gather Gold","damage_taken":11,"max_hp_gain":0,"max_hp_loss":0,"event_name":"World of Goop","floor":4,"gold_loss":0},{"damage_healed":0,"gold_gain":0,"player_choice":"Forge","damage_taken":0,"max_hp_gain":0,"max_hp_loss":0,"event_name":"Accursed Blacksmith","floor":6,"gold_loss":0,"cards_upgraded":["blademaster:SlyStabs"]}],"is_beta":false,"boss_relics":[],"items_purged_floors":[],"is_endless":false,"potions_floor_spawned":[1,2],"killed_by":"Lagavulin","ascension_level":0}}