{"host":"ba8fi0vd2808q8ml","time":1608921913,"event":{"mods":["2.2 Compatiblity","AchievementEnabler","BaseMod","Hermit","Lobotomy","LobotomyExtend","Marisa£¨Ùöéë¡¡Øª×âÞÞ£©","Minty Spire (QoL Compilation)","StSLib","SuperFastMode","Td1madao Mod","The Bug Knight","The Cursed","The Servant 0.9.4"],"gold_per_floor":[117,117,117,117,130,155,165,165,165,178,178,178],"floor_reached":11,"playtime":324,"items_purged":[],"score":77,"play_id":"383c29d7-8095-4b3e-98d2-ef6613c0fb3a","local_time":"20201226034513","is_ascension_mode":true,"campfire_choices":[],"circlet_count":0,"master_deck":["SpecialBullet","SpecialBullet","SpecialBullet","SpecialBullet","SpecialBullet","SpecialBullet","SpecialBullet","SpecialBullet","ExtractionCode","TrainingCode","DisciplinaryCode","Trip","Ecstasy","GoldRush","Purity","WristCuter","Hornet","Ecstasy","Rudolta","SolemnVow"],"relics":["CogitoBucket","LetterFromLob","HollowMod:LifeEnderRelic","Pantograph"],"acts_visited":["Exordium"],"potions_floor_usage":[],"damage_taken":[{"damage":6,"enemies":"Cultist","floor":1,"turns":3},{"damage":0,"enemies":"Small Slimes","floor":5,"turns":2},{"damage":36,"enemies":"3 Sentries","floor":6,"turns":5},{"damage":0,"enemies":"2 Louse","floor":7,"turns":1},{"damage":10,"enemies":"Looter","floor":10,"turns":2},{"damage":36,"enemies":"Lagavulin","floor":11,"turns":3}],"seed_played":"3877962220593218116","potions_obtained":[{"floor":5,"key":"PowerPotion"},{"floor":7,"key":"PowerPotion"}],"is_trial":false,"path_per_floor":["M","?","?","$","M","E","M","R","T","M","E"],"character_chosen":"Angela","items_purchased":[],"campfire_rested":0,"item_purchase_floors":[],"current_hp_per_floor":[64,69,69,69,69,33,33,33,33,23,0,0],"gold":178,"neow_bonus":"RANDOM_COLORLESS","is_daily":false,"chose_seed":false,"campfire_upgraded":0,"win_rate":0.0,"timestamp":1608921913,"path_taken":["M","?","?","$","M","E","M","R","T","M","E"],"items_purchased_type":[],"build_version":"2020-12-22","purchased_purges":0,"victory":false,"max_hp_per_floor":[70,75,75,75,75,75,75,75,75,75,75,75],"card_choices":[{"not_picked":["Blind","Bandage Up"],"picked":"Trip","floor":0},{"not_picked":["FeatherOfHonor"],"picked":"Ecstasy","floor":1},{"not_picked":["RapturousDream","Beak"],"picked":"SKIP","floor":1},{"not_picked":["SomewhereSpear"],"picked":"Hornet","floor":5},{"not_picked":["RapturousDream"],"picked":"Ecstasy","floor":6},{"not_picked":["Tough","Spore"],"picked":"SKIP","floor":6},{"not_picked":["GreenStem","TheSmile"],"picked":"SKIP","floor":7},{"not_picked":["FairyFestival","CrumblingArmor"],"picked":"Rudolta","floor":10},{"not_picked":["FrostShard","FeatherOfHonor"],"picked":"SolemnVow","floor":10},{"not_picked":["Tough","FourthMatchFlame","Penitence"],"picked":"SKIP","floor":10}],"player_experience":48933,"relics_obtained":[{"floor":5,"key":"LetterFromLob"},{"floor":6,"key":"HollowMod:LifeEnderRelic"},{"floor":9,"key":"Pantograph"}],"event_choices":[{"damage_healed":0,"gold_gain":0,"player_choice":"Donut","damage_taken":0,"max_hp_gain":5,"max_hp_loss":0,"event_name":"Big Fish","floor":2,"gold_loss":0},{"damage_healed":0,"gold_gain":0,"player_choice":"3 cards matched","damage_taken":0,"max_hp_gain":0,"max_hp_loss":0,"event_name":"Match and Keep!","floor":3,"gold_loss":0,"cards_obtained":["GoldRush","Purity","WristCuter"]}],"is_beta":false,"boss_relics":[],"items_purged_floors":[],"is_endless":false,"potions_floor_spawned":[5,7],"killed_by":"Lagavulin","ascension_level":1}}