{"host":"uzcks4yhskks9i02","time":1608933179,"event":{"mods":["BaseMod","Minty Spire (QoL Compilation)","Quick Restart"],"gold_per_floor":[15,31,41,53,65,93,104,134,134,164,126,156,231,196,196,295,295,307,327,337,354,115,115,146,146,191,210,234,258,278,317,317,317,317],"floor_reached":33,"playtime":1603,"items_purged":[],"score":495,"play_id":"d7e95c28-1dad-44bb-bc80-8892449db083","local_time":"20201225145259","is_ascension_mode":true,"campfire_choices":[{"floor":15.0,"key":"REST"},{"data":"Corruption","floor":23.0,"key":"SMITH"},{"floor":32.0,"key":"REST"}],"circlet_count":0,"master_deck":["AscendersBane","Strike_R","Strike_R","Strike_R","Strike_R","Strike_R","Defend_R","Defend_R","Defend_R","Defend_R","Bash","Twin Strike","Armaments","Combust","Carnage","Whirlwind","Corruption+1","Iron Wave","Feed","Infernal Blade","Iron Wave+1","Immolate+1","Blood for Blood+1","Pommel Strike+1","Iron Wave+1","Inflame+1","Pommel Strike+1","Decay","Twin Strike+1","Shrug It Off","Clothesline+1","Offering","Twin Strike+1"],"relics":["Burning Blood","Mummified Hand","Smiling Mask","Unceasing Top","Ancient Tea Set","Molten Egg 2","Black Star","Meat on the Bone","Du-Vu Doll","Bottled Flame","CeramicFish","Question Card","Orichalcum"],"acts_visited":["Exordium","TheCity"],"potions_floor_usage":[33,33],"damage_taken":[{"damage":1.0,"enemies":"Cultist","floor":1.0,"turns":4.0},{"damage":9.0,"enemies":"Jaw Worm","floor":2.0,"turns":4.0},{"damage":0.0,"enemies":"2 Louse","floor":3.0,"turns":4.0},{"damage":4.0,"enemies":"Large Slime","floor":4.0,"turns":4.0},{"damage":15.0,"enemies":"Looter","floor":5.0,"turns":4.0},{"damage":34.0,"enemies":"3 Sentries","floor":6.0,"turns":7.0},{"damage":17.0,"enemies":"Exordium Thugs","floor":7.0,"turns":5.0},{"damage":20.0,"enemies":"Lagavulin","floor":8.0,"turns":7.0},{"damage":25.0,"enemies":"3 Sentries","floor":12.0,"turns":6.0},{"damage":39.0,"enemies":"Slime Boss","floor":16.0,"turns":9.0},{"damage":4.0,"enemies":"Spheric Guardian","floor":18.0,"turns":3.0},{"damage":12.0,"enemies":"Chosen","floor":19.0,"turns":4.0},{"damage":31.0,"enemies":"Centurion and Healer","floor":20.0,"turns":5.0},{"damage":21.0,"enemies":"Cultist and Chosen","floor":21.0,"turns":6.0},{"damage":24.0,"enemies":"Book of Stabbing","floor":24.0,"turns":4.0},{"damage":20.0,"enemies":"Shelled Parasite and Fungi","floor":27.0,"turns":3.0},{"damage":16.0,"enemies":"Snake Plant","floor":28.0,"turns":3.0},{"damage":13.0,"enemies":"Snecko","floor":29.0,"turns":5.0},{"damage":14.0,"enemies":"Chosen and Byrds","floor":30.0,"turns":5.0},{"damage":13.0,"enemies":"Gremlin Leader","floor":31.0,"turns":5.0},{"damage":80,"enemies":"Champ","floor":33,"turns":8}],"seed_played":"4506149043475790906","potions_obtained":[{"floor":4.0,"key":"Energy Potion"},{"floor":5.0,"key":"GamblersBrew"},{"floor":6.0,"key":"ElixirPotion"},{"floor":16.0,"key":"BlessingOfTheForge"},{"floor":20.0,"key":"Strength Potion"},{"floor":21.0,"key":"EssenceOfSteel"},{"floor":24.0,"key":"LiquidBronze"}],"is_trial":false,"path_per_floor":["M","M","M","M","M","E","M","E","T","?","$","E","?","?","R","B",null,"M","M","M","M","$","R","E","?","T","M","M","M","M","E","R","B"],"character_chosen":"IRONCLAD","items_purchased":["Infernal Blade","Meat on the Bone"],"campfire_rested":2,"item_purchase_floors":[11,22],"current_hp_per_floor":[93,90,96,96,87,59,48,34,34,34,34,19,8,33,63,30,83,85,79,54,39,39,39,33,33,33,31,33,38,42,47,77,0,0],"gold":317,"neow_bonus":"TWENTY_PERCENT_HP_BONUS","is_daily":false,"chose_seed":false,"campfire_upgraded":1,"win_rate":0.0,"timestamp":1608933179,"path_taken":["M","M","M","?","M","E","M","E","T","?","$","E","?","?","R","BOSS","M","M","M","M","$","R","E","?","T","M","M","M","M","E","R","BOSS"],"items_purchased_type":["Card","Relic"],"build_version":"2020-12-22","purchased_purges":0,"victory":false,"max_hp_per_floor":[96,96,96,96,96,96,96,96,96,96,96,100,100,100,100,100,100,100,100,100,100,100,100,100,100,100,100,100,100,100,100,100,100,100],"card_choices":[{"not_picked":["Clash","Heavy Blade"],"picked":"Twin Strike","floor":1.0},{"not_picked":["Havoc","Anger"],"picked":"Armaments","floor":2.0},{"not_picked":["Wild Strike","Reckless Charge"],"picked":"Combust","floor":3.0},{"not_picked":["Body Slam","Iron Wave"],"picked":"Carnage","floor":4.0},{"not_picked":["Anger","True Grit"],"picked":"Whirlwind","floor":5.0},{"not_picked":["Anger","Heavy Blade"],"picked":"Corruption","floor":6.0},{"not_picked":["Armaments","Headbutt"],"picked":"Iron Wave","floor":7.0},{"not_picked":["Wild Strike","Flex"],"picked":"Feed","floor":8.0},{"not_picked":["True Grit","Heavy Blade+1"],"picked":"Iron Wave+1","floor":12.0},{"not_picked":["Reaper+1","Barricade"],"picked":"Immolate+1","floor":16.0},{"not_picked":["Rage","Power Through"],"picked":"Blood for Blood+1","floor":18.0},{"not_picked":["Body Slam+1","Cleave+1"],"picked":"Pommel Strike+1","floor":19.0},{"not_picked":["Sword Boomerang+1","Body Slam+1"],"picked":"Iron Wave+1","floor":20.0},{"not_picked":["Heavy Blade+1","Burning Pact"],"picked":"Inflame+1","floor":21.0},{"not_picked":["Disarm","Havoc"],"picked":"Pommel Strike+1","floor":24.0},{"not_picked":["Juggernaut","True Grit"],"picked":"Twin Strike+1","floor":27.0},{"not_picked":["True Grit","Combust"],"picked":"Shrug It Off","floor":28.0},{"not_picked":["True Grit","Sword Boomerang+1"],"picked":"Clothesline+1","floor":29.0},{"not_picked":["Anger+1","Perfected Strike+1"],"picked":"Offering","floor":30.0},{"not_picked":["Feel No Pain+1","Sentinel+1"],"picked":"Twin Strike+1","floor":31.0}],"player_experience":469723,"relics_obtained":[{"floor":6.0,"key":"Mummified Hand"},{"floor":8.0,"key":"Smiling Mask"},{"floor":9.0,"key":"Unceasing Top"},{"floor":12.0,"key":"Molten Egg 2"},{"floor":24.0,"key":"Du-Vu Doll"},{"floor":24.0,"key":"Bottled Flame"},{"floor":26.0,"key":"CeramicFish"},{"floor":31.0,"key":"Question Card"},{"floor":31.0,"key":"Orichalcum"}],"event_choices":[{"damage_healed":0.0,"max_hp_gain":0.0,"max_hp_loss":0.0,"gold_gain":30.0,"event_name":"Dead Adventurer","player_choice":"Searched \u00272\u0027 times","floor":10.0,"gold_loss":0.0,"damage_taken":0.0,"relics_obtained":["Ancient Tea Set"]},{"damage_healed":0.0,"max_hp_gain":0.0,"max_hp_loss":0.0,"gold_gain":75.0,"event_name":"World of Goop","player_choice":"Gather Gold","floor":13.0,"gold_loss":0.0,"damage_taken":11.0},{"damage_healed":25.0,"max_hp_gain":0.0,"max_hp_loss":0.0,"gold_gain":0.0,"event_name":"The Cleric","player_choice":"Healed","floor":14.0,"gold_loss":35.0,"damage_taken":0.0},{"damage_healed":0.0,"max_hp_gain":0.0,"max_hp_loss":0.0,"gold_gain":0.0,"event_name":"Forgotten Altar","player_choice":"Smashed Altar","floor":25.0,"gold_loss":0.0,"damage_taken":0.0,"cards_obtained":["Decay"]}],"is_beta":false,"boss_relics":[{"not_picked":["Runic Dome","Runic Cube"],"picked":"Black Star"}],"items_purged_floors":[],"is_endless":false,"potions_floor_spawned":[4,5,6,16,20,21,24],"killed_by":"Champ","ascension_level":10}}