{"host":"59ckh7bj2z84pzgo","time":1608901600,"event":{"mods":["BaseMod","Better Vampires","Marked Mod","Minty Spire (QoL Compilation)","Replay The Spire","Spicy Shops","StSLib","TestMod","¡¾ÒÅÎï¿¨ÅÆ¡¿REMEMod"],"gold_per_floor":[113,133,148,160,173,173,203,203,203,214,214,214,214,241,241,315,315,333,344,269,269,285,317,317,347,347,367,129,147,163,179,179,252,252,268,268,280,292,292,324,324,224,247,247,266,246,273,273,273,273,273,273,273,29,61,61,61],"floor_reached":56,"playtime":3689,"items_purged":["Defend_B","Clumsy"],"score":1518,"play_id":"15ad6448-9f49-471c-a11a-33af69571990","local_time":"20201225210640","is_ascension_mode":true,"campfire_choices":[{"floor":6.0,"key":"REST"},{"floor":8.0,"key":"REST"},{"data":"Echo Form","floor":13.0,"key":"SMITH"},{"floor":15.0,"key":"REST"},{"data":"REME_BattleFury","floor":24.0,"key":"SMITH"},{"data":"Turbo","floor":41.0,"key":"SMITH"},{"data":"Skim","floor":44,"key":"SMITH"},{"floor":49,"key":"RECALL"},{"data":"Creative AI","floor":53,"key":"SMITH"}],"circlet_count":0,"master_deck":["AscendersBane","Strike_B","Strike_B","Strike_B","Dualcast","REME_BattleFury+1","Echo Form+1","Skim+1","Sweeping Beam","Hologram","Auto Shields","Double Energy","Rip and Tear","Streamline","Creative AI+1","Gash","Redo+1","ReplayTheSpireMod:Calculation Training","Cold Snap","REME_ForAll","FIFO Queue","Turbo+1","Undo","Ball Lightning","All For One","ReplayTheSpireMod:Splinters","Recycle+1","Defragment+1","Static Discharge","Core Surge","Glacier+1","Tempest+1"],"relics":["Cracked Core","REME_ComplimentaryCards","testmod-TestBox","testmod-Alchemist","HornCleat","Garlic","Matryoshka","testmod-Fanaticism","testmod-BalancedPeriapt","Turnip","Solar Panel","Bottled Tornado","testmod-Charity","Kintsugi","testmod-BlackFramedGlasses","Toy Ornithopter","Regal Pillow","Replay:Frozen Program","FossilizedHelix"],"acts_visited":["Exordium","TheCity","TheBeyond","TheEnding"],"potions_floor_usage":[50,55,56,56,56,56],"damage_taken":[{"damage":0.0,"enemies":"Cultist","floor":1.0,"turns":2.0},{"damage":9.0,"enemies":"2 Louse","floor":2.0,"turns":3.0},{"damage":2.0,"enemies":"Jaw Worm","floor":3.0,"turns":3.0},{"damage":17.0,"enemies":"Exordium Wildlife","floor":4.0,"turns":3.0},{"damage":8.0,"enemies":"Looter","floor":5.0,"turns":3.0},{"damage":29.0,"enemies":"Gremlin Nob","floor":7.0,"turns":4.0},{"damage":0.0,"enemies":"2 Fungi Beasts","floor":10.0,"turns":2.0},{"damage":0.0,"enemies":"Red Slaver","floor":12.0,"turns":1.0},{"damage":5.0,"enemies":"3 Sentries","floor":14.0,"turns":4.0},{"damage":12.0,"enemies":"Hexaghost","floor":16.0,"turns":10.0},{"damage":0.0,"enemies":"2 Thieves","floor":18.0,"turns":2.0},{"damage":9.0,"enemies":"Chosen","floor":19.0,"turns":4.0},{"damage":26.0,"enemies":"Shelled Parasite and Fungi","floor":22.0,"turns":2.0},{"damage":50.0,"enemies":"Gremlin Leader","floor":23.0,"turns":5.0},{"damage":58.0,"enemies":"Book of Stabbing","floor":25.0,"turns":4.0},{"damage":0.0,"enemies":"Centurion and Healer","floor":27.0,"turns":3.0},{"damage":31.0,"enemies":"Snake Plant","floor":29.0,"turns":3.0},{"damage":0.0,"enemies":"Chosen and Byrds","floor":30.0,"turns":3.0},{"damage":23.0,"enemies":"Snecko","floor":31.0,"turns":5.0},{"damage":111.0,"enemies":"Champ","floor":33.0,"turns":8.0},{"damage":56.0,"enemies":"3 Shapes","floor":35.0,"turns":5.0},{"damage":31.0,"enemies":"Orb Walker","floor":37.0,"turns":3.0},{"damage":20.0,"enemies":"Maw","floor":38.0,"turns":6.0},{"damage":0.0,"enemies":"Reptomancer","floor":40.0,"turns":1.0},{"damage":40,"enemies":"Jaw Worm Horde","floor":45,"turns":3},{"damage":53,"enemies":"Giant Head","floor":47,"turns":5},{"damage":0,"enemies":"Writhing Mass","floor":48,"turns":1},{"damage":80,"enemies":"Replay:Hell Engine","floor":50,"turns":10},{"damage":84,"enemies":"Time Eater","floor":51,"turns":9},{"damage":37,"enemies":"Shield and Spear","floor":55,"turns":4},{"damage":133,"enemies":"The Heart","floor":56,"turns":5}],"seed_played":"391350291107138295","potions_obtained":[{"floor":2.0,"key":"Venom Potion"},{"floor":3.0,"key":"Weak Potion"},{"floor":7.0,"key":"testmod-EscapePotion"},{"floor":10.0,"key":"Cursed Concoction"},{"floor":14.0,"key":"PotionOfCapacity"},{"floor":18.0,"key":"GamblersBrew"},{"floor":25.0,"key":"Adrenaline Potion"},{"floor":31.0,"key":"FocusPotion"},{"floor":35.0,"key":"testmod-SpacePotion"},{"floor":37.0,"key":"testmod-SpacePotion"},{"floor":45,"key":"testmod-EscapePotion"},{"floor":46,"key":"Elixir"},{"floor":47,"key":"PowerPotion"},{"floor":55,"key":"Dexterity Potion"}],"is_trial":false,"path_per_floor":["M","M","M","M","M","R","E","R","T","M","?","M","R","E","R","B",null,"M","M","?","?","M","E","R","E","T","M","$","M","M","M","R","B",null,"M","?","M","M","?","E","R","$","T","R","M","?","E","M","R","B","B",null,"R","$","E","B"],"character_chosen":"DEFECT","items_purchased":["testmod-Charity","FIFO Queue","PotionOfCapacity","Replay:Frozen Program"],"campfire_rested":3,"item_purchase_floors":[28,28,54,54],"current_hp_per_floor":[46,37,35,18,10,31,2,23,23,23,23,23,23,18,39,27,60,60,58,58,71,71,71,71,71,71,71,71,71,71,63,63,71,71,71,71,71,63,63,68,68,68,71,71,71,71,71,71,71,71,71,71,71,71,71,0,0],"gold":61,"neow_bonus":"THREE_RARE_CARDS","is_daily":false,"chose_seed":false,"campfire_upgraded":5,"win_rate":0.0,"timestamp":1608901600,"path_taken":["M","M","M","M","M","R","E","R","T","?","?","M","R","E","R","BOSS","M","M","?","?","M","E","R","E","T","M","$","M","M","M","R","BOSS","M","?","M","M","?","E","R","$","T","R","M","?","E","?","R","BOSS","BOSS","R","$","E","BOSS"],"items_purchased_type":["Relic","Card","Potion","Relic"],"build_version":"2020-12-22","purchased_purges":2,"victory":false,"max_hp_per_floor":[71,71,71,71,71,71,71,71,71,71,71,71,71,71,71,71,71,71,71,71,71,71,71,71,71,71,71,71,71,71,71,71,71,71,71,71,71,71,71,71,71,71,71,71,71,71,71,71,71,71,71,71,71,71,71,71,71],"card_choices":[{"not_picked":["Thunder Strike","Biased Cognition"],"picked":"Echo Form","floor":0.0},{"not_picked":["Streamline","BasicCrystalCard"],"picked":"Skim","floor":1.0},{"not_picked":["Steam","Rebound"],"picked":"Sweeping Beam","floor":2.0},{"not_picked":["REME_Compress","Redo"],"picked":"Hologram","floor":3.0},{"not_picked":["Rebound","Steam"],"picked":"Conserve Battery","floor":4.0},{"not_picked":["Rebound","Hologram"],"picked":"Thunder Strike","floor":5.0},{"not_picked":["Barrage","Go for the Eyes"],"picked":"Auto Shields","floor":7.0},{"not_picked":["ReplayTheSpireMod:Reroute Power","ReplayTheSpireMod:System Scan"],"picked":"Double Energy","floor":10.0},{"not_picked":["Gash","Amplify"],"picked":"Streamline","floor":12.0},{"not_picked":["Streamline","Compile Driver","Gash"],"picked":"SKIP","floor":14.0},{"not_picked":["Biased Cognition","Echo Form"],"picked":"Creative AI","floor":16.0},{"not_picked":["Conserve Battery+1","Sunder"],"picked":"Self Repair","floor":18.0},{"not_picked":["Panic Button","Hologram+1"],"picked":"Gash","floor":19.0},{"not_picked":["Chaos","Hologram"],"picked":"Redo+1","floor":22.0},{"not_picked":["Genetic Algorithm","Static Discharge"],"picked":"ReplayTheSpireMod:Calculation Training","floor":23.0},{"not_picked":["Darkness","Double Energy"],"picked":"Cold Snap","floor":25.0},{"not_picked":["Leap","Panic Button"],"picked":"REME_ForAll","floor":27.0},{"not_picked":["Storm+1","Hologram"],"picked":"Turbo","floor":29.0},{"not_picked":["ReplaySort","Skim"],"picked":"Undo","floor":30.0},{"not_picked":["Blizzard","Streamline"],"picked":"Ball Lightning","floor":31.0},{"not_picked":["Creative AI","Reboot"],"picked":"All For One","floor":33.0},{"not_picked":["Compile Driver","Sweeping Beam+1"],"picked":"Recycle+1","floor":35.0},{"not_picked":["Turbo","Steam Power"],"picked":"Defragment+1","floor":37.0},{"not_picked":["Steam","Streamline","Ball Lightning"],"picked":"SKIP","floor":38.0},{"not_picked":["BootSequence","Hologram","Compile Driver"],"picked":"SKIP","floor":40.0},{"not_picked":["Streamline+1","Static Discharge","Chaos"],"picked":"SKIP","floor":45},{"not_picked":["Streamline+1","Chaos"],"picked":"Static Discharge","floor":45},{"not_picked":["Sweeping Beam","Rebound"],"picked":"Core Surge","floor":47},{"not_picked":["Leap","White Noise"],"picked":"Glacier+1","floor":48},{"not_picked":["Biased Cognition","Rebound+1"],"picked":"Tempest+1","floor":55}],"player_experience":184269,"relics_obtained":[{"floor":7.0,"key":"HornCleat"},{"floor":9.0,"key":"Garlic"},{"floor":14.0,"key":"Matryoshka"},{"floor":23.0,"key":"testmod-BalancedPeriapt"},{"floor":25.0,"key":"Turnip"},{"floor":26.0,"key":"Solar Panel"},{"floor":26.0,"key":"Bottled Tornado"},{"floor":40.0,"key":"testmod-BlackFramedGlasses"},{"floor":43,"key":"Toy Ornithopter"},{"floor":47,"key":"Regal Pillow"},{"floor":55,"key":"FossilizedHelix"}],"event_choices":[{"damage_healed":0.0,"max_hp_gain":0.0,"max_hp_loss":0.0,"gold_gain":0.0,"cards_transformed":["Strike_B"],"event_name":"Living Wall","player_choice":"Change","floor":11.0,"gold_loss":0.0,"damage_taken":0.0,"cards_obtained":["Rip and Tear"]},{"cards_removed":["Defend_B"],"damage_healed":0.0,"max_hp_gain":0.0,"max_hp_loss":0.0,"gold_gain":0.0,"event_name":"Beggar","player_choice":"Gave Gold","floor":20.0,"gold_loss":75.0,"damage_taken":0.0},{"damage_healed":14.0,"max_hp_gain":0.0,"max_hp_loss":0.0,"gold_gain":0.0,"event_name":"The Library","player_choice":"Heal","floor":21.0,"gold_loss":0.0,"damage_taken":0.0},{"cards_removed":["Hello World"],"damage_healed":0.0,"max_hp_gain":0.0,"max_hp_loss":0.0,"gold_gain":0.0,"event_name":"Falling","player_choice":"Removed Power","floor":36.0,"gold_loss":0.0,"damage_taken":0.0},{"damage_healed":0.0,"max_hp_gain":0.0,"max_hp_loss":0.0,"gold_gain":0.0,"event_name":"Tomb of Lord Red Mask","player_choice":"Ignored","floor":39.0,"gold_loss":0.0,"damage_taken":0.0},{"damage_healed":0,"gold_gain":0,"player_choice":"Bought 1 Potion","damage_taken":0,"max_hp_gain":0,"max_hp_loss":0,"event_name":"The Woman in Blue","floor":46,"gold_loss":0}],"is_beta":false,"boss_relics":[{"not_picked":["Sozu","Busted Crown"],"picked":"testmod-Fanaticism"},{"not_picked":["Velvet Choker","Replay:Drink Me"],"picked":"Kintsugi"}],"items_purged_floors":[28,42],"is_endless":false,"potions_floor_spawned":[2,3,7,10,14,18,22,25,30,31,35,37,45,47,55],"killed_by":"The Heart","ascension_level":20}}