{"host":"l66odvkqh04jpxx0","time":1608874532,"event":{"mods":["BaseMod","Colored Powertips","Conspire","Hermit","Luminous","Minty Spire (QoL Compilation)","Quick Restart","Replay The Spire","StSLib","The Animator","The Construct","The Cursed","The Mystic","The Servant 0.9.4"],"gold_per_floor":[115,135,210,310,329,329,329,329],"floor_reached":7,"playtime":2048,"items_purged":[],"score":41,"play_id":"fc609261-73b9-4a0d-8ac4-ab4376dc045f","local_time":"20201225133532","is_ascension_mode":false,"campfire_choices":[{"data":"Prepared","floor":6,"key":"SMITH"}],"circlet_count":0,"master_deck":["Strike_G","Strike_G","Strike_G","Strike_G","Strike_G","Defend_G","Defend_G","Defend_G","Defend_G","Survivor","Neutralize","Prepared+1","Acrobatics","ReplayTheSpireMod:Tripwire"],"relics":["Ring of the Snake"],"acts_visited":["Exordium"],"potions_floor_usage":[7],"damage_taken":[{"damage":0,"enemies":"Small Slimes","floor":1,"turns":3},{"damage":3,"enemies":"Jaw Worm","floor":2,"turns":4},{"damage":4,"enemies":"Cultist","floor":5,"turns":4},{"damage":70,"enemies":"Lagavulin","floor":7,"turns":12}],"seed_played":"1922809439802213226","potions_obtained":[{"floor":1,"key":"Regen Potion"}],"is_trial":false,"path_per_floor":["M","M","?","?","M","R","E"],"character_chosen":"THE_SILENT","items_purchased":[],"campfire_rested":0,"item_purchase_floors":[],"current_hp_per_floor":[70,67,56,56,52,52,0,0],"gold":329,"neow_bonus":"REMOVE_CARD","is_daily":false,"chose_seed":false,"campfire_upgraded":1,"win_rate":0.0,"timestamp":1608874532,"path_taken":["M","M","?","?","M","R","E"],"items_purchased_type":[],"build_version":"2020-12-22","purchased_purges":0,"victory":false,"max_hp_per_floor":[70,70,70,70,70,70,70,70],"card_choices":[{"not_picked":["Sneak Up","ReplayTheSpireMod:The Works"],"picked":"Prepared","floor":1},{"not_picked":["conspire:PoisonWeapons","Blade Dance"],"picked":"Acrobatics","floor":2},{"not_picked":["Cloak And Dagger","Infinite Blades"],"picked":"ReplayTheSpireMod:Tripwire","floor":5}],"player_experience":60689,"relics_obtained":[],"event_choices":[{"damage_healed":0,"gold_gain":75,"player_choice":"Gather Gold","damage_taken":11,"max_hp_gain":0,"max_hp_loss":0,"event_name":"World of Goop","floor":3,"gold_loss":0},{"damage_healed":0,"gold_gain":100,"player_choice":"Pray","damage_taken":0,"max_hp_gain":0,"max_hp_loss":0,"event_name":"Golden Shrine","floor":4,"gold_loss":0}],"is_beta":false,"boss_relics":[],"items_purged_floors":[],"is_endless":false,"potions_floor_spawned":[1],"killed_by":"Lagavulin","ascension_level":0}}