{"host":"vjkx177ju3wjmzef","time":1608900925,"event":{"mods":["BaseMod","Block Reminder","Colored Map","Colored Powertips","DeckTracker","Googly Eyes","Highlight Path","Minty Spire (QoL Compilation)","Quick Restart","Random Character Button","Relic Stats","Replay The Spire","StSLib"],"gold_per_floor":[113,128,161,174,192,192,204,204,231,250,250,272,372,389,389,485,485,505,505,37,56,56,56,56,56,71,71,71,171,181,214,214,226,226,326,326,343,393,393,406,18,18,43,43,43,56,56,56,29,49,49,49],"floor_reached":53,"playtime":2068,"items_purged":["Spreading Infection","Defend_R"],"score":722,"play_id":"b0c134d9-7956-4642-bb22-a1d422d8b5d7","local_time":"20201225065525","is_ascension_mode":false,"campfire_choices":[{"data":"Flex","floor":6.0,"key":"SMITH"},{"data":"Perfected Strike","floor":8.0,"key":"SMITH"},{"data":"Seeing Red","floor":11.0,"key":"SMITH"},{"floor":15.0,"key":"DIG"},{"data":"Armaments","floor":25.0,"key":"SMITH"},{"data":"Perfected Strike","floor":27.0,"key":"SMITH"},{"data":"Iron Wave","floor":32.0,"key":"SMITH"},{"data":"Defend_R","floor":34.0,"key":"PURGE"},{"data":"Demon Form","floor":42.0,"key":"SMITH"},{"data":"Anger","floor":48.0,"key":"SMITH"},{"floor":51.0,"key":"DIG"}],"circlet_count":1,"master_deck":["Strike_R","Strike_R","Strike_R","Strike_R","Strike_R","Bash+1","Replay:Undeath\u0027s Touch","Perfected Strike+1","ReplayTheSpireMod:Stacked","Perfected Strike+1","Seeing Red+1","Iron Wave+1","Twin Strike","Flex","Armaments+1","Shrug It Off","Twin Strike","Sword Boomerang","ReplayTheSpireMod:Stacked","Demon Form+1","Pommel Strike+1","Rage+1","Pommel Strike","Seeing Red","Flash of Steel","Pot Of Greed","Pot Of Greed","Pot Of Greed","Anger+1","Pommel Strike","Thunderclap"],"relics":["Burning Blood","Another Sword","Centennial Puzzle","Odd Mushroom","Replay:Baseball","Empty Cage","ReplayTheSpireMod:Ring of Exchange","Lantern","Brimstone","MutagenicStrength","Divine Protection","Durian","ReplayTheSpireMod:Ninjato","Replay:Rubber Ducky","Membership Card","Bottled Flame","Calipers","Strange Spoon","Circlet","Grinning Jar","Shuriken","Du-Vu Doll"],"acts_visited":["Exordium","TheCity","TheBeyond"],"potions_floor_usage":[52],"damage_taken":[{"damage":4.0,"enemies":"2 Louse","floor":1.0,"turns":4.0},{"damage":5.0,"enemies":"Small Slimes","floor":2.0,"turns":3.0},{"damage":1.0,"enemies":"Cultist","floor":4.0,"turns":3.0},{"damage":11.0,"enemies":"3 Louse","floor":5.0,"turns":4.0},{"damage":7.0,"enemies":"Blue Slaver","floor":7.0,"turns":2.0},{"damage":2.0,"enemies":"2 Fungi Beasts","floor":10.0,"turns":2.0},{"damage":0.0,"enemies":"The Mushroom Lair","floor":12.0,"turns":2.0},{"damage":8.0,"enemies":"Exordium Thugs","floor":14.0,"turns":3.0},{"damage":36.0,"enemies":"The Guardian","floor":16.0,"turns":6.0},{"damage":5.0,"enemies":"Chosen","floor":18.0,"turns":2.0},{"damage":0.0,"enemies":"Spheric Guardian","floor":21.0,"turns":1.0},{"damage":11.0,"enemies":"3 Cultists","floor":26.0,"turns":3.0},{"damage":4.0,"enemies":"Colosseum Slavers","floor":29.0,"turns":3.0},{"damage":0.0,"enemies":"Colosseum Nobs","floor":29.0,"turns":3.0},{"damage":0.0,"enemies":"Cultist and Chosen","floor":30.0,"turns":2.0},{"damage":0.0,"enemies":"Slavers","floor":31.0,"turns":3.0},{"damage":0.0,"enemies":"Chosen and Byrds","floor":33.0,"turns":2.0},{"damage":1.0,"enemies":"Champ","floor":35.0,"turns":4.0},{"damage":0.0,"enemies":"3 Shapes","floor":37.0,"turns":3.0},{"damage":17.0,"enemies":"Mind Bloom Boss Battle","floor":38.0,"turns":3.0},{"damage":0.0,"enemies":"3 Darklings","floor":40.0,"turns":4.0},{"damage":40.0,"enemies":"Nemesis","floor":43.0,"turns":5.0},{"damage":0.0,"enemies":"Sphere and 2 Shapes","floor":46.0,"turns":2.0},{"damage":13.0,"enemies":"Jaw Worm Horde","floor":50.0,"turns":2.0},{"damage":51,"enemies":"Awakened One","floor":52,"turns":6}],"seed_played":"1159354313548498001","potions_obtained":[{"floor":1.0,"key":"SteroidPotion"},{"floor":2.0,"key":"Fire Potion"},{"floor":10.0,"key":"DistilledChaos"},{"floor":16.0,"key":"Fire Potion"},{"floor":21.0,"key":"Energy Potion"},{"floor":31.0,"key":"Elixir"},{"floor":37.0,"key":"SteroidPotion"},{"floor":46.0,"key":"AttackPotion"}],"is_trial":false,"path_per_floor":["M","M","?","M","M","R","M","R","T","M","R","?","?","M","R_BF","B",null,"M","?","$","M","PTL","PTL","?","R","M","R","T","?","M","E","R","M","R_BF","B",null,"M","?","T","M","$","R","E","?","T","M","$","R","$","M","R_BF","B",null],"character_chosen":"IRONCLAD","items_purchased":["Lantern","Armaments","Brimstone","Shrug It Off","Pommel Strike","Calipers","Strange Spoon","Seeing Red","Flash of Steel","Pommel Strike"],"campfire_rested":0,"item_purchase_floors":[20,20,20,20,41,41,41,41,41,49],"current_hp_per_floor":[80,80,60,65,60,60,59,59,59,63,63,69,69,67,67,37,80,80,80,80,80,80,80,80,80,75,75,75,85,85,85,85,85,85,85,85,85,74,74,80,80,80,51,51,51,57,57,57,57,55,55,10],"gold":49,"neow_bonus":"UPGRADE_CARD","is_daily":false,"chose_seed":false,"campfire_upgraded":8,"win_rate":0.0,"timestamp":1608900925,"path_taken":["M","M","?","M","M","R","M","R","T","M","R","?","?","?","R_BF","BOSS","M","?","$","M","PTL","PTL","?","R","M","R","T","?","M","E","R","M","R_BF","BOSS","M","?","?","?","$","R","E","?","T","M","?","R","$","M","R_BF","BOSS"],"items_purchased_type":["Relic","Card","Relic","Card","Card","Relic","Relic","Card","Card","Card"],"build_version":"2020-12-22","purchased_purges":2,"victory":true,"max_hp_per_floor":[80,80,80,80,80,80,80,80,80,80,80,80,80,80,80,80,80,80,80,80,80,80,80,80,80,80,80,80,85,85,85,85,85,85,85,85,85,85,85,85,85,85,85,85,85,85,85,85,85,85,85,85],"relic_stats":{"Strange Spoon":[10],"Centennial Puzzle":[33],"counters":[25,77],"Shuriken":[10],"obtain_stats":[{"ReplayTheSpireMod:Ring of Exchange":19,"Divine Protection":28,"Lantern":20,"ReplayTheSpireMod:Ninjato":29,"Calipers":41,"Dead Branch":38,"Circlet":0,"Odd Mushroom":12,"Empty Cage":17,"Burning Blood":0,"Replay:Rubber Ducky":31,"Du-Vu Doll":51,"Strange Spoon":41,"BranchBurnRelic":42,"Centennial Puzzle":9,"Replay:Baseball":15,"Bottled Flame":39,"Brimstone":20,"Shuriken":45,"MutagenicStrength":24,"Another Sword":3,"Durian":29,"Membership Card":36,"Grinning Jar":43},{"ReplayTheSpireMod:Ring of Exchange":10,"Divine Protection":12,"Lantern":10,"ReplayTheSpireMod:Ninjato":14,"Calipers":21,"Dead Branch":20,"Circlet":0,"Odd Mushroom":7,"Empty Cage":9,"Burning Blood":0,"Replay:Rubber Ducky":16,"Du-Vu Doll":24,"Strange Spoon":21,"BranchBurnRelic":21,"Centennial Puzzle":5,"Replay:Baseball":8,"Bottled Flame":20,"Brimstone":10,"Shuriken":22,"MutagenicStrength":11,"Another Sword":2,"Durian":14,"Membership Card":18,"Grinning Jar":22},{"ReplayTheSpireMod:Ring of Exchange":31,"Divine Protection":35,"Lantern":31,"ReplayTheSpireMod:Ninjato":41,"Calipers":62,"Dead Branch":58,"Circlet":0,"Odd Mushroom":20,"Empty Cage":29,"Burning Blood":0,"Replay:Rubber Ducky":46,"Du-Vu Doll":71,"Strange Spoon":62,"BranchBurnRelic":62,"Centennial Puzzle":16,"Replay:Baseball":23,"Bottled Flame":58,"Brimstone":31,"Shuriken":67,"MutagenicStrength":32,"Another Sword":7,"Durian":41,"Membership Card":52,"Grinning Jar":67}],"Burning Blood":108},"card_choices":[{"not_picked":["Sentinel","Sever Soul"],"picked":"Replay:Undeath\u0027s Touch","floor":1.0},{"not_picked":["Seeing Red","ReplayTheSpireMod:Strike From Hell"],"picked":"Perfected Strike","floor":2.0},{"not_picked":["Run Through","Body Slam"],"picked":"ReplayTheSpireMod:Stacked","floor":4.0},{"not_picked":["Uppercut","ReplayTheSpireMod:Strike From Hell"],"picked":"Flex","floor":5.0},{"not_picked":["Havoc","Warcry"],"picked":"Perfected Strike","floor":7.0},{"not_picked":["Disarm","Whirlwind"],"picked":"Seeing Red","floor":10.0},{"not_picked":["ReplayTheSpireMod:Muscle Training","Heavy Blade"],"picked":"Iron Wave","floor":12.0},{"not_picked":["Iron Wave","Replay:Many Hands"],"picked":"Twin Strike","floor":14.0},{"not_picked":["Pommel Strike","ReplayReversal"],"picked":"Flex","floor":18.0},{"not_picked":["Burning Pact","Havoc","ReplayTheSpireMod:Strike From Hell+1"],"picked":"SKIP","floor":21.0},{"not_picked":["Iron Wave","Feel No Pain"],"picked":"Twin Strike","floor":26.0},{"not_picked":["ReplayTheSpireMod:Strike From Hell","Pummel"],"picked":"Sword Boomerang","floor":29.0},{"not_picked":["Fire Breathing","Metallicize"],"picked":"ReplayTheSpireMod:Stacked","floor":30.0},{"not_picked":["Juggernaut","Body Slam","True Grit"],"picked":"SKIP","floor":31.0},{"not_picked":["Pommel Strike+1","Cleave+1","ReplayReversal+1"],"picked":"SKIP","floor":33.0},{"not_picked":["Eclipse","Corruption"],"picked":"Demon Form","floor":35.0},{"not_picked":["Havoc","Body Slam+1"],"picked":"Pommel Strike+1","floor":37.0},{"not_picked":["Armaments+1","Flame Barrier"],"picked":"Rage+1","floor":40.0},{"not_picked":["Hemokinesis+1","Fire Breathing+1","ReplayTheSpireMod:Strike From Hell+1"],"picked":"SKIP","floor":43.0},{"not_picked":["Bludgeon","True Grit+1"],"picked":"Anger","floor":46.0},{"not_picked":["Body Slam+1","Flex"],"picked":"Thunderclap","floor":50.0}],"player_experience":140462,"relics_obtained":[{"floor":3.0,"key":"Another Sword"},{"floor":9.0,"key":"Centennial Puzzle"},{"floor":12.0,"key":"Odd Mushroom"},{"floor":15.0,"key":"Replay:Baseball"},{"floor":19.0,"key":"ReplayTheSpireMod:Ring of Exchange"},{"floor":28.0,"key":"Divine Protection"},{"floor":29.0,"key":"Durian"},{"floor":29.0,"key":"ReplayTheSpireMod:Ninjato"},{"floor":31.0,"key":"Replay:Rubber Ducky"},{"floor":38.0,"key":"Dead Branch"},{"floor":39.0,"key":"Bottled Flame"},{"floor":43.0,"key":"Grinning Jar"},{"floor":45.0,"key":"Shuriken"},{"floor":51.0,"key":"Du-Vu Doll"}],"event_choices":[{"damage_healed":0.0,"max_hp_gain":0.0,"max_hp_loss":0.0,"gold_gain":0.0,"event_name":"Mushrooms","player_choice":"Fought Mushrooms","floor":12.0,"gold_loss":0.0,"damage_taken":0.0},{"damage_healed":0.0,"max_hp_gain":0.0,"max_hp_loss":0.0,"gold_gain":100.0,"event_name":"Golden Shrine","player_choice":"Pray","floor":13.0,"gold_loss":0.0,"damage_taken":0.0},{"damage_healed":0.0,"max_hp_gain":0.0,"max_hp_loss":0.0,"gold_gain":0.0,"event_name":"Drug Dealer","player_choice":"Inject Mutagens","floor":24.0,"gold_loss":0.0,"damage_taken":0.0,"relics_obtained":["MutagenicStrength"]},{"damage_healed":0.0,"max_hp_gain":0.0,"max_hp_loss":0.0,"gold_gain":0.0,"event_name":"Colosseum","player_choice":"Fight","floor":29.0,"gold_loss":0.0,"damage_taken":0.0},{"damage_healed":0.0,"max_hp_gain":0.0,"max_hp_loss":0.0,"gold_gain":0.0,"event_name":"Colosseum","player_choice":"Fought Nobs","floor":29.0,"gold_loss":0.0,"damage_taken":0.0},{"damage_healed":0.0,"max_hp_gain":0.0,"max_hp_loss":0.0,"gold_gain":0.0,"event_name":"MindBloom","player_choice":"Fight","floor":38.0,"gold_loss":0.0,"damage_taken":0.0},{"cards_removed":["Flex"],"damage_healed":0.0,"max_hp_gain":0.0,"max_hp_loss":0.0,"gold_gain":0.0,"event_name":"Falling","player_choice":"Removed Skill","floor":44.0,"gold_loss":0.0,"damage_taken":0.0}],"is_beta":false,"boss_relics":[{"not_picked":["Runic Cube","Electric Blood"],"picked":"Empty Cage"},{"not_picked":["Kintsugi","Velvet Choker"],"picked":"Membership Card"}],"items_purged_floors":[20,41],"is_endless":false,"potions_floor_spawned":[1,2,10,16,21,29,31,33,37,46],"ascension_level":0}}