{"host":"kabf61oc9jgfwufg","time":1608862915,"event":{"mods":["AchievementEnabler","Act Like it!","Aspiration","Bartender","BaseMod","CatGirl Mod","Conspire","GifTheSpireLib","Halation","HexUI Lib","Hubris","Infinite Spire","Marisa????????","Minty Spire (QoL Compilation)","Pale of the Ancients","Rare Cards Sparkle","Replay The Spire","StSLib","The Animator","The Blackbeard","The Bladedancer","The Cursed","The Jungle","The Marked","The Servant 0.9.4","TheSwordswoman"],"gold_per_floor":[111,111,54,72,72,105,133,133,209,209,248,248,275,275,275,384,384,404,79,106,132,47,90,90,90,128,128,128,150,156,156],"floor_reached":30,"playtime":846,"items_purged":["Defend_R","Defend_R","Spreading Infection"],"score":359,"play_id":"12ca6447-b070-44ec-b466-e93022e03015","local_time":"20201225022155","is_ascension_mode":true,"campfire_choices":[{"data":"Pot Of Greed","floor":8,"key":"SMITH"},{"data":"Pot Of Greed","floor":10,"key":"SMITH"},{"data":"hubris:ReadiedAction","floor":12,"key":"SMITH"},{"floor":15,"key":"REST"},{"data":"hubris:InfiniteBlow","floor":27,"key":"SMITH"}],"circlet_count":0,"master_deck":["Strike_R","Strike_R","Strike_R","Strike_R","Strike_R","Defend_R+1","Defend_R","Bash","Flex+1","Inflame+1","Pommel Strike","infinitespire:FinalStrike","Pot Of Greed+1","Pot Of Greed+1","hubris:ReadiedAction+1","Injury","hubris:InfiniteBlow+1","Reaper","Pommel Strike","Spot Weakness","Inflame"],"relics":["Burning Blood","NeowsBlessing","hubris:KleinBottle","Grinning Jar","hubris:FruitBowl","Replay:Bandana","hubris:Reverence","conspire:DeflatedDodgeball","conspire:SpecialSausage","infinitespire:EmpoweringShard","War Paint","InkBottle","aspiration:TomeofQuesting","Gremlin Food"],"acts_visited":["Exordium","TheCity"],"potions_floor_usage":[13,16,16,16,16,26,30],"damage_taken":[{"damage":0,"enemies":"Jaw Worm","floor":1,"turns":1},{"damage":0,"enemies":"Cultist","floor":4,"turns":1},{"damage":0,"enemies":"Gremlin Nob","floor":6,"turns":1},{"damage":0,"enemies":"Small Slimes","floor":7,"turns":2},{"damage":0,"enemies":"Lagavulin","floor":11,"turns":3},{"damage":16,"enemies":"Exordium Thugs","floor":13,"turns":4},{"damage":21,"enemies":"The Guardian","floor":16,"turns":6},{"damage":12,"enemies":"Chosen","floor":18,"turns":3},{"damage":0,"enemies":"Spheric Guardian","floor":20,"turns":2},{"damage":21,"enemies":"3 Cultists","floor":21,"turns":5},{"damage":46,"enemies":"Gremlin Leader","floor":23,"turns":6},{"damage":84,"enemies":"Slavers","floor":26,"turns":6},{"damage":23,"enemies":"Centurion and Healer","floor":29,"turns":3},{"damage":18,"enemies":"Book of Stabbing","floor":30,"turns":2}],"seed_played":"-4426569886588078686","potions_obtained":[{"floor":1,"key":"SkillPotion"},{"floor":4,"key":"LifebloodPotion"},{"floor":13,"key":"EntropicBrew"},{"floor":23,"key":"ElixirPotion"},{"floor":26,"key":"BloodPotion"}],"is_trial":false,"path_per_floor":["M","?","$","M","$","E","M","R","T","R","E","R","M","?","R","B",null,"M","$","M","M","?","E","PTL","PTL","E","R","T","M","E"],"character_chosen":"IRONCLAD","items_purchased":["Inflame+1","hubris:KleinBottle","Grinning Jar","LifebloodPotion","hubris:FruitBowl","infinitespire:EmpoweringShard"],"campfire_rested":1,"item_purchase_floors":[3,5,5,5,5,19],"current_hp_per_floor":[80,72,72,78,5,11,17,17,17,17,23,23,13,13,37,22,80,74,74,80,65,65,64,64,64,34,34,34,17,0,0],"gold":156,"neow_bonus":"THREE_ENEMY_KILL","is_daily":false,"chose_seed":false,"campfire_upgraded":4,"win_rate":0.0,"timestamp":1608862915,"path_taken":["M","?","?","?","?","E","M","R","T","R","E","R","M","?","R","BOSS","M","$","M","M","?","E","PTL","PTL","E","R","T","M","E"],"items_purchased_type":["Card","Relic","Relic","Potion","Relic","Relic"],"build_version":"2020-12-22","purchased_purges":3,"victory":false,"max_hp_per_floor":[80,80,80,80,80,80,80,80,80,80,80,80,80,80,80,80,80,80,80,80,80,80,80,80,80,80,80,80,80,80,80],"card_choices":[{"not_picked":["Anger","Warcry"],"picked":"Flex","floor":1},{"not_picked":["Searing Blow","Intimidate"],"picked":"Pommel Strike","floor":4},{"not_picked":["hubris:InfiniteBlow","infinitespire:Collect"],"picked":"infinitespire:FinalStrike","floor":5},{"not_picked":["Metallicize","Clash"],"picked":"hubris:ReadiedAction","floor":6},{"not_picked":["Wild Strike","Replay:Undeath\u0027s Touch","Cleave"],"picked":"SKIP","floor":7},{"not_picked":["Evolve","Infernal Blade","Body Slam"],"picked":"SKIP","floor":11},{"not_picked":["ReplayReversal","Combust","Headbutt"],"picked":"SKIP","floor":13},{"not_picked":["infinitespire:Gouge","infinitespire:SealOfDarkness+"],"picked":"hubris:InfiniteBlow","floor":14},{"not_picked":["Demonic Infusion","Exhume"],"picked":"Reaper","floor":16},{"not_picked":["Dual Wield","Warcry"],"picked":"Pommel Strike","floor":18},{"not_picked":["Replay:Undeath\u0027s Touch","Cleave"],"picked":"Spot Weakness","floor":20},{"not_picked":["Sword Boomerang","Immolate","ReplayTheSpireMod:Strike From Hell+1"],"picked":"SKIP","floor":21},{"not_picked":["Sever Soul","Fire Breathing+1","Corruption"],"picked":"SKIP","floor":23},{"not_picked":["Rampage","ReplayTheSpireMod:Muscle Training+1","Cleave"],"picked":"SKIP","floor":26},{"not_picked":["Hemokinesis","Cleave"],"picked":"Inflame","floor":29}],"player_experience":34243,"relics_obtained":[{"floor":6,"key":"Replay:Bandana"},{"floor":9,"key":"hubris:Reverence"},{"floor":11,"key":"conspire:DeflatedDodgeball"},{"floor":23,"key":"InkBottle"},{"floor":26,"key":"aspiration:TomeofQuesting"},{"floor":28,"key":"Gremlin Food"}],"event_choices":[{"damage_healed":0,"gold_gain":0,"player_choice":"Damaged","damage_taken":8,"max_hp_gain":0,"max_hp_loss":0,"event_name":"Wheel of Change","floor":2,"gold_loss":0},{"damage_healed":0,"gold_gain":0,"player_choice":"Obtained Relic","damage_taken":0,"relics_obtained":["War Paint"],"max_hp_gain":0,"max_hp_loss":0,"event_name":"Addict","floor":22,"gold_loss":85}],"is_beta":false,"boss_relics":[{"not_picked":["halation:MonkeysPaw","SacredBark"],"picked":"conspire:SpecialSausage"}],"items_purged_floors":[5,5,19],"is_endless":false,"potions_floor_spawned":[1,4,6,13,23,26],"killed_by":"Book of Stabbing","ascension_level":2}}