{"host":"0dvp4uxbao5ucv2j","time":1608904267,"event":{"mods":["AchievementEnabler","Aspiration","BaseMod","Beaked The Cultist","BetterRewards","DNKmod","DNKmod Update","Decade(???)","Downfall","Friendly Minions","GifTheSpireLib","Hubris","Infinite Spire","Minty Spire (QoL Compilation)","Replay The Spire","StSLib","???Mod??????Boss"],"gold_per_floor":[9401,9412,8222,8222,8232,8266,8266,8292,8345,8345,8345,6985,7041,5893,5893,5993,5993,6008,5497,5512,5512,5512],"floor_reached":21,"playtime":1820,"items_purged":["Strike_P","Strike_P","Strike_P","Strike_P"],"score":235,"play_id":"f66ef4c5-034d-47d2-a3c7-23ce1113edaa","local_time":"20201225145107","is_ascension_mode":false,"campfire_choices":[{"data":"Eruption","floor":7,"key":"SMITH"},{"floor":15,"key":"RECALL"}],"circlet_count":0,"master_deck":["Defend_P+1","Defend_P+1","Defend_P","Eruption+1","Vigilance","PathToVictory","PathToVictory","Adaptation+1","Collect","CutThroughFate+1","LessonLearned+1","ReplayUltimateDefense+1","Vengeance","Ragnarok","JustLucky","FearNoEvil","Study","Vault","Collect","FollowUp","expansioncontent:Corrupt","Cloak And Dagger","Replay:LoomingThreat","Replay:Hum","Crescendo","Vault","TalkToTheHand","Echo Form","Transmutation","Consecrate","Replay:Battleflow","Replay:ManipulateFuture"],"relics":["sneckomod:SneckoSoul","NeowsBlessing","hubris:TenFootPole","hubris:GlazedTorus","Guide Book","Omamori","hubris:DeckOfHolding","infinitespire:Cubic Diamond","Replay:Multitool","PrismaticShard","Du-Vu Doll","Bag of Marbles","StoneCalendar","infinitespire:FocusingShard","DollysMirror","hubris:TerracottaHorce","Membership Card","Toy Ornithopter","Nunchaku"],"acts_visited":["Exordium","TheCity"],"potions_floor_usage":[16],"damage_taken":[{"damage":0,"enemies":"Cultist","floor":1,"turns":1},{"damage":0,"enemies":"infinitespire:Voidling","floor":2,"turns":1},{"damage":0,"enemies":"Small Slimes","floor":5,"turns":3},{"damage":21,"enemies":"Gremlin Nob","floor":6,"turns":4},{"damage":0,"enemies":"Lagavulin","floor":8,"turns":3},{"damage":1,"enemies":"Fading Forest","floor":16,"turns":13},{"damage":4,"enemies":"Shell Parasite","floor":18,"turns":3},{"damage":31,"enemies":"3 Byrds","floor":20,"turns":5}],"seed_played":"-8763648305623921613","potions_obtained":[{"floor":2,"key":"Block Potion"},{"floor":13,"key":"Adrenaline Potion"},{"floor":16,"key":"BottledMiracle"}],"is_trial":false,"path_per_floor":["M","M","$","?","M","E","R","E","T","?","?","$","?","$","R","B",null,"M","$","M","?"],"character_chosen":"WATCHER","items_purchased":["hubris:TenFootPole","hubris:GlazedTorus","Adaptation","Collect","CutThroughFate","LessonLearned+1","ReplayUltimateDefense","Guide Book","Replay:Multitool","PrismaticShard","Du-Vu Doll","Study","Vault","Collect","FollowUp","expansioncontent:Corrupt","Replay:LoomingThreat","Replay:Hum","Crescendo","StoneCalendar","infinitespire:FocusingShard","DollysMirror","TalkToTheHand","Membership Card","Toy Ornithopter","Nunchaku","Transmutation","Consecrate","Replay:Battleflow"],"campfire_rested":0,"item_purchase_floors":[3,3,3,3,3,3,3,3,12,12,12,12,12,12,12,12,14,14,14,14,14,14,14,19,19,19,19,19,19],"current_hp_per_floor":[100,100,100,100,100,79,79,79,79,79,79,79,79,79,79,78,95,91,91,60,60,60],"gold":5512,"neow_bonus":"THREE_ENEMY_KILL","is_daily":false,"chose_seed":false,"campfire_upgraded":1,"win_rate":0.0,"timestamp":1608904267,"path_taken":["M","M","$","?","?","E","R","E","T","?","?","?","?","$","R","BOSS","M","$","?","?"],"items_purchased_type":["Relic","Relic","Card","Card","Card","Card","Card","Relic","Relic","Relic","Relic","Card","Card","Card","Card","Card","Card","Card","Card","Relic","Relic","Relic","Card","Relic","Relic","Relic","Card","Card","Card"],"build_version":"2020-12-22","purchased_purges":4,"victory":false,"max_hp_per_floor":[100,100,100,100,100,100,100,100,100,100,100,100,100,100,100,100,100,100,100,100,100,100],"card_choices":[{"not_picked":["JustLucky","FlyingSleeves"],"picked":"PathToVictory","floor":1},{"not_picked":["WaveOfTheHand","Crescendo"],"picked":"PathToVictory","floor":2},{"not_picked":["Replay:Cycle","Evaluate"],"picked":"Vengeance","floor":5},{"not_picked":["FlurryOfBlows","CutThroughFate"],"picked":"Ragnarok","floor":6},{"not_picked":["FlyingSleeves","Fasting2"],"picked":"JustLucky","floor":8},{"not_picked":["Blade_Slash","UnarmedAttack5"],"picked":"Cloak And Dagger","floor":13},{"not_picked":["beaked:MachineEssence","Hibiki_FEVER"],"picked":"Echo Form","floor":16},{"not_picked":["sneckomod:SoulRoll","FlyingSleeves","Kiva_Frozen"],"picked":"SKIP","floor":18},{"not_picked":["Steam","sneckomod:WideSting"],"picked":"Replay:ManipulateFuture","floor":20}],"player_experience":96609,"relics_obtained":[{"floor":6,"key":"Omamori"},{"floor":8,"key":"hubris:DeckOfHolding"},{"floor":13,"key":"Bag of Marbles"}],"event_choices":[{"cards_removed":["Defend_P"],"damage_healed":0,"gold_gain":0,"player_choice":"Purged","damage_taken":0,"max_hp_gain":0,"max_hp_loss":0,"event_name":"Purifier","floor":4,"gold_loss":0},{"damage_healed":0,"gold_gain":0,"player_choice":"Ignored","damage_taken":0,"max_hp_gain":0,"max_hp_loss":0,"event_name":"NoteForYourself","floor":21,"gold_loss":0}],"is_beta":false,"boss_relics":[{"not_picked":["Fusion Hammer","Runic Dome"],"picked":"hubris:TerracottaHorce"}],"items_purged_floors":[3,12,14,19],"is_endless":false,"potions_floor_spawned":[2,16],"ascension_level":0}}