{"host":"ywt8u9kq80n9hc8s","time":1608925644,"event":{"mods":["AchievementEnabler","Alarm Clock","BaseMod","Better Altar","Better Match","Better Note","Better Sensory Stone","Better Skull","Better Third Choice","BetterRewards","Filter the Spire","Minty Spire (QoL Compilation)","Permanent Neow","Rare Cards Sparkle","StSLib"],"gold_per_floor":[117,128,53,53,65,98,98,98,121,196,224,224,258,291,291,396,396,406,406,406,1,20,51,51,51,51,81,81,111,123,234,246,360,372,412,424,436,498,172,172,197,197,221,221,221,246,273,285,285,285],"floor_reached":51,"playtime":3360,"items_purged":["Coolheaded","Turbo","Capacitor"],"score":1234,"play_id":"391eb68e-7f4c-406b-a200-35e2d6f33ad1","local_time":"20201225214724","daily_mods":["Draft","Heirloom","Time Dilation","Flight"],"is_ascension_mode":false,"campfire_choices":[{"data":"Redo","floor":7,"key":"SMITH"},{"data":"Redo","floor":8,"key":"SMITH"},{"data":"Recycle","floor":12,"key":"SMITH"},{"data":"Scrape","floor":15,"key":"SMITH"},{"data":"Creative AI","floor":24,"key":"SMITH"},{"data":"Turbo","floor":25,"key":"SMITH"},{"data":"Beam Cell","floor":30,"key":"SMITH"},{"data":"Storm","floor":32,"key":"SMITH"},{"data":"Gash","floor":40,"key":"SMITH"},{"data":"Gash","floor":42,"key":"SMITH"},{"data":"Cold Snap","floor":49,"key":"SMITH"}],"circlet_count":0,"master_deck":["Cold Snap+1","Scrape+1","Gash+1","Chill+1","Redo+1","Turbo+1","Gash+1","Redo+1","Beam Cell+1","Go for the Eyes+1","Beam Cell+1","Hologram+1","Storm+1","Recycle+1","Creative AI+1","Gash+1"],"relics":["Unceasing Top","Emotion Chip","Centennial Puzzle","Blood Vial","War Paint","Sundial","Incense Burner","Black Star","Lantern","Tiny Chest","Whetstone","The Courier","Strawberry","Lizard Tail","CeramicFish","MawBank","Mummified Hand","Busted Crown","Ice Cream","Turnip","OrangePellets","Pen Nib","Bag of Marbles","TungstenRod","Vajra","Pantograph","Ornamental Fan","InkBottle","Toxic Egg 2","Gambling Chip","Shuriken"],"acts_visited":["Exordium","TheCity","TheBeyond"],"potions_floor_usage":[],"damage_taken":[{"damage":0,"enemies":"2 Louse","floor":1,"turns":1},{"damage":0,"enemies":"Cultist","floor":2,"turns":1},{"damage":0,"enemies":"Jaw Worm","floor":5,"turns":1},{"damage":0,"enemies":"Gremlin Nob","floor":6,"turns":2},{"damage":1,"enemies":"3 Sentries","floor":11,"turns":4},{"damage":0,"enemies":"Lagavulin","floor":13,"turns":1},{"damage":0,"enemies":"3 Sentries","floor":14,"turns":2},{"damage":0,"enemies":"Hexaghost","floor":16,"turns":1},{"damage":0,"enemies":"Chosen","floor":18,"turns":2},{"damage":0,"enemies":"2 Thieves","floor":22,"turns":2},{"damage":0,"enemies":"Gremlin Leader","floor":23,"turns":5},{"damage":0,"enemies":"Slavers","floor":27,"turns":2},{"damage":0,"enemies":"Book of Stabbing","floor":29,"turns":2},{"damage":4,"enemies":"Champ","floor":33,"turns":3},{"damage":1,"enemies":"3 Shapes","floor":35,"turns":1},{"damage":0,"enemies":"Mind Bloom Boss Battle","floor":38,"turns":1},{"damage":0,"enemies":"Giant Head","floor":41,"turns":1},{"damage":0,"enemies":"Nemesis","floor":46,"turns":1},{"damage":0,"enemies":"Reptomancer","floor":47,"turns":1},{"damage":0,"enemies":"Orb Walker","floor":48,"turns":1},{"damage":0,"enemies":"Donu and Deca","floor":50,"turns":2}],"seed_played":"-6817068030949262471","potions_obtained":[{"floor":2,"key":"Swift Potion"},{"floor":6,"key":"LiquidBronze"},{"floor":16,"key":"Fire Potion"},{"floor":22,"key":"CultistPotion"},{"floor":29,"key":"BlessingOfTheForge"}],"is_trial":true,"path_per_floor":["M","M","$","?","M","E","R","R","T","?","E","R","E","E","R","B",null,"M","?","?","$","M","E","R","R","T","E","$","E","R","?","R","B",null,"M","T","?","?","$","R","E","R","T","T","T","E","E","M","R","B",null],"character_chosen":"DEFECT","items_purchased":["Lantern","Tiny Chest","OrangePellets","Pen Nib"],"campfire_rested":0,"item_purchase_floors":[21,21,39,39],"current_hp_per_floor":[75,75,75,75,75,75,75,75,75,64,65,65,67,69,69,71,75,75,75,75,75,75,75,75,75,82,82,82,82,82,82,82,78,82,81,81,78,78,78,78,78,78,78,78,78,78,78,78,78,78],"gold":285,"neow_bonus":"","is_daily":false,"chose_seed":false,"campfire_upgraded":11,"win_rate":0.0,"timestamp":1608925644,"path_taken":["M","M","$","?","?","E","R","R","T","?","E","R","E","E","R","BOSS","M","?","?","$","?","E","R","R","T","E","?","E","R","?","R","BOSS","M","?","?","?","$","R","E","R","T","?","?","E","E","?","R","BOSS"],"items_purchased_type":["Relic","Relic","Relic","Relic"],"build_version":"2020-12-22","purchased_purges":3,"victory":true,"max_hp_per_floor":[75,75,75,75,75,75,75,75,75,75,75,75,75,75,75,75,75,75,75,75,75,75,75,75,75,82,82,82,82,82,82,82,82,82,82,82,78,78,78,78,78,78,78,78,78,78,78,78,78,78],"card_choices":[{"not_picked":["Consume","Doom and Gloom"],"picked":"Cold Snap","floor":0},{"not_picked":["Streamline","Tempest"],"picked":"Scrape","floor":0},{"not_picked":["Conserve Battery","Streamline"],"picked":"Gash","floor":0},{"not_picked":["Tempest","Barrage"],"picked":"Coolheaded","floor":0},{"not_picked":["Reinforced Body","Compile Driver"],"picked":"Chill","floor":0},{"not_picked":["Reprogram","Conserve Battery"],"picked":"Redo","floor":0},{"not_picked":["Conserve Battery","Barrage"],"picked":"Turbo","floor":0},{"not_picked":["Ball Lightning","Hello World"],"picked":"Gash","floor":0},{"not_picked":["Coolheaded","Sunder"],"picked":"Capacitor","floor":0},{"not_picked":["Lockon","Leap"],"picked":"Turbo","floor":0},{"not_picked":["Streamline","Cold Snap"],"picked":"Redo","floor":0},{"not_picked":["Defragment","Leap"],"picked":"Beam Cell","floor":0},{"not_picked":["Barrage","Recycle"],"picked":"Go for the Eyes","floor":0},{"not_picked":["Streamline","Doom and Gloom"],"picked":"Beam Cell","floor":0},{"not_picked":["Cold Snap","Barrage"],"picked":"Hologram","floor":0},{"not_picked":["Leap","Darkness","Hologram"],"picked":"SKIP","floor":1},{"not_picked":["Ball Lightning","Double Energy"],"picked":"Chill","floor":2},{"not_picked":["BootSequence","Darkness","Steam"],"picked":"SKIP","floor":5},{"not_picked":["Conserve Battery","Rebound","Blizzard"],"picked":"SKIP","floor":6},{"not_picked":["Buffer","Reprogram"],"picked":"Recycle","floor":11},{"not_picked":["Turbo","Barrage","Fusion"],"picked":"SKIP","floor":13},{"not_picked":["Steam","Conserve Battery","Sweeping Beam"],"picked":"SKIP","floor":14},{"not_picked":["Seek","Hyperbeam"],"picked":"Creative AI","floor":16},{"not_picked":["Sweeping Beam","Doom and Gloom","Cold Snap+1"],"picked":"SKIP","floor":18},{"not_picked":["Double Energy","Undo","Turbo"],"picked":"SKIP","floor":22},{"not_picked":["Leap","Hologram","Glacier+1"],"picked":"SKIP","floor":23},{"not_picked":["Leap","Hologram","Glacier+1"],"picked":"SKIP","floor":23},{"not_picked":["Conserve Battery+1","Hello World","Cold Snap"],"picked":"SKIP","floor":27},{"not_picked":["Reboot","Leap","Melter+1"],"picked":"SKIP","floor":29},{"not_picked":[],"picked":"Gash+1","floor":35},{"not_picked":["Glacier+1"],"picked":"SKIP","floor":41},{"not_picked":["Cold Snap+1"],"picked":"SKIP","floor":46},{"not_picked":["Electrodynamics"],"picked":"SKIP","floor":47},{"not_picked":["Hologram+1"],"picked":"SKIP","floor":48}],"player_experience":37029,"relics_obtained":[{"floor":6,"key":"Centennial Puzzle"},{"floor":9,"key":"Blood Vial"},{"floor":11,"key":"War Paint"},{"floor":13,"key":"Sundial"},{"floor":14,"key":"Incense Burner"},{"floor":23,"key":"Whetstone"},{"floor":23,"key":"The Courier"},{"floor":26,"key":"Strawberry"},{"floor":27,"key":"Lizard Tail"},{"floor":27,"key":"CeramicFish"},{"floor":29,"key":"MawBank"},{"floor":29,"key":"Mummified Hand"},{"floor":36,"key":"Ice Cream"},{"floor":38,"key":"Turnip"},{"floor":41,"key":"Bag of Marbles"},{"floor":41,"key":"TungstenRod"},{"floor":43,"key":"Vajra"},{"floor":44,"key":"Pantograph"},{"floor":45,"key":"Ornamental Fan"},{"floor":46,"key":"InkBottle"},{"floor":46,"key":"Toxic Egg 2"},{"floor":47,"key":"Gambling Chip"},{"floor":47,"key":"Shuriken"}],"event_choices":[{"damage_healed":0,"gold_gain":0,"cards_transformed":["Chill"],"player_choice":"Transformed","damage_taken":0,"max_hp_gain":0,"max_hp_loss":0,"event_name":"Transmorgrifier","floor":4,"gold_loss":0,"cards_obtained":["Storm"]},{"damage_healed":0,"gold_gain":75,"player_choice":"Gold","damage_taken":11,"max_hp_gain":0,"max_hp_loss":0,"event_name":"betterThird:BetterGoop","floor":10,"gold_loss":0},{"damage_healed":0,"gold_gain":0,"player_choice":"Bought 0 Potions","damage_taken":0,"max_hp_gain":0,"max_hp_loss":0,"event_name":"The Woman in Blue","floor":19,"gold_loss":0},{"cards_removed":["Scrape"],"damage_healed":0,"gold_gain":0,"player_choice":"Give","damage_taken":0,"max_hp_gain":0,"max_hp_loss":0,"event_name":"betterNote:BetterNote","floor":20,"gold_loss":0,"cards_obtained":["Defend_B"]},{"damage_healed":0,"gold_gain":99,"player_choice":"Steal","damage_taken":0,"max_hp_gain":0,"max_hp_loss":0,"event_name":"betterThird:BetterNest","floor":31,"gold_loss":0},{"damage_healed":0,"gold_gain":0,"player_choice":"Max HP","damage_taken":0,"max_hp_gain":0,"max_hp_loss":4,"event_name":"Winding Halls","floor":37,"gold_loss":0},{"damage_healed":0,"gold_gain":0,"player_choice":"Fight","damage_taken":0,"max_hp_gain":0,"max_hp_loss":0,"event_name":"MindBloom","floor":38,"gold_loss":0}],"is_beta":false,"boss_relics":[{"not_picked":["Inserter","Nuclear Battery"],"picked":"Black Star"},{"not_picked":["Runic Dome","Cursed Key"],"picked":"Busted Crown"}],"items_purged_floors":[3,21,39],"is_endless":false,"potions_floor_spawned":[2,6,16,22,27,29,33,35,46,48],"ascension_level":0}}