{"host":"f6tqpspb2ou2a4h5","time":1608906790,"event":{"mods":["2.2 Compatiblity","Ascension Unlocker","BaseMod","Colored Map","DeckTracker","Hermit","Highlight Path","KOR Keyword Fix","Keyboard Shortcuts","Minty Spire (QoL Compilation)","Permanent Neow","Quick Restart","Random Character Button","StSLib","SuperFastMode","The Poker Player","everything is the same but u backflip on backflip"],"gold_per_floor":[113,126,126,142,156,156,106,432,432,365,398,415,415,134,134,239,239,250,260,271,40,52,78,78,109,134,134,153,153,73,73,73,171,171,189,199,199,199,199,228,228,16,16,29,49,101,101,114,114,114,114],"floor_reached":50,"playtime":5292,"items_purged":["Doubt","Strike_B","Defend_B"],"score":624,"play_id":"265abbe4-0d95-4a64-8f83-42036c1cd3c3","local_time":"20201225233310","is_ascension_mode":true,"campfire_choices":[{"data":"Coolheaded","floor":6.0,"key":"SMITH"},{"data":"Zap","floor":13.0,"key":"SMITH"},{"data":"Rainbow","floor":15.0,"key":"SMITH"},{"data":"Darkness","floor":24.0,"key":"SMITH"},{"data":"Redo","floor":27.0,"key":"SMITH"},{"floor":29,"key":"REST"},{"data":"Echo Form","floor":32,"key":"SMITH"},{"floor":41,"key":"REST"},{"floor":47,"key":"REST"},{"floor":49,"key":"REST"}],"circlet_count":0,"master_deck":["Strike_B","Strike_B","Defend_B","Defend_B","Defend_B+1","Zap+1","Dualcast","BootSequence","Cold Snap","Beam Cell","Coolheaded+1","Darkness","Beam Cell","Rainbow+1","Biased Cognition","Darkness+1","Redo+1","Static Discharge+1","Thunder Strike","Loop","Echo Form+1","Rainbow","Gash","Double Energy+1","Biased Cognition","Stack+1","Redo+1","Flash of Steel","Capacitor+1","Melter+1","Conserve Battery","Fission"],"relics":["Cracked Core","FossilizedHelix","Mango","Old Coin","Incense Burner","Matryoshka","Calipers","Inserter","Orichalcum","StoneCalendar","The Courier","Tiny Chest","Black Star","War Paint","MealTicket","Frozen Egg 2","Centennial Puzzle","Pear","CaptainsWheel"],"acts_visited":["Exordium","TheCity","TheBeyond"],"potions_floor_usage":[50,50],"damage_taken":[{"damage":0.0,"enemies":"Cultist","floor":1.0,"turns":5.0},{"damage":0.0,"enemies":"2 Louse","floor":2.0,"turns":2.0},{"damage":0.0,"enemies":"Small Slimes","floor":4.0,"turns":3.0},{"damage":0.0,"enemies":"2 Fungi Beasts","floor":5.0,"turns":3.0},{"damage":0.0,"enemies":"Gremlin Nob","floor":8.0,"turns":3.0},{"damage":12.0,"enemies":"3 Sentries","floor":11.0,"turns":10.0},{"damage":0.0,"enemies":"3 Louse","floor":12.0,"turns":4.0},{"damage":34.0,"enemies":"The Guardian","floor":16.0,"turns":13.0},{"damage":5.0,"enemies":"2 Thieves","floor":18.0,"turns":3.0},{"damage":0.0,"enemies":"3 Byrds","floor":19.0,"turns":4.0},{"damage":0.0,"enemies":"Snake Plant","floor":20.0,"turns":4.0},{"damage":17.0,"enemies":"Shelled Parasite and Fungi","floor":22.0,"turns":6.0},{"damage":17.0,"enemies":"Book of Stabbing","floor":23.0,"turns":6.0},{"damage":6.0,"enemies":"Gremlin Leader","floor":25.0,"turns":12.0},{"damage":24,"enemies":"3 Cultists","floor":28,"turns":6},{"damage":31,"enemies":"Champ","floor":33,"turns":9},{"damage":28,"enemies":"Orb Walker","floor":35,"turns":5},{"damage":20,"enemies":"3 Darklings","floor":36,"turns":7},{"damage":19,"enemies":"Nemesis","floor":40,"turns":7},{"damage":70,"enemies":"Writhing Mass","floor":44,"turns":5},{"damage":16,"enemies":"Spire Growth","floor":45,"turns":6},{"damage":42,"enemies":"2 Orb Walkers","floor":46,"turns":7},{"damage":11,"enemies":"3 Darklings","floor":48,"turns":5},{"damage":72,"enemies":"Donu and Deca","floor":50,"turns":11}],"seed_played":"-8336632245490501020","potions_obtained":[{"floor":4.0,"key":"AttackPotion"},{"floor":16.0,"key":"LiquidMemories"},{"floor":20.0,"key":"FairyPotion"},{"floor":22.0,"key":"Block Potion"},{"floor":33,"key":"Dexterity Potion"},{"floor":40,"key":"PowerPotion"},{"floor":46,"key":"Ancient Potion"}],"is_trial":false,"path_per_floor":["M","M","?","M","M","R","?","E","T","?","E","M","R","$","R","B",null,"M","M","M","$","M","E","R","E","T","R","M","R","$","?","R","B",null,"M","M","?","?","T","E","R","$","T","M","M","?","R","M","R","B"],"character_chosen":"DEFECT","items_purchased":["Rainbow","FocusPotion","Thunder Strike","Loop","Capacitor+1","FairyPotion"],"campfire_rested":4,"item_purchase_floors":[14,14,21,21,42,42],"current_hp_per_floor":[75,75,86,86,86,86,86,86,86,86,74,74,74,74,74,40,89,84,84,84,84,67,50,50,44,44,44,20,46,46,46,46,15,89,61,41,41,41,41,22,47,62,72,2,28,27,55,44,72,0,0],"gold":114,"neow_bonus":"ONE_RARE_RELIC","is_daily":false,"chose_seed":false,"campfire_upgraded":6,"win_rate":0.0,"timestamp":1608906790,"path_taken":["M","M","?","M","M","R","?","E","T","?","E","M","R","$","R","BOSS","M","M","M","?","M","E","R","E","T","R","M","R","$","?","R","BOSS","M","M","?","?","?","E","R","$","T","?","M","?","R","M","R","BOSS"],"items_purchased_type":["Card","Potion","Card","Card","Card","Potion"],"build_version":"2020-12-22","purchased_purges":3,"victory":false,"max_hp_per_floor":[75,75,89,89,89,89,89,89,89,89,89,89,89,89,89,89,89,89,89,89,89,89,89,89,89,89,89,89,89,89,89,89,89,89,89,89,85,85,85,85,85,85,95,95,95,95,95,95,95,95,95],"card_choices":[{"not_picked":["Barrage","Beam Cell"],"picked":"BootSequence","floor":1.0},{"not_picked":["Sweeping Beam","Beam Cell"],"picked":"Cold Snap","floor":2.0},{"not_picked":["Redo","Go for the Eyes"],"picked":"Beam Cell","floor":4.0},{"not_picked":["Barrage","Consume"],"picked":"Coolheaded","floor":5.0},{"not_picked":["Hologram","Sweeping Beam"],"picked":"Darkness","floor":8.0},{"not_picked":["Biased Cognition","Cold Snap"],"picked":"Beam Cell","floor":11.0},{"not_picked":["Rebound","Compile Driver","Cold Snap"],"picked":"SKIP","floor":12.0},{"not_picked":["Reboot","Electrodynamics"],"picked":"Biased Cognition","floor":16.0},{"not_picked":["Doom and Gloom","Cold Snap+1"],"picked":"Darkness","floor":18.0},{"not_picked":["Glacier","White Noise"],"picked":"Redo","floor":19.0},{"not_picked":["Melter","Streamline+1"],"picked":"Static Discharge+1","floor":20.0},{"not_picked":["Steam","Genetic Algorithm+1"],"picked":"Echo Form","floor":22.0},{"not_picked":["Lockon","Melter"],"picked":"Rainbow","floor":23.0},{"not_picked":["Cold Snap","Reboot"],"picked":"Gash","floor":25.0},{"not_picked":["Ball Lightning","Coolheaded+1"],"picked":"Double Energy","floor":28},{"not_picked":["Thunder Strike","Machine Learning"],"picked":"Biased Cognition","floor":33},{"not_picked":["Rebound+1","Go for the Eyes+1"],"picked":"Stack+1","floor":35},{"not_picked":["Gash","Genetic Algorithm"],"picked":"Redo+1","floor":36},{"not_picked":["Mayhem","Violence"],"picked":"Flash of Steel","floor":38},{"not_picked":["Coolheaded+1","Ball Lightning+1","Hologram"],"picked":"SKIP","floor":40},{"not_picked":["Chaos+1","White Noise","Ball Lightning+1"],"picked":"SKIP","floor":44},{"not_picked":["Stack+1","Capacitor+1"],"picked":"Melter+1","floor":45},{"not_picked":["Compile Driver+1","Leap"],"picked":"Conserve Battery","floor":46},{"not_picked":["Streamline","Go for the Eyes"],"picked":"Fission","floor":48}],"player_experience":53551,"relics_obtained":[{"floor":8.0,"key":"Old Coin"},{"floor":9.0,"key":"Incense Burner"},{"floor":11.0,"key":"Calipers"},{"floor":23.0,"key":"Orichalcum"},{"floor":25.0,"key":"StoneCalendar"},{"floor":26.0,"key":"The Courier"},{"floor":26.0,"key":"Tiny Chest"},{"floor":39,"key":"War Paint"},{"floor":39,"key":"MealTicket"},{"floor":40,"key":"Frozen Egg 2"},{"floor":40,"key":"Centennial Puzzle"},{"floor":43,"key":"Pear"},{"floor":46,"key":"CaptainsWheel"}],"event_choices":[{"damage_healed":0.0,"max_hp_gain":0.0,"max_hp_loss":0.0,"gold_gain":0.0,"event_name":"Scrap Ooze","player_choice":"Success","floor":3.0,"gold_loss":0.0,"damage_taken":3.0,"relics_obtained":["Mango"]},{"cards_removed":["Strike_B"],"damage_healed":0.0,"max_hp_gain":0.0,"max_hp_loss":0.0,"gold_gain":0.0,"event_name":"The Cleric","player_choice":"Card Removal","floor":7.0,"gold_loss":50.0,"damage_taken":0.0},{"damage_healed":0.0,"max_hp_gain":0.0,"max_hp_loss":0.0,"gold_gain":0.0,"event_name":"WeMeetAgain","player_choice":"Paid Gold","floor":10.0,"gold_loss":67.0,"damage_taken":0.0,"relics_obtained":["Matryoshka"]},{"damage_healed":0,"gold_gain":0,"player_choice":"Ignored","damage_taken":0,"max_hp_gain":0,"max_hp_loss":0,"event_name":"Vampires","floor":31,"gold_loss":0},{"damage_healed":0,"gold_gain":0,"player_choice":"Max HP","damage_taken":0,"max_hp_gain":0,"max_hp_loss":4,"event_name":"Winding Halls","floor":37,"gold_loss":0},{"damage_healed":0,"gold_gain":0,"player_choice":"Memory 1","damage_taken":0,"max_hp_gain":0,"max_hp_loss":0,"event_name":"SensoryStone","floor":38,"gold_loss":0},{"damage_healed":0,"gold_gain":0,"player_choice":"Fight","damage_taken":0,"max_hp_gain":0,"max_hp_loss":0,"event_name":"Mysterious Sphere","floor":46,"gold_loss":0}],"is_beta":false,"boss_relics":[{"not_picked":["Ectoplasm","Sozu"],"picked":"Inserter"},{"not_picked":["Tiny House","SacredBark"],"picked":"Black Star"}],"items_purged_floors":[14,30,42],"is_endless":false,"potions_floor_spawned":[4,16,20,22,23,33,40,44,46],"killed_by":"Donu and Deca","ascension_level":1}}