{"host":"1bmpebsu0h6jmm2g","time":1608895679,"event":{"mods":["BaseMod","Colored Map","DeckTracker","Highlight Path","Keyboard Shortcuts","Minty Spire (QoL Compilation)","Permanent Neow","Quick Restart","Relic Stats","Slay the Relics Exporter","StSLib","SuperFastMode"],"gold_per_floor":[115,125,50,50,67,102,102,133,156,168,168,168,168,180,180,257,257,275,285,304,33,33,33],"floor_reached":22,"playtime":545,"items_purged":["Strike_G","Defend_G"],"score":392,"play_id":"5fa6bae2-cc93-47f9-88d6-fb58c32cfc87","local_time":"20201225202759","is_ascension_mode":true,"campfire_choices":[{"data":"Infinite Blades","floor":7.0,"key":"SMITH"},{"floor":13.0,"key":"REST"},{"floor":15.0,"key":"REST"}],"circlet_count":0,"master_deck":["AscendersBane","Strike_G","Strike_G","Strike_G","Defend_G","Defend_G","Defend_G","Survivor","Neutralize","Terror","Blade Dance+1","Infinite Blades+1","After Image","Blur","Escape Plan","Calculated Gamble","Blade Dance"],"relics":["Ring of the Snake","NeowsBlessing","Tiny Chest","Oddly Smooth Stone","Dream Catcher","Empty Cage","OrangePellets"],"acts_visited":["TheCity"],"potions_floor_usage":[20,20,20,22],"damage_taken":[{"damage":0.0,"enemies":"Jaw Worm","floor":1.0,"turns":1.0},{"damage":0.0,"enemies":"2 Louse","floor":2.0,"turns":1.0},{"damage":0.0,"enemies":"Small Slimes","floor":5.0,"turns":1.0},{"damage":15.0,"enemies":"Lagavulin","floor":6.0,"turns":7.0},{"damage":40.0,"enemies":"3 Sentries","floor":8.0,"turns":11.0},{"damage":2.0,"enemies":"Blue Slaver","floor":10.0,"turns":4.0},{"damage":0.0,"enemies":"Large Slime","floor":14.0,"turns":5.0},{"damage":10.0,"enemies":"Slime Boss","floor":16.0,"turns":13.0},{"damage":7.0,"enemies":"3 Byrds","floor":18.0,"turns":8.0},{"damage":12.0,"enemies":"Shell Parasite","floor":19.0,"turns":5.0},{"damage":27,"enemies":"Cultist and Chosen","floor":20,"turns":8},{"damage":13,"enemies":"3 Cultists","floor":22,"turns":4}],"seed_played":"6742841491069980470","potions_obtained":[{"floor":1.0,"key":"LiquidBronze"},{"floor":2.0,"key":"SteroidPotion"},{"floor":14.0,"key":"Ancient Potion"},{"floor":18.0,"key":"EntropicBrew"},{"floor":19.0,"key":"Swift Potion"}],"is_trial":false,"path_per_floor":["M","M","$","?","M","E","R","E","T","M","?","?","R","M","R","B",null,"M","M","M","$","M"],"character_chosen":"THE_SILENT","items_purchased":["OrangePellets"],"campfire_rested":2,"item_purchase_floors":[21],"current_hp_per_floor":[59,59,59,59,59,44,44,4,4,2,2,2,21,21,40,30,57,50,38,11,11,0,0],"gold":33,"neow_bonus":"THREE_ENEMY_KILL","is_daily":false,"chose_seed":false,"campfire_upgraded":1,"win_rate":0.0,"timestamp":1608895679,"path_taken":["M","M","$","?","M","E","R","E","T","M","?","?","R","M","R","BOSS","M","M","M","$","M"],"items_purchased_type":["Relic"],"build_version":"2020-12-22","purchased_purges":2,"victory":false,"max_hp_per_floor":[66,66,66,66,66,66,66,66,66,66,66,66,66,66,66,66,66,66,66,66,66,66,66],"relic_stats":{"OrangePellets":[0],"Dream Catcher":2,"counters":[12,68],"Tiny Chest":0,"obtain_stats":[{"OrangePellets":21,"Dream Catcher":9,"NeowsBlessing":0,"Oddly Smooth Stone":8,"Tiny Chest":6,"Empty Cage":17,"Ring of the Snake":0},{"OrangePellets":11,"Dream Catcher":5,"NeowsBlessing":0,"Oddly Smooth Stone":5,"Tiny Chest":4,"Empty Cage":8,"Ring of the Snake":0},{"OrangePellets":64,"Dream Catcher":21,"NeowsBlessing":0,"Oddly Smooth Stone":21,"Tiny Chest":10,"Empty Cage":43,"Ring of the Snake":0}],"Ring of the Snake":[24]},"card_choices":[{"not_picked":["Dash","Cloak And Dagger"],"picked":"Terror","floor":1.0},{"not_picked":["Poisoned Stab","Setup"],"picked":"Blade Dance","floor":2.0},{"not_picked":["Prepared","Caltrops","Flying Knee"],"picked":"SKIP","floor":5.0},{"not_picked":["Concentrate","Prepared"],"picked":"Infinite Blades","floor":6.0},{"not_picked":["Quick Slash","Sucker Punch","Flying Knee"],"picked":"SKIP","floor":8.0},{"not_picked":["Masterful Stab","Poisoned Stab"],"picked":"After Image","floor":10.0},{"not_picked":["Poisoned Stab","Slice"],"picked":"Blur","floor":13.0},{"not_picked":["Eviscerate","Concentrate","Dagger Spray"],"picked":"SKIP","floor":14.0},{"not_picked":["Acrobatics","Deflect"],"picked":"Escape Plan","floor":15.0},{"not_picked":["Dodge and Roll","Deflect+1"],"picked":"Calculated Gamble","floor":18.0},{"not_picked":["All Out Attack","Cloak And Dagger"],"picked":"Blade Dance","floor":19.0},{"not_picked":["Deadly Poison","Prepared","Riddle With Holes+1"],"picked":"SKIP","floor":20}],"player_experience":476883,"relics_obtained":[{"floor":6.0,"key":"Tiny Chest"},{"floor":8.0,"key":"Oddly Smooth Stone"},{"floor":9.0,"key":"Dream Catcher"}],"event_choices":[{"damage_healed":0.0,"max_hp_gain":0.0,"max_hp_loss":0.0,"gold_gain":0.0,"event_name":"Living Wall","player_choice":"Grow","floor":4.0,"gold_loss":0.0,"damage_taken":0.0,"cards_upgraded":["Blade Dance"]},{"damage_healed":0.0,"max_hp_gain":0.0,"max_hp_loss":0.0,"gold_gain":0.0,"event_name":"Liars Game","player_choice":"Ignored","floor":11.0,"gold_loss":0.0,"damage_taken":0.0},{"damage_healed":0.0,"max_hp_gain":0.0,"max_hp_loss":0.0,"gold_gain":0.0,"event_name":"Golden Wing","player_choice":"Ignored","floor":12.0,"gold_loss":0.0,"damage_taken":0.0}],"is_beta":false,"boss_relics":[{"not_picked":["Calling Bell","Sozu"],"picked":"Empty Cage"}],"items_purged_floors":[3,21],"is_endless":false,"potions_floor_spawned":[1,2,14,18,19],"killed_by":"3 Cultists","ascension_level":20}}