{"host":"rwzz6mk6bpmb57ql","time":1608861327,"event":{"mods":["AchievementEnabler","BaseMod","BetterRewards","Colored Map","Highlight Path","Hubris","Minty Spire (QoL Compilation)","Replay The Spire","StSLib"],"gold_per_floor":[6615,6625,6645,6645,6655,6655,6665,6699,6725,6725,6756,6756,6771,6771,6771,6870,6870,6884,6884,5963,5973,5985,6019,6019,6045,6045,6059,6059,6159,5499,5568,5568,5642,5642,5658,5672,5354,5373,5390,5418,5418,5451,5476,5501,5501,5501,5120,5139,5139,5139,5139,5139,5100,5127,5127],"floor_reached":56,"playtime":2926,"items_purged":["Defend_G","Infinite Blades","Defend_G","Defend_G"],"score":2134,"play_id":"078970fe-55c6-4733-adfd-60f91762fc5d","local_time":"20201224195527","is_ascension_mode":true,"campfire_choices":[{"floor":6,"key":"RECALL"},{"data":"ReplayTheSpireMod:Scrap Shanks","floor":10,"key":"SMITH"},{"data":"ReplayTheSpireMod:Shiv Toss","floor":12,"key":"SMITH"},{"floor":15,"key":"REST"},{"floor":24,"key":"REST"},{"data":"Tools of the Trade","floor":28,"key":"SMITH"},{"floor":32,"key":"REST"},{"data":"Storm of Steel","floor":41,"key":"SMITH"},{"data":"Accuracy","floor":46,"key":"SMITH"},{"data":"Hidden Blade","floor":49,"key":"SMITH"},{"data":"Hidden Blade","floor":52,"key":"SMITH"}],"circlet_count":0,"master_deck":["AscendersBane","Adrenaline+1","Strike_G","Strike_G+1","Strike_G","Strike_G","Strike_G","Defend_G","Defend_G+1","Survivor","Neutralize+1","ReplayTheSpireMod:Shiv Toss+1","Backstab","ReplayTheSpireMod:Scrap Shanks+1","Prepared","Blade Dance","Accuracy+1","Tools of the Trade+1","Hidden Blade+1","Hidden Blade","Hidden Blade+1","Accuracy+1","Storm of Steel+1"],"relics":["Ring of the Snake","Potion Belt","Matryoshka","ReplayFunnel","Nunchaku","Tiny Chest","hubris:TerracottaHorce","Counterbalance","OrangePellets","ReplayTheSpireMod:Shallot","Gremlin Food","Ginger","hubris:SphereOfDissonance","Calipers","hubris:PeanutButter","hubris:Metronome","hubris:TenFootPole","hubris:DisguiseKit","Snecko Scales","Membership Card","Whetstone","Golden Egg","Oddly Smooth Stone","Replay:Baseball","Orichalcum","Garlic","Blood Vial","Lee\u0027s Waffle","Snake Skull"],"acts_visited":["Exordium","TheCity","TheBeyond","TheEnding"],"potions_floor_usage":[7,8,11,21,22,22,27,29,30,33,33,33,39,45,48,50,55,55,55,55,55],"damage_taken":[{"damage":10,"enemies":"Cultist","floor":1,"turns":5},{"damage":8,"enemies":"Jaw Worm","floor":2,"turns":6},{"damage":6,"enemies":"2 Louse","floor":3,"turns":3},{"damage":14,"enemies":"Blue Slaver","floor":5,"turns":4},{"damage":8,"enemies":"Exordium Thugs","floor":7,"turns":5},{"damage":28,"enemies":"3 Sentries","floor":8,"turns":10},{"damage":24,"enemies":"Gremlin Nob","floor":11,"turns":4},{"damage":5,"enemies":"3 Louse","floor":13,"turns":3},{"damage":0,"enemies":"Fading Forest","floor":16,"turns":3},{"damage":13,"enemies":"Shell Parasite","floor":18,"turns":4},{"damage":0,"enemies":"3 Byrds","floor":21,"turns":3},{"damage":9,"enemies":"Snake Plant","floor":22,"turns":3},{"damage":9,"enemies":"Book of Stabbing","floor":23,"turns":4},{"damage":29,"enemies":"Slavers","floor":25,"turns":3},{"damage":0,"enemies":"Centurion and Healer","floor":27,"turns":3},{"damage":11,"enemies":"Colosseum Slavers","floor":29,"turns":2},{"damage":4,"enemies":"Colosseum Nobs","floor":29,"turns":2},{"damage":2,"enemies":"Automaton","floor":33,"turns":4},{"damage":0,"enemies":"3 Darklings","floor":35,"turns":2},{"damage":0,"enemies":"3 Shapes","floor":36,"turns":1},{"damage":0,"enemies":"Maw","floor":38,"turns":1},{"damage":9,"enemies":"Writhing Mass","floor":39,"turns":2},{"damage":0,"enemies":"R_Hoarder","floor":40,"turns":2},{"damage":0,"enemies":"Giant Head","floor":42,"turns":2},{"damage":0,"enemies":"Nemesis","floor":44,"turns":3},{"damage":0,"enemies":"3 Darklings","floor":45,"turns":1},{"damage":0,"enemies":"Spire Growth","floor":48,"turns":2},{"damage":0,"enemies":"Replay:Hell Engine","floor":50,"turns":2},{"damage":0,"enemies":"Shield and Spear","floor":54,"turns":2},{"damage":34,"enemies":"The Heart","floor":55,"turns":4}],"seed_played":"1355142138017613269","potions_obtained":[{"floor":3,"key":"AttackPotion"},{"floor":5,"key":"SkillPotion"},{"floor":8,"key":"Regen Potion"},{"floor":16,"key":"DistilledChaos"},{"floor":21,"key":"LifebloodPotion"},{"floor":25,"key":"AttackPotion"},{"floor":27,"key":"PowerPotion"},{"floor":38,"key":"FearPotion"},{"floor":39,"key":"ColorlessPotion"},{"floor":42,"key":"SmokeBomb"},{"floor":48,"key":"DistilledChaos"}],"is_trial":false,"path_per_floor":["M","M","M","?","M","R","M","E","T","R","E","R","M","?","R","B",null,"M","?","$","M","M","E","R","E","T","M","R","?","$","T","R","B",null,"M","M","$","M","M","E","R","E","T","E","M","R","$","M","R","B",null,"R","$","E","B",null],"character_chosen":"THE_SILENT","items_purchased":["Counterbalance","OrangePellets","ReplayTheSpireMod:Shallot","Explosive Potion","Energy Potion","Hidden Blade","hubris:Metronome","hubris:TenFootPole","EntropicBrew","Adrenaline Potion","Membership Card","Whetstone","Poison Potion","Garlic","Blood Vial","Lee\u0027s Waffle","Strength Potion","GamblersBrew"],"campfire_rested":3,"item_purchase_floors":[20,20,20,20,20,20,30,30,30,30,37,37,37,47,47,47,47,53],"current_hp_per_floor":[123,115,109,106,92,92,84,56,56,56,44,44,39,39,81,81,125,112,112,112,112,103,94,136,107,107,107,107,92,92,92,134,132,138,138,138,138,138,129,129,129,129,129,129,129,129,147,147,147,147,147,147,147,147,113],"gold":5127,"neow_bonus":"THREE_CARDS","is_daily":false,"chose_seed":false,"campfire_upgraded":7,"win_rate":0.0,"timestamp":1608861327,"path_taken":["M","M","M","?","M","R","M","E","T","R","E","R","M","?","R","BOSS","M","?","$","M","M","E","R","E","T","M","R","?","$","?","R","BOSS","M","M","$","M","M","E","R","E","T","E","M","R","$","M","R","BOSS","R","$","E","BOSS"],"items_purchased_type":["Relic","Relic","Relic","Potion","Potion","Card","Relic","Relic","Potion","Potion","Relic","Relic","Potion","Relic","Relic","Relic","Potion","Potion"],"build_version":"2020-12-22","purchased_purges":4,"victory":true,"max_hp_per_floor":[140,140,140,140,140,140,140,140,140,140,140,140,140,140,140,140,140,140,140,140,140,140,140,140,140,140,140,140,140,140,140,140,140,140,140,140,140,140,140,140,140,140,140,140,140,140,147,147,147,147,147,147,147,147,147],"card_choices":[{"not_picked":["Hidden Blade","Accuracy"],"picked":"ReplayTheSpireMod:Shiv Toss","floor":0},{"not_picked":["Flying Knee","Bouncing Flask","Predator"],"picked":"SKIP","floor":1},{"not_picked":["Underhanded Strike","Acrobatics"],"picked":"Infinite Blades","floor":2},{"not_picked":["Choke","Noxious Fumes","Bane"],"picked":"SKIP","floor":3},{"not_picked":["hubris:SlightOfHand","Outmaneuver"],"picked":"Backstab","floor":5},{"not_picked":["Bane","Malaise"],"picked":"ReplayTheSpireMod:Scrap Shanks","floor":7},{"not_picked":["Bane","Choke"],"picked":"Prepared","floor":8},{"not_picked":["Deadly Poison","Blur"],"picked":"Blade Dance","floor":11},{"not_picked":["Toxin Wave","Backflip"],"picked":"Accuracy","floor":13},{"not_picked":["Grand Finale","Bullet Time"],"picked":"Tools of the Trade","floor":16},{"not_picked":["Backflip","Riddle With Holes"],"picked":"Hidden Blade","floor":18},{"not_picked":["Slice","Fluid Movement","Sucker Punch"],"picked":"SKIP","floor":21},{"not_picked":["Flechettes","Hidden Blade","Masterful Stab"],"picked":"SKIP","floor":22},{"not_picked":["Dodge and Roll","Toxin Wave","Masterful Stab"],"picked":"SKIP","floor":23},{"not_picked":["Escape Plan+1","Outmaneuver+1"],"picked":"Accuracy","floor":25},{"not_picked":["Bane","Tactician","Prepared"],"picked":"SKIP","floor":27},{"not_picked":["After Image","ReplayTheSpireMod:From All Sides","Corruption"],"picked":"Storm of Steel","floor":33},{"not_picked":["Choke","Poisoned Stab","PiercingWail","Clothesline"],"picked":"SKIP","floor":35},{"not_picked":["Sneak Up","Fluid Movement","Acrobatics","Anger"],"picked":"SKIP","floor":36},{"not_picked":["Underhanded Strike","Dagger Spray+1","Die Die Die","Sword Boomerang"],"picked":"SKIP","floor":38},{"not_picked":["hubris:SlightOfHand","Replay:Poison Smokescreen","Finisher","Warcry"],"picked":"SKIP","floor":39},{"not_picked":["Prepared","Catalyst","Quick Slash","Rage"],"picked":"SKIP","floor":40},{"not_picked":["Die Die Die","Dash","Prepared","Battle Trance"],"picked":"SKIP","floor":42},{"not_picked":["Slice","Accuracy+1","Blur+1","Metallicize"],"picked":"SKIP","floor":44},{"not_picked":["Prepared","Setup","Dagger Throw","Perfected Strike"],"picked":"SKIP","floor":48},{"not_picked":["hubris:Sniper","hubris:SlightOfHand+1","Skewer","Twin Strike"],"picked":"SKIP","floor":54}],"player_experience":150906,"relics_obtained":[{"floor":8,"key":"ReplayFunnel"},{"floor":9,"key":"Nunchaku"},{"floor":11,"key":"Tiny Chest"},{"floor":23,"key":"Gremlin Food"},{"floor":25,"key":"Ginger"},{"floor":26,"key":"hubris:SphereOfDissonance"},{"floor":29,"key":"Calipers"},{"floor":29,"key":"hubris:PeanutButter"},{"floor":31,"key":"hubris:DisguiseKit"},{"floor":40,"key":"Golden Egg"},{"floor":42,"key":"Oddly Smooth Stone"},{"floor":43,"key":"Replay:Baseball"},{"floor":44,"key":"Orichalcum"},{"floor":54,"key":"Snake Skull"}],"event_choices":[{"damage_healed":0,"gold_gain":0,"player_choice":"Success","damage_taken":3,"relics_obtained":["Matryoshka"],"max_hp_gain":0,"max_hp_loss":0,"event_name":"Scrap Ooze","floor":4,"gold_loss":0},{"damage_healed":0,"gold_gain":0,"player_choice":"Fight","damage_taken":0,"max_hp_gain":0,"max_hp_loss":0,"event_name":"Colosseum","floor":29,"gold_loss":0},{"damage_healed":0,"gold_gain":0,"player_choice":"Fought Nobs","damage_taken":0,"max_hp_gain":0,"max_hp_loss":0,"event_name":"Colosseum","floor":29,"gold_loss":0}],"is_beta":false,"boss_relics":[{"not_picked":["Replay:Drink Me","hubris:BlackHole"],"picked":"hubris:TerracottaHorce"},{"not_picked":["SlaversCollar","Painkiller Herb"],"picked":"Snecko Scales"}],"items_purged_floors":[20,30,37,47],"is_endless":false,"potions_floor_spawned":[3,5,8,16,21,25,27,38,39,42,48],"ascension_level":15}}