{"host":"w01zow3jg16g8jdh","time":1608914779,"event":{"mods":["AchievementEnabler","BaseMod","DeckTracker","Keyboard Shortcuts","Minty Spire (QoL Compilation)","Permanent Neow","StSLib","SuperFastMode"],"gold_per_floor":[109,128,146,221,235,235,267,267,267,277,312,322,322,334,334,409,409,419,439,141,141,141],"floor_reached":21,"playtime":310,"items_purged":["Strike_R"],"score":386,"play_id":"cda41e5f-4ec2-4e05-a49b-a3d6fb2bdcd8","local_time":"20201226014619","is_ascension_mode":true,"campfire_choices":[{"data":"Immolate","floor":8.0,"key":"SMITH"},{"data":"Bash","floor":13.0,"key":"SMITH"},{"data":"Fire Breathing","floor":15.0,"key":"SMITH"}],"circlet_count":0,"master_deck":["AscendersBane","Strike_R","Strike_R","Strike_R","Defend_R","Defend_R","Defend_R","Defend_R","Bash+1","Pommel Strike","Carnage+1","Seeing Red","Immolate+1","Body Slam+1","Feed+1","Fire Breathing+1","Shrug It Off"],"relics":["Burning Blood","Turnip","Molten Egg 2","Question Card","Black Star","Red Skull"],"acts_visited":["Exordium","TheCity"],"potions_floor_usage":[16],"damage_taken":[{"damage":14.0,"enemies":"Jaw Worm","floor":1.0,"turns":3.0},{"damage":6.0,"enemies":"Cultist","floor":2.0,"turns":3.0},{"damage":0.0,"enemies":"Small Slimes","floor":3.0,"turns":3.0},{"damage":11.0,"enemies":"Looter","floor":5.0,"turns":2.0},{"damage":31.0,"enemies":"Gremlin Nob","floor":7.0,"turns":4.0},{"damage":2.0,"enemies":"Large Slime","floor":10.0,"turns":3.0},{"damage":25.0,"enemies":"Lagavulin","floor":11.0,"turns":4.0},{"damage":0.0,"enemies":"Exordium Wildlife","floor":12.0,"turns":2.0},{"damage":3.0,"enemies":"Blue Slaver","floor":14.0,"turns":2.0},{"damage":31,"enemies":"Hexaghost","floor":16,"turns":9},{"damage":48,"enemies":"Shell Parasite","floor":18,"turns":5},{"damage":14,"enemies":"3 Byrds","floor":19,"turns":4},{"damage":11,"enemies":"Shelled Parasite and Fungi","floor":21,"turns":1}],"seed_played":"-3378012571680152672","potions_obtained":[{"floor":1.0,"key":"ColorlessPotion"},{"floor":10.0,"key":"FairyPotion"},{"floor":11.0,"key":"Dexterity Potion"}],"is_trial":false,"path_per_floor":["M","M","M","?","M","?","E","R","T","M","E","M","R","M","R","B",null,"M","M","$","M"],"character_chosen":"IRONCLAD","items_purchased":["Red Skull","Shrug It Off"],"campfire_rested":0,"item_purchase_floors":[20,20],"current_hp_per_floor":[60,60,66,55,50,50,25,25,25,29,10,16,16,19,19,16,60,18,10,10,0,0],"gold":141,"neow_bonus":"REMOVE_CARD","is_daily":false,"chose_seed":false,"campfire_upgraded":3,"win_rate":0.0,"timestamp":1608914779,"path_taken":["M","M","M","?","M","?","E","R","T","?","E","M","R","M","R","BOSS","M","M","$","M"],"items_purchased_type":["Relic","Card"],"build_version":"2020-12-22","purchased_purges":1,"victory":false,"max_hp_per_floor":[75,75,75,75,75,75,75,75,75,75,75,75,75,75,75,75,75,75,75,75,75,75],"card_choices":[{"not_picked":["Dark Embrace","Havoc"],"picked":"Pommel Strike","floor":1.0},{"not_picked":["Flex","Perfected Strike"],"picked":"Carnage","floor":2.0},{"not_picked":["Heavy Blade","Anger"],"picked":"Seeing Red","floor":3.0},{"not_picked":["Seeing Red","Clothesline","Cleave"],"picked":"SKIP","floor":5.0},{"not_picked":["Searing Blow","Thunderclap"],"picked":"Immolate","floor":7.0},{"not_picked":["Perfected Strike+1","Whirlwind+1","Clash+1"],"picked":"SKIP","floor":10.0},{"not_picked":["Twin Strike+1","Evolve"],"picked":"Body Slam+1","floor":11.0},{"not_picked":["Iron Wave+1","Perfected Strike+1","Sword Boomerang+1"],"picked":"Feed+1","floor":12.0},{"not_picked":["Perfected Strike+1","Sword Boomerang+1","True Grit"],"picked":"Fire Breathing","floor":14.0},{"not_picked":["Clothesline+1","Carnage+1","Armaments","Cleave+1"],"picked":"SKIP","floor":18},{"not_picked":["Reckless Charge+1","Clothesline+1","Body Slam+1","Clash+1"],"picked":"SKIP","floor":19}],"player_experience":293740,"relics_obtained":[{"floor":7.0,"key":"Turnip"},{"floor":9.0,"key":"Molten Egg 2"},{"floor":11.0,"key":"Question Card"}],"event_choices":[{"damage_healed":0.0,"max_hp_gain":0.0,"max_hp_loss":0.0,"gold_gain":75.0,"event_name":"World of Goop","player_choice":"Gather Gold","floor":4.0,"gold_loss":0.0,"damage_taken":11.0},{"damage_healed":0.0,"max_hp_gain":0.0,"max_hp_loss":0.0,"gold_gain":0.0,"event_name":"Accursed Blacksmith","player_choice":"Forge","floor":6.0,"gold_loss":0.0,"damage_taken":0.0,"cards_upgraded":["Carnage"]}],"is_beta":false,"boss_relics":[{"not_picked":["Runic Dome","SacredBark"],"picked":"Black Star"}],"items_purged_floors":[20],"is_endless":false,"potions_floor_spawned":[1,10,11,14],"killed_by":"Shelled Parasite and Fungi","ascension_level":20}}