{"host":"7o30bgpqouqblh42","time":1608937715,"event":{"mods":["AchievementEnabler","Aspiration","BaseMod","Colored Map","Downfall","Highlight Path","Minty Spire (QoL Compilation)","StSLib","SuperFastMode"],"gold_per_floor":[349,364,384,384,91,122,122,149,220,233,83,43,43,62,82,185,185,185,201,201,214,232,232,232,232,332,31,31,31,31],"floor_reached":28,"playtime":2024,"items_purged":["hexamod:Defend","hexamod:Strike"],"score":304,"play_id":"1d57177d-af09-4478-8eef-e6792f640dac","local_time":"20201225180835","is_ascension_mode":true,"campfire_choices":[{"floor":1,"key":"RECALL"},{"data":"hexamod:SpectersWail","floor":11,"key":"SMITH"},{"data":"hexamod:SkipABeat","floor":13,"key":"SMITH"},{"data":"hexamod:VolcanoVisage","floor":18,"key":"SMITH"},{"data":"hexamod:UnlimitedPower","floor":23,"key":"SMITH"}],"circlet_count":0,"master_deck":["hexamod:Strike","hexamod:Strike","hexamod:Strike","hexamod:Defend","hexamod:Defend","hexamod:Defend","hexamod:Sear","hexamod:Float","hexamod:Hexaguard","hexamod:SpectersWail+1","hexamod:RecurringNightmare","hexamod:TimeWarp","hexamod:Hexaguard","hexamod:RainOfEmbers","hexamod:NightmareStrike","hexamod:HeatMetal","hexamod:SkipABeat+1","hexamod:RainOfEmbers","hexamod:SkipABeat","hexamod:VolcanoVisage+1","hexamod:PhantomFireball","hexamod:UnlimitedPower+1","hexamod:SecondSeal","hexamod:FlamesFromBeyond","hexamod:Haunt"],"relics":["hexamod:SpiritBrand","downfall:ShatteredFragment","hexamod:InflammatoryLetter","aspiration:ChemicalBlood","aspiration:StickyExplosives_weak","downfall:HeartBlessingRed","downfall:HeartBlessingBlue","expansioncontent:StudyCardRelic","Bottled Lightning","Incense Burner","Mummified Hand","Happy Flower"],"acts_visited":["Exordium","TheCity"],"potions_floor_usage":[16,19,22,26,28,28],"damage_taken":[{"damage":0,"enemies":"Cultist","floor":2,"turns":3},{"damage":1,"enemies":"Jaw Worm","floor":3,"turns":3},{"damage":0,"enemies":"downfall:FleeingMerchant","floor":5,"turns":4},{"damage":0,"enemies":"Lagavulin","floor":6,"turns":4},{"damage":0,"enemies":"3 Sentries","floor":8,"turns":4},{"damage":0,"enemies":"Small Slimes","floor":10,"turns":2},{"damage":0,"enemies":"downfall:FleeingMerchant","floor":12,"turns":4},{"damage":0,"enemies":"2 Fungi Beasts","floor":14,"turns":3},{"damage":4,"enemies":"Exordium Thugs","floor":15,"turns":2},{"damage":22,"enemies":"downfall:Silent","floor":16,"turns":5},{"damage":8,"enemies":"Shell Parasite","floor":19,"turns":4},{"damage":5,"enemies":"3 Byrds","floor":21,"turns":3},{"damage":12,"enemies":"Centurion and Healer","floor":22,"turns":3},{"damage":6,"enemies":"downfall:Ironclad","floor":26,"turns":3},{"damage":3,"enemies":"downfall:FleeingMerchant","floor":27,"turns":4},{"damage":29,"enemies":"Gremlin Leader","floor":28,"turns":3}],"seed_played":"1107738286660616500","potions_obtained":[{"floor":2,"key":"sneckomod:MuddlingPotion"},{"floor":8,"key":"Dexterity Potion"},{"floor":10,"key":"Strength Potion"},{"floor":16,"key":"Fire Potion"},{"floor":21,"key":"CultistPotion"},{"floor":21,"key":"Explosive Potion"},{"floor":22,"key":"SteroidPotion"},{"floor":26,"key":"Swift Potion"}],"is_trial":false,"path_per_floor":["R","M","M","?","$","E","T","E","T","M","R","$","R","M","M","B",null,"R","M","?","M","M","R","T","?","?","$","E"],"character_chosen":"THE_SPIRIT","items_purchased":["Regen Potion","hexamod:TimeWarp","hexamod:Hexaguard","hexamod:RainOfEmbers","hexamod:Haunt","Happy Flower"],"campfire_rested":0,"item_purchase_floors":[5,5,5,12,27,27],"current_hp_per_floor":[63,63,62,41,41,41,41,41,41,41,51,51,51,51,47,39,73,73,65,52,47,35,35,35,35,29,26,0,0,0],"gold":31,"neow_bonus":"TWO_FIFTY_GOLD","is_daily":false,"chose_seed":false,"campfire_upgraded":4,"win_rate":0.0,"timestamp":1608937715,"path_taken":["R","M","?","?","$","E","T","E","?","?","R","?","R","M","M","BOSS","R","M","?","M","M","R","T","?","?","$","E"],"items_purchased_type":["Potion","Card","Card","Card","Card","Relic"],"build_version":"2020-12-22","purchased_purges":2,"victory":false,"max_hp_per_floor":[63,63,63,63,63,63,63,63,63,63,73,73,73,73,73,73,73,73,73,78,78,78,78,78,78,78,78,78,78,78],"card_choices":[{"not_picked":["hexamod:SpectralAdrenaline","hexamod:FastForward"],"picked":"hexamod:Hexaguard","floor":2},{"not_picked":["hexamod:GhostLash","hexamod:NightmareStrike"],"picked":"hexamod:SpectersWail","floor":3},{"not_picked":["hexamod:InspiringFlames","hexamod:FastForward"],"picked":"hexamod:RecurringNightmare","floor":5},{"not_picked":["hexamod:GhostflameBarrier","hexamod:Firestarter"],"picked":"hexamod:RainOfEmbers","floor":6},{"not_picked":["hexamod:SwordOfDarkness","hexamod:Firestarter"],"picked":"hexamod:NightmareStrike","floor":8},{"not_picked":["hexamod:Hexaguard","hexamod:GhostLash"],"picked":"hexamod:HeatMetal","floor":10},{"not_picked":["hexamod:TurnItUp","hexamod:GhostOfSpireFuture"],"picked":"hexamod:SkipABeat","floor":12},{"not_picked":["hexamod:FastForward","hexamod:SoulSteal","hexamod:Firestarter"],"picked":"SKIP","floor":14},{"not_picked":["hexamod:NightmareStrike","hexamod:BacktrackSmack"],"picked":"hexamod:SkipABeat","floor":15},{"not_picked":["hexamod:TimeOfNeed","hexamod:WildfireWeapon"],"picked":"hexamod:VolcanoVisage","floor":16},{"not_picked":["hexamod:SpectersWail","hexamod:BacktrackSmack"],"picked":"hexamod:PhantomFireball","floor":19},{"not_picked":["hexamod:SuperheatedStrike","hexamod:PhantomCloak","hexamod:BacktrackSmack"],"picked":"SKIP","floor":21},{"not_picked":["hexamod:BurningTouch","hexamod:SecondSeal"],"picked":"hexamod:UnlimitedPower","floor":22},{"not_picked":["hexamod:Hexaguard+1","hexamod:RainOfEmbers"],"picked":"hexamod:SecondSeal","floor":26},{"not_picked":["hexamod:RetreatToShadows","hexamod:EmpoweringStance"],"picked":"hexamod:FlamesFromBeyond","floor":27}],"player_experience":162601,"relics_obtained":[{"floor":6,"key":"hexamod:InflammatoryLetter"},{"floor":8,"key":"aspiration:ChemicalBlood"},{"floor":9,"key":"aspiration:StickyExplosives_weak"},{"floor":24,"key":"Bottled Lightning"},{"floor":26,"key":"Incense Burner"},{"floor":26,"key":"Mummified Hand"}],"event_choices":[],"is_beta":false,"boss_relics":[{"not_picked":["Philosopher\u0027s Stone","SlaversCollar"],"picked":"expansioncontent:StudyCardRelic"}],"items_purged_floors":[5,27],"is_endless":false,"potions_floor_spawned":[2,8,10,16,21,22],"killed_by":"Gremlin Leader","ascension_level":2}}