{"host":"vc42n08di9czm3e7","time":1608884051,"event":{"mods":["AchievementEnabler","Act Like it!","BaseMod","Colored Powertips","Downfall","Friendly Minions","GifTheSpireLib","Minty Spire (QoL Compilation)","Rare Cards Sparkle","StSLib"],"gold_per_floor":[99,117,117,136,148,162,189,151,175,203,315,343,255,287,318,433,445,407,437,462,474,503,390,402,289,313,145,158,108,121,121,140,240,240,190,209,228,1,1,14,14,14,27,42,53,67,17,52,66,66],"floor_reached":51,"playtime":3445,"items_purged":["Slimebound:Strike_Slimebound","Slimebound:PressTheAttack"],"score":833,"play_id":"b2966e8f-07e2-4594-a39f-741306310f8a","local_time":"20201225031411","is_ascension_mode":false,"campfire_choices":[{"data":"Slimebound:Split","floor":1,"key":"SMITH"},{"data":"Slimebound:RejuvenatingLick","floor":8,"key":"SMITH"},{"floor":13,"key":"REST"},{"floor":18,"key":"RECALL"},{"data":"Slimebound:RejuvenatingLick","floor":23,"key":"SMITH"},{"data":"Slimebound:MassFeed","floor":25,"key":"SMITH"},{"data":"Slimebound:RejuvenatingLick","floor":29,"key":"SMITH"},{"data":"Slimebound:CheckThePlaybook","floor":35,"key":"SMITH"},{"data":"Slimebound:TongueLash","floor":42,"key":"SMITH"},{"data":"Slimebound:Replication","floor":47,"key":"SMITH"}],"circlet_count":0,"master_deck":["Slimebound:Tackle","Slimebound:Split+1","Slimebound:CorrosiveSpit","Slimebound:GrowthPunch","Slimebound:RejuvenatingLick+1","Slimebound:Equalize","Slimebound:RejuvenatingLick+1","Slimebound:SamplingLick","Slimebound:ProtectTheBoss","Slimebound:LivingWall","Slimebound:SlimeSpikes","Slimebound:RejuvenatingLick+1","Slimebound:MassFeed+1","Slimebound:LeadByExample+1","Slimebound:SamplingLick","Slimebound:SpikyOuterGoop","Slimebound:Replication+1","Slimebound:RejuvenatingLick+1","Flash of Steel","Slimebound:CheckThePlaybook+1","Slimebound:HauntingLick","Slimebound:DisruptingSlam","Slimebound:ViciousTackle","Slimebound:SlimeBrawl","Slimebound:Schlurp+1","Slimebound:FinishingTackle+1","Slimebound:TongueLash+1","Slimebound:SamplingLick","Slimebound:Replication+1","Slimebound:AcidTongue+1","Parasite","Slimebound:RejuvenatingLick","Slimebound:RollThrough+1","Slimebound:SamplingLick+1","Slimebound:RallyTheTroops","Slimebound:MegaLick+1"],"relics":["Slimebound:AbsorbEndCombat","Slimebound:GreedOozeRelic","MawBank","downfall:GremlinWheel","Nunchaku","expansioncontent:StudyCardRelic","downfall:HeartBlessingRed","downfall:HeartBlessingBlue","Pandora\u0027s Box","Slimebound:MaxSlimesRelic","Boot","Lantern"],"acts_visited":["Exordium","TheCity","TheBeyond"],"potions_floor_usage":[6,11,11,20,20,28,33,43],"damage_taken":[{"damage":12,"enemies":"Jaw Worm","floor":2,"turns":4},{"damage":8,"enemies":"Small Slimes","floor":4,"turns":3},{"damage":8,"enemies":"Cultist","floor":5,"turns":3},{"damage":32,"enemies":"Lots of Slimes","floor":6,"turns":4},{"damage":12,"enemies":"3 Louse","floor":9,"turns":3},{"damage":11,"enemies":"Exordium Thugs","floor":10,"turns":4},{"damage":45,"enemies":"Exordium Thugs","floor":11,"turns":5},{"damage":19,"enemies":"Large Slime","floor":12,"turns":3},{"damage":12,"enemies":"Gremlin Gang","floor":14,"turns":4},{"damage":4,"enemies":"3 Louse","floor":15,"turns":3},{"damage":23,"enemies":"downfall:Watcher","floor":16,"turns":11},{"damage":5,"enemies":"Chosen","floor":19,"turns":4},{"damage":8,"enemies":"3 Byrds","floor":20,"turns":4},{"damage":0,"enemies":"Shelled Parasite and Fungi","floor":22,"turns":3},{"damage":16,"enemies":"Centurion and Healer","floor":26,"turns":5},{"damage":8,"enemies":"downfall:FleeingMerchant","floor":27,"turns":4},{"damage":23,"enemies":"Snake Plant","floor":28,"turns":2},{"damage":0,"enemies":"Cultist and Chosen","floor":30,"turns":3},{"damage":8,"enemies":"Centurion and Healer","floor":32,"turns":5},{"damage":82,"enemies":"downfall:Defect","floor":33,"turns":12},{"damage":10,"enemies":"3 Darklings","floor":36,"turns":3},{"damage":18,"enemies":"3 Shapes","floor":37,"turns":3},{"damage":18,"enemies":"downfall:FleeingMerchant","floor":38,"turns":4},{"damage":31,"enemies":"Jaw Worm Horde","floor":40,"turns":4},{"damage":26,"enemies":"Writhing Mass","floor":43,"turns":4},{"damage":44,"enemies":"3 Darklings","floor":44,"turns":3},{"damage":28,"enemies":"Sphere and 2 Shapes","floor":45,"turns":4},{"damage":12,"enemies":"Maw","floor":46,"turns":5},{"damage":4,"enemies":"Giant Head","floor":48,"turns":5},{"damage":51,"enemies":"Writhing Mass","floor":49,"turns":3},{"damage":79,"enemies":"downfall:Ironclad","floor":50,"turns":12}],"seed_played":"-6432032694271939700","potions_obtained":[{"floor":5,"key":"AttackPotion"},{"floor":6,"key":"SteroidPotion"},{"floor":10,"key":"SneckoOil"},{"floor":14,"key":"Swift Potion"},{"floor":15,"key":"Explosive Potion"},{"floor":16,"key":"Block Potion"},{"floor":22,"key":"Strength Potion"},{"floor":26,"key":"Fire Potion"},{"floor":30,"key":"Explosive Potion"},{"floor":40,"key":"SpeedPotion"},{"floor":43,"key":"Strength Potion"}],"is_trial":false,"path_per_floor":["R","M","?","M","M","M","T","R","M","M","?","M","R","M","M","B",null,"R","M","M","?","M","R","T","R","M","$","M","R","M","?","M","B",null,"R","M","M","$","?","M","T","R","M","M","M","M","R","E","M","B",null],"character_chosen":"SLIMEBOUND","items_purchased":["Flash of Steel","Slimebound:MaxSlimesRelic","Slimebound:TongueLash","Slimebound:SamplingLick","Slimebound:Replication"],"campfire_rested":1,"item_purchase_floors":[27,38,38,38,38],"current_hp_per_floor":[66,66,66,66,66,44,44,44,44,53,24,25,44,52,62,66,66,66,66,66,66,66,66,66,76,76,76,65,65,75,75,80,19,84,84,88,86,92,92,85,85,85,91,64,52,84,84,96,69,52],"gold":66,"neow_bonus":"TEN_PERCENT_HP_BONUS","is_daily":false,"chose_seed":false,"campfire_upgraded":8,"win_rate":0.0,"timestamp":1608884051,"path_taken":["R","M","?","M","M","M","T","R","M","M","?","?","R","?","M","BOSS","R","M","M","?","M","R","T","R","M","$","M","R","?","?","M","BOSS","R","M","M","$","?","M","T","R","M","M","M","M","R","E","M","BOSS"],"items_purchased_type":["Card","Relic","Card","Card","Card"],"build_version":"2020-12-22","purchased_purges":2,"victory":true,"max_hp_per_floor":[66,66,66,66,66,66,66,66,66,66,66,66,66,66,66,66,66,66,66,66,66,66,66,66,76,76,76,76,76,76,76,80,84,84,84,88,92,92,92,92,92,92,92,92,92,96,96,96,96,96],"card_choices":[{"not_picked":["Slimebound:PressTheAttack","Slimebound:SplitMire"],"picked":"Slimebound:GrowthPunch","floor":2},{"not_picked":["Slimebound:MegaLick","Slimebound:DisruptingSlam"],"picked":"Slimebound:RejuvenatingLick","floor":4},{"not_picked":["Slimebound:LeechingTouch","Slimebound:ViciousTackle"],"picked":"Slimebound:Equalize","floor":5},{"not_picked":["Slimebound:GoopTackle","Slimebound:SplitAcid"],"picked":"Slimebound:RejuvenatingLick","floor":6},{"not_picked":["Slimebound:ProtectTheBoss","Slimebound:Grow"],"picked":"Slimebound:SamplingLick","floor":9},{"not_picked":["Slimebound:DisruptingSlam","Slimebound:SlimeBarrage"],"picked":"Slimebound:ProtectTheBoss","floor":10},{"not_picked":["Slimebound:ItLooksTasty","Slimebound:HauntingLick"],"picked":"Slimebound:LivingWall","floor":12},{"not_picked":["Slimebound:ComboTackle","Slimebound:SplitBruiser"],"picked":"Slimebound:SlimeSpikes","floor":14},{"not_picked":["Slimebound:HauntingLick","Slimebound:SlimeTap"],"picked":"Slimebound:RejuvenatingLick","floor":15},{"not_picked":["Slimebound:OozeBath","Slimebound:LeechLife"],"picked":"Slimebound:MassFeed","floor":16},{"not_picked":["Slimebound:Chomp","Slimebound:GrowthPunch+1"],"picked":"Slimebound:LeadByExample+1","floor":19},{"not_picked":["Slimebound:SplitBruiser","Slimebound:ItLooksTasty"],"picked":"Slimebound:SamplingLick","floor":20},{"not_picked":["Slimebound:RollThrough","Slimebound:GoopTackle"],"picked":"Slimebound:SpikyOuterGoop","floor":22},{"not_picked":["Slimebound:GrowthPunch","Slimebound:PressTheAttack"],"picked":"Slimebound:Replication+1","floor":26},{"not_picked":["Slimebound:SplitLeeching","Slimebound:LeechLife"],"picked":"Slimebound:RejuvenatingLick+1","floor":27},{"not_picked":["Slimebound:Nibble","Slimebound:SplitMire","Slimebound:DisruptingSlam"],"picked":"SKIP","floor":28},{"not_picked":["Slimebound:SplitBruiser","Slimebound:SplitMire","Slimebound:PressTheAttack"],"picked":"SKIP","floor":30},{"not_picked":["Slimebound:GrowthPunch","Slimebound:PressTheAttack","Slimebound:RallyTheTroops"],"picked":"SKIP","floor":32},{"not_picked":["Slimebound:PrepareCrush","Slimebound:SelfFormingGoo"],"picked":"Slimebound:CheckThePlaybook","floor":33},{"not_picked":["Slimebound:LeechingTouch+1","Slimebound:Grow+1"],"picked":"Slimebound:SlimeBrawl","floor":36},{"not_picked":["Slimebound:LivingWall","Slimebound:SplitAcid"],"picked":"Slimebound:Schlurp+1","floor":37},{"not_picked":["Slimebound:ViciousTackle+1","Slimebound:LeechEnergy"],"picked":"Slimebound:FinishingTackle+1","floor":38},{"not_picked":["Slimebound:SplitMire+1","Slimebound:Dissolve"],"picked":"Slimebound:AcidTongue+1","floor":40},{"not_picked":["Slimebound:SlimeTap","Slimebound:ComboTackle+1"],"picked":"Slimebound:RejuvenatingLick","floor":43},{"not_picked":["Slimebound:LeadByExample","Slimebound:Nibble"],"picked":"Slimebound:RollThrough+1","floor":44},{"not_picked":["Slimebound:SplitLeeching","Slimebound:SlimeBrawl","Slimebound:Grow"],"picked":"SKIP","floor":45},{"not_picked":["Slimebound:Equalize","Slimebound:LeadByExample"],"picked":"Slimebound:SamplingLick+1","floor":46},{"not_picked":["Slimebound:SlimeBrawl+1","Slimebound:SplitLeeching"],"picked":"Slimebound:RallyTheTroops","floor":48},{"not_picked":["Slimebound:ComboTackle","Slimebound:Nibble"],"picked":"Slimebound:MegaLick+1","floor":49}],"player_experience":220018,"relics_obtained":[{"floor":7,"key":"MawBank"},{"floor":11,"key":"downfall:GremlinWheel"},{"floor":13,"key":"Nunchaku"},{"floor":41,"key":"Boot"},{"floor":48,"key":"Lantern"}],"event_choices":[{"damage_healed":0,"gold_gain":0,"player_choice":"Relic","damage_taken":0,"max_hp_gain":0,"max_hp_loss":0,"event_name":"Wheel of Change","floor":13,"gold_loss":0},{"cards_removed":["Slimebound:Strike_Slimebound"],"damage_healed":0,"gold_gain":0,"player_choice":"Offered Basic","damage_taken":0,"max_hp_gain":0,"max_hp_loss":0,"event_name":"Bonfire Elementals","floor":21,"gold_loss":0}],"is_beta":false,"boss_relics":[{"not_picked":["Calling Bell","Sozu"],"picked":"expansioncontent:StudyCardRelic"},{"not_picked":["Cursed Key","Velvet Choker"],"picked":"Pandora\u0027s Box"}],"items_purged_floors":[27,38],"is_endless":false,"potions_floor_spawned":[5,6,10,14,15,16,22,26,30,40,43,45,48],"ascension_level":0}}