{"host":"337p6miwxbqfki03","time":1608866795,"event":{"mods":["BaseMod","Better Third Choice","Colored Map","Conspire","Downfall","Hubris","Minty Spire (QoL Compilation)","Replay The Spire","StSLib","The Hierophant","Unceasing Turn Reminder"],"gold_per_floor":[113,76,3,3,27,70,70,92,165,165,165,187,185,185,185,232,232,241,222,222,211,219,219,219,217,217,217,217,217,248,248,98,117,117,216,216,242,306,335,529,284,331,331,324,392,392,392,419,436,142,142,142],"floor_reached":53,"playtime":4933,"items_purged":[],"score":572,"play_id":"5490bd86-3c5e-4826-b639-b3072a97fece","local_time":"20201224212635","is_ascension_mode":false,"campfire_choices":[{"data":"hierophant:Punish","floor":7,"key":"SMITH"},{"data":"hierophant:PristineSoul","floor":11,"key":"SMITH"},{"data":"hierophant:ChurchCoffers","floor":15,"key":"SMITH"},{"floor":23,"key":"REST"},{"floor":29,"key":"REST"},{"floor":31,"key":"REST"},{"floor":34,"key":"REST"},{"data":"expansioncontent:StudyTheSpire","floor":43,"key":"SMITH"},{"data":"hierophant:Martyrdom","floor":47,"key":"SMITH"},{"data":"hierophant:Community","floor":51,"key":"SMITH"}],"circlet_count":0,"master_deck":["hierophant:Strike_Hierophant","hierophant:Strike_Hierophant","hierophant:Strike_Hierophant","hierophant:Punish+1","hierophant:Defend_Hierophant","hierophant:Defend_Hierophant","hierophant:Defend_Hierophant","hierophant:Defend_Hierophant","hierophant:ChurchCoffers+1","hierophant:Sermon","hierophant:CursedGold","hierophant:Doubloon","hierophant:Martyrdom+1","hierophant:MorningPrayer","hierophant:PristineSoul+1","hierophant:OrnateBuckler","hierophant:Flagellation","hierophant:Levitation","hierophant:ThreeLashes","hierophant:Repentance+1","hierophant:Exaltation+1","hierophant:Smite+1","Iron Wave","hierophant:Embezzle","hierophant:FlamingChariot+1","hierophant:OrnateBuckler","hierophant:Determination","hierophant:HolyVerse+1","hierophant:Community+1","hierophant:PristineSoul","hierophant:Blessing","expansioncontent:StudyTheSpire+1","hierophant:SolarFlare+1","hierophant:FieryStrike+1","hierophant:TollTheBells+1","hierophant:Chorus+1","hierophant:MorningPrayer+1","hierophant:OrnateJavelin","hierophant:ArchangelShield"],"relics":["hierophant:PropheticMaskRelic","NeowsBlessing","hubris:Towel","hubris:FunFungus","ReplayTheSpireMod:Ninjato","Iron Hammer","hubris:Potato","hubris:VirtuousBlindfold","hubris:Icosahedron","Replay:Baseball","Replay:Rubber Ducky","Sozu","TungstenRod","ReplayTheSpireMod:TigerMarble","Pear","hubris:SlimyHat"],"acts_visited":["Exordium","TheCity","TheBeyond"],"potions_floor_usage":[],"damage_taken":[{"damage":0,"enemies":"Small Slimes","floor":1,"turns":1},{"damage":0,"enemies":"Jaw Worm","floor":5,"turns":1},{"damage":0,"enemies":"Replay:BlueRogue","floor":6,"turns":1},{"damage":4,"enemies":"Cultist","floor":8,"turns":5},{"damage":0,"enemies":"2 Fungi Beasts","floor":12,"turns":3},{"damage":0,"enemies":"Lagavulin","floor":13,"turns":7},{"damage":39,"enemies":"Slime Boss","floor":16,"turns":10},{"damage":25,"enemies":"Chosen","floor":18,"turns":10},{"damage":0,"enemies":"2 Thieves","floor":19,"turns":4},{"damage":27,"enemies":"Cultist and Chosen","floor":21,"turns":7},{"damage":24,"enemies":"Shelled Parasite and Fungi","floor":22,"turns":10},{"damage":10,"enemies":"3 Cultists","floor":25,"turns":5},{"damage":1,"enemies":"conspire:HollyBat","floor":30,"turns":7},{"damage":7,"enemies":"Centurion and Healer","floor":33,"turns":5},{"damage":42,"enemies":"conspire:MysteriousRune","floor":35,"turns":15},{"damage":0,"enemies":"3 Shapes","floor":37,"turns":6},{"damage":2,"enemies":"Mind Bloom Boss Battle","floor":38,"turns":10},{"damage":9,"enemies":"3 Darklings","floor":39,"turns":5},{"damage":0,"enemies":"R_Hoarder","floor":42,"turns":12},{"damage":7,"enemies":"Transient","floor":44,"turns":5},{"damage":10,"enemies":"Sphere and 2 Shapes","floor":48,"turns":2},{"damage":10,"enemies":"Jaw Worm Horde","floor":49,"turns":4},{"damage":48,"enemies":"Time Eater","floor":52,"turns":14}],"seed_played":"-4552321520609728907","potions_obtained":[{"floor":6,"key":"Elixir"},{"floor":13,"key":"SpeedPotion"},{"floor":16,"key":"SmokeBomb"},{"floor":18,"key":"Flashbang"}],"is_trial":false,"path_per_floor":["M","?","$","?","M","E","R","M","T","?","R","M","E","T","R","B",null,"M","M","?","M","M","R","?","M","T","PTL","PTL","R","M","R","$","M","R","B",null,"M","?","M","?","$","E","R","M","T","?","R","M","M","$","R","B",null],"character_chosen":"HIEROPHANT","items_purchased":["hierophant:CursedGold","Replay:Rubber Ducky","expansioncontent:StudyTheSpire","hierophant:SolarFlare+1","hubris:SlimyHat","hierophant:OrnateJavelin","hierophant:ArchangelShield"],"campfire_rested":4,"item_purchase_floors":[3,32,41,41,50,50,50],"current_hp_per_floor":[75,75,75,75,75,75,75,71,71,71,71,71,71,71,71,33,75,58,58,58,34,12,34,34,25,25,25,25,47,48,70,70,65,75,35,75,75,75,67,67,67,75,75,70,80,80,80,82,85,85,85,73],"gold":142,"neow_bonus":"THREE_ENEMY_KILL","is_daily":false,"chose_seed":false,"campfire_upgraded":6,"win_rate":0.0,"timestamp":1608866795,"path_taken":["M","?","?","?","?","E","R","M","T","?","R","M","E","?","R","BOSS","M","M","?","M","M","R","?","M","T","PTL","PTL","R","?","R","$","M","R","BOSS","M","?","M","?","?","E","R","?","T","?","R","?","M","$","R","BOSS"],"items_purchased_type":["Card","Relic","Card","Card","Relic","Card","Card"],"build_version":"2020-12-22","purchased_purges":0,"victory":true,"max_hp_per_floor":[75,75,75,75,75,75,75,75,75,75,75,75,75,75,75,75,75,75,75,75,75,75,75,75,75,75,75,75,75,75,75,75,75,75,75,75,75,75,75,75,75,75,75,75,85,85,85,85,85,85,85,85],"card_choices":[{"not_picked":["hierophant:ThreeLashes","hierophant:Shelter"],"picked":"hierophant:Sermon","floor":1},{"not_picked":["hierophant:Prophecy","hierophant:RustyCrate"],"picked":"hierophant:Martyrdom","floor":5},{"not_picked":["hierophant:Dazzle","hierophant:Zeal"],"picked":"hierophant:MorningPrayer","floor":6},{"not_picked":["hierophant:Zeal","hierophant:Encroach"],"picked":"hierophant:PristineSoul","floor":8},{"not_picked":["hierophant:Glossolalia","hierophant:ThreeLashes"],"picked":"hierophant:OrnateBuckler","floor":12},{"not_picked":["hierophant:RepressedViolence","hierophant:Prophecy"],"picked":"hierophant:Flagellation","floor":13},{"not_picked":["hierophant:Batter","hierophant:BulkyChest"],"picked":"hierophant:Levitation","floor":16},{"not_picked":["hierophant:Patience","hierophant:Remorse"],"picked":"hierophant:ThreeLashes","floor":18},{"not_picked":["hierophant:FieryStrike","hierophant:Batter"],"picked":"hierophant:Repentance+1","floor":19},{"not_picked":["hierophant:Community","hierophant:MorningPrayer"],"picked":"hierophant:Exaltation+1","floor":21},{"not_picked":["hierophant:RepressedViolence","hierophant:FlamingChariot"],"picked":"hierophant:Smite+1","floor":22},{"not_picked":["hierophant:AuricShield+1","hierophant:HammerAndAnvil"],"picked":"hierophant:Embezzle","floor":25},{"not_picked":["hierophant:Bribe","hierophant:ArchangelShield"],"picked":"hierophant:FlamingChariot+1","floor":30},{"not_picked":["hierophant:Embezzle","hierophant:DisplayOfPower"],"picked":"hierophant:OrnateBuckler","floor":33},{"not_picked":["hierophant:Levitation","hierophant:LocustPlague"],"picked":"hierophant:Determination","floor":35},{"not_picked":["hierophant:Remorse","hierophant:ThreeLashes+1"],"picked":"hierophant:HolyVerse+1","floor":37},{"not_picked":["hierophant:Smite+1","hierophant:SecretStash"],"picked":"hierophant:Community","floor":38},{"not_picked":["hierophant:Encroach+1","hierophant:Racketeering+1"],"picked":"hierophant:PristineSoul","floor":39},{"not_picked":["hierophant:Shelter","hierophant:AuricBeam"],"picked":"hierophant:Blessing","floor":40},{"not_picked":["hierophant:Dazzle","hierophant:HammerAndAnvil"],"picked":"hierophant:FieryStrike+1","floor":42},{"not_picked":["hierophant:Embezzle","hierophant:CursedGold"],"picked":"hierophant:TollTheBells+1","floor":44},{"not_picked":["hierophant:Purify+1","hierophant:HolyVerse+1"],"picked":"hierophant:Chorus+1","floor":48},{"not_picked":["hierophant:Repentance","hierophant:FlamingChariot+1"],"picked":"hierophant:MorningPrayer+1","floor":49}],"player_experience":182608,"relics_obtained":[{"floor":6,"key":"hubris:FunFungus"},{"floor":9,"key":"ReplayTheSpireMod:Ninjato"},{"floor":13,"key":"Iron Hammer"},{"floor":14,"key":"hubris:Potato"},{"floor":26,"key":"Replay:Baseball"},{"floor":38,"key":"TungstenRod"},{"floor":42,"key":"ReplayTheSpireMod:TigerMarble"},{"floor":45,"key":"Pear"}],"event_choices":[{"damage_healed":0,"gold_gain":0,"player_choice":"Left","damage_taken":0,"max_hp_gain":0,"max_hp_loss":0,"event_name":"betterThird:BetterGoop","floor":2,"gold_loss":37},{"cards_removed":["hierophant:Strike_Hierophant"],"damage_healed":0,"gold_gain":0,"player_choice":"Took Card","damage_taken":0,"max_hp_gain":0,"max_hp_loss":0,"event_name":"NoteForYourself","floor":24,"gold_loss":0,"cards_obtained":["Iron Wave"]},{"damage_healed":0,"gold_gain":0,"player_choice":"Fight","damage_taken":0,"max_hp_gain":0,"max_hp_loss":0,"event_name":"MindBloom","floor":38,"gold_loss":0},{"damage_healed":0,"gold_gain":0,"player_choice":"Got Potions","damage_taken":0,"max_hp_gain":0,"max_hp_loss":0,"event_name":"Lab","floor":46,"gold_loss":0}],"is_beta":false,"boss_relics":[{"not_picked":["Runic Pyramid","Replay:Bronze Core"],"picked":"hubris:VirtuousBlindfold"},{"not_picked":["Honey Jar","Coffee Dripper"],"picked":"Sozu"}],"items_purged_floors":[],"is_endless":false,"potions_floor_spawned":[6,13,16,18,22,30,33,38,48],"ascension_level":0}}