{"host":"yn1175etg9ni8l0q","time":1608914025,"event":{"mods":["AchievementEnabler","BaseMod","Colored Map","Colored Powertips","DeckTracker","Minty Spire (QoL Compilation)","Rare Cards Sparkle","Relic Stats","SuperFastMode","everything is the same but u backflip on backflip"],"gold_per_floor":[111,127,127,146,156,156,16,16,41,41,216,141,141,160,160,160,160],"floor_reached":16,"playtime":265,"items_purged":["Doubt"],"score":140,"play_id":"ec6d6c79-01a2-4b19-a7e4-447a28a906f0","local_time":"20201226013345","is_ascension_mode":true,"campfire_choices":[{"data":"Uppercut","floor":6.0,"key":"SMITH"},{"data":"Whirlwind","floor":8.0,"key":"SMITH"},{"data":"Offering","floor":13.0,"key":"SMITH"},{"data":"Bash","floor":15.0,"key":"SMITH"}],"circlet_count":0,"master_deck":["AscendersBane","Strike_R","Strike_R","Strike_R","Defend_R","Defend_R","Defend_R","Bash+1","Headbutt","Whirlwind+1","Uppercut+1","Offering+1"],"relics":["Burning Blood","Vajra","Question Card"],"acts_visited":["Exordium"],"potions_floor_usage":[16,16],"damage_taken":[{"damage":6.0,"enemies":"Cultist","floor":1.0,"turns":4.0},{"damage":3.0,"enemies":"Jaw Worm","floor":2.0,"turns":5.0},{"damage":1.0,"enemies":"2 Louse","floor":4.0,"turns":3.0},{"damage":7.0,"enemies":"Looter","floor":5.0,"turns":4.0},{"damage":21.0,"enemies":"Gremlin Gang","floor":14.0,"turns":2.0},{"damage":48,"enemies":"The Guardian","floor":16,"turns":13}],"seed_played":"1408464052265557366","potions_obtained":[{"floor":2.0,"key":"Fruit Juice"},{"floor":14.0,"key":"FearPotion"}],"is_trial":false,"path_per_floor":["M","M","?","M","M","R","$","R","T","T","?","$","R","M","R","B"],"character_chosen":"IRONCLAD","items_purchased":["Offering"],"campfire_rested":0,"item_purchase_floors":[7],"current_hp_per_floor":[51,54,54,59,58,58,58,58,58,58,58,58,58,43,43,0,0],"gold":160,"neow_bonus":"REMOVE_TWO","is_daily":false,"chose_seed":false,"campfire_upgraded":4,"win_rate":0.0,"timestamp":1608914025,"path_taken":["M","?","?","M","?","R","?","R","T","?","?","$","R","M","R","BOSS"],"items_purchased_type":["Card"],"build_version":"2020-12-22","purchased_purges":1,"victory":false,"max_hp_per_floor":[80,80,80,80,80,80,80,80,80,80,80,80,80,80,80,85,85],"relic_stats":{"counters":[6,31],"Question Card":1,"obtain_stats":[{"Vajra":9,"Question Card":10,"Burning Blood":0},{"Vajra":4,"Question Card":4,"Burning Blood":0},{"Vajra":16,"Question Card":16,"Burning Blood":0}],"Burning Blood":30},"card_choices":[{"not_picked":["Thunderclap","Flex","Perfected Strike"],"picked":"SKIP","floor":1.0},{"not_picked":["Rampage","Fire Breathing"],"picked":"Headbutt","floor":2.0},{"not_picked":["Headbutt","Warcry"],"picked":"Whirlwind","floor":4.0},{"not_picked":["Flex","Thunderclap"],"picked":"Uppercut","floor":5.0},{"not_picked":["Anger","Twin Strike","Iron Wave","Perfected Strike"],"picked":"SKIP","floor":14.0}],"player_experience":283297,"relics_obtained":[{"floor":9.0,"key":"Vajra"},{"floor":10.0,"key":"Question Card"}],"event_choices":[{"cards_removed":["Strike_R"],"damage_healed":0.0,"max_hp_gain":0.0,"max_hp_loss":0.0,"gold_gain":0.0,"event_name":"Purifier","player_choice":"Purged","floor":3.0,"gold_loss":0.0,"damage_taken":0.0},{"damage_healed":0.0,"max_hp_gain":0.0,"max_hp_loss":0.0,"gold_gain":175.0,"event_name":"Liars Game","player_choice":"AGREE","floor":11.0,"gold_loss":0.0,"damage_taken":0.0,"cards_obtained":["Doubt"]}],"is_beta":false,"boss_relics":[],"items_purged_floors":[12],"is_endless":false,"potions_floor_spawned":[2,14],"killed_by":"The Guardian","ascension_level":11}}