{"host":"vc42n08di9czm3e7","time":1608880104,"event":{"mods":["AchievementEnabler","Act Like it!","BaseMod","Colored Powertips","Downfall","Friendly Minions","GifTheSpireLib","Minty Spire (QoL Compilation)","Rare Cards Sparkle","StSLib"],"gold_per_floor":[99,111,121,121,137,45,45,45,57,7,27,27,45,70,87,186,236,111,128,128,128,144,16,16,1,1,1,13,33,43,62,80,80,80,80],"floor_reached":33,"playtime":2026,"items_purged":["Writhe"],"score":278,"play_id":"18f46b8e-bb18-4177-8b86-8360eb852c87","local_time":"20201225020824","is_ascension_mode":false,"campfire_choices":[{"floor":1.0,"key":"RECALL"},{"data":"Slimebound:RollThrough","floor":10.0,"key":"SMITH"},{"data":"Slimebound:OneTwoCombo","floor":12.0,"key":"SMITH"},{"data":"Slimebound:Grow","floor":18.0,"key":"SMITH"},{"data":"Slimebound:Overexert","floor":26,"key":"SMITH"}],"circlet_count":1,"master_deck":["Slimebound:Strike_Slimebound","Slimebound:Strike_Slimebound","Slimebound:Strike_Slimebound","Slimebound:Tackle+1","Slimebound:Defend_Slimebound","Slimebound:Defend_Slimebound","Slimebound:Defend_Slimebound","Slimebound:Defend_Slimebound","Slimebound:Split","Slimebound:CorrosiveSpit","Finesse","Slimebound:SplitMire","Slimebound:RollThrough+1","Slimebound:Equalize","Slimebound:Replication","Slimebound:Grow+1","Slimebound:ProtectTheBoss","Slimebound:ViciousTackle","Slimebound:OneTwoCombo+1","Slimebound:RejuvenatingLick","Slimebound:DuplicatedForm","Slimebound:SlimeBarrage","Slimebound:Replication","Slimebound:PrepareCrush","Slimebound:Prepare","Slimebound:Overexert+1","Slimebound:Prepare+1","Slimebound:SlimeSpikes","Slimebound:BestDefense+1","Slimebound:Equalize","Slimebound:ProtectTheBoss","Slimebound:Replication","Slimebound:FormOfPuddle","Slimebound:Grow+1","Slimebound:FlameTackle+1","Slimebound:LevelUp+1","Slimebound:MassFeed","Slimebound:SlimeSpikes","Slimebound:OozeBath","Slimebound:LeadByExample+1"],"relics":["Slimebound:AbsorbEndCombat","Circlet","Prayer Wheel","Slimebound:GreedOozeRelic","Letter Opener","Tiny House","downfall:HeartBlessingRed","Mummified Hand"],"acts_visited":["Exordium","TheCity"],"potions_floor_usage":[31,33],"damage_taken":[{"damage":4.0,"enemies":"Small Slimes","floor":2.0,"turns":4.0},{"damage":9.0,"enemies":"Jaw Worm","floor":3.0,"turns":4.0},{"damage":15.0,"enemies":"2 Louse","floor":5.0,"turns":3.0},{"damage":8.0,"enemies":"downfall:FleeingMerchant","floor":6.0,"turns":4.0},{"damage":10.0,"enemies":"2 Fungi Beasts","floor":9.0,"turns":3.0},{"damage":14.0,"enemies":"Exordium Wildlife","floor":11.0,"turns":5.0},{"damage":10.0,"enemies":"Blue Slaver","floor":13.0,"turns":3.0},{"damage":22.0,"enemies":"Lagavulin","floor":14.0,"turns":4.0},{"damage":0.0,"enemies":"Lots of Slimes","floor":15.0,"turns":1.0},{"damage":40.0,"enemies":"downfall:Watcher","floor":16.0,"turns":9.0},{"damage":14.0,"enemies":"Shell Parasite","floor":19.0,"turns":5.0},{"damage":22.0,"enemies":"Chosen and Byrds","floor":22.0,"turns":4.0},{"damage":4.0,"enemies":"downfall:FleeingMerchant","floor":23.0,"turns":4.0},{"damage":7.0,"enemies":"downfall:FleeingMerchant","floor":25.0,"turns":4.0},{"damage":14,"enemies":"3 Cultists","floor":28,"turns":5},{"damage":10,"enemies":"Cultist and Chosen","floor":29,"turns":3},{"damage":7,"enemies":"Snake Plant","floor":30,"turns":3},{"damage":10,"enemies":"Centurion and Healer","floor":31,"turns":7},{"damage":43,"enemies":"3 Cultists","floor":32,"turns":7},{"damage":12,"enemies":"downfall:Ironclad","floor":33,"turns":2}],"seed_played":"5110483667625507203","potions_obtained":[{"floor":2.0,"key":"DuplicationPotion"},{"floor":9.0,"key":"champ:CounterPotion"},{"floor":13.0,"key":"Strength Potion"},{"floor":15.0,"key":"CultistPotion"},{"floor":17.0,"key":"Slimebound:ThreeZeroPotion"},{"floor":22.0,"key":"LiquidBronze"},{"floor":31,"key":"SteroidPotion"}],"is_trial":false,"path_per_floor":["R","M","M","?","M","$","T","?","M","R","M","R","M","E","M","B",null,"R","M","?","?","M","$","T","$","R","?","M","M","M","M","M","B"],"character_chosen":"SLIMEBOUND","items_purchased":["Slimebound:Grow","Slimebound:ProtectTheBoss"],"campfire_rested":0,"item_purchase_floors":[6,23],"current_hp_per_floor":[60,60,60,60,57,60,60,60,54,54,48,48,48,36,36,24,65,65,57,57,57,60,65,65,65,65,54,46,42,41,39,6,0,0,0],"gold":80,"neow_bonus":"RANDOM_COLORLESS","is_daily":false,"chose_seed":false,"campfire_upgraded":4,"win_rate":0.0,"timestamp":1608880104,"path_taken":["R","M","M","?","M","$","T","?","M","R","M","R","?","E","M","BOSS","R","M","?","?","M","$","T","?","R","?","M","M","M","M","M","BOSS"],"items_purchased_type":["Card","Card"],"build_version":"2020-12-22","purchased_purges":1,"victory":false,"max_hp_per_floor":[60,60,60,60,60,60,60,60,60,60,60,60,60,60,60,60,65,65,65,65,65,65,65,65,65,65,70,70,70,70,70,70,70,70,70],"card_choices":[{"not_picked":["Madness","Forethought"],"picked":"Finesse","floor":0.0},{"not_picked":["Slimebound:GrowthPunch","Slimebound:Schlurp"],"picked":"Slimebound:SplitMire","floor":2.0},{"not_picked":["Slimebound:LeechingTouch","Slimebound:ViciousTackle"],"picked":"Slimebound:RollThrough","floor":3.0},{"not_picked":["Slimebound:LeechEnergy","Slimebound:FinishingTackle"],"picked":"Slimebound:Equalize","floor":5.0},{"not_picked":["Slimebound:LeechEnergy","Slimebound:FormOfPuddle"],"picked":"Slimebound:Replication","floor":6.0},{"not_picked":["Slimebound:FlameTackle","Slimebound:FinishingTackle"],"picked":"Slimebound:ProtectTheBoss","floor":9.0},{"not_picked":["Slimebound:FinishingTackle","Slimebound:LeechingTouch"],"picked":"Slimebound:ViciousTackle","floor":9.0},{"not_picked":["Slimebound:SplitLeeching","Slimebound:SplitAcid"],"picked":"Slimebound:OneTwoCombo","floor":11.0},{"not_picked":["Slimebound:SplitLeeching","Slimebound:LeechingTouch","Slimebound:ComboTackle"],"picked":"SKIP","floor":11.0},{"not_picked":["Slimebound:Schlurp","Slimebound:ViciousTackle"],"picked":"Slimebound:RejuvenatingLick","floor":13.0},{"not_picked":["Slimebound:RainOfGoop","Slimebound:AcidTongue"],"picked":"Slimebound:DuplicatedForm","floor":13.0},{"not_picked":["Slimebound:ForwardTackle","Slimebound:SplitLeeching"],"picked":"Slimebound:SlimeBarrage","floor":14.0},{"not_picked":["Slimebound:SplitMire","Slimebound:FlameTackle"],"picked":"Slimebound:Replication","floor":15.0},{"not_picked":["Slimebound:DisruptingSlam","Slimebound:SplitLeeching","Slimebound:ForwardTackle"],"picked":"SKIP","floor":15.0},{"not_picked":["Slimebound:DouseInSlime","Slimebound:DuplicatedForm"],"picked":"Slimebound:PrepareCrush","floor":16.0},{"not_picked":["Slimebound:SplitMire","Slimebound:SlimeSpikes"],"picked":"Slimebound:Prepare","floor":17.0},{"not_picked":["Slimebound:RollThrough","Slimebound:SplitMire"],"picked":"Slimebound:Overexert","floor":19.0},{"not_picked":["Slimebound:SlimeBrawl+1","Slimebound:GrowthPunch+1"],"picked":"Slimebound:Prepare+1","floor":19.0},{"not_picked":["Slimebound:ComboTackle","Slimebound:ViciousTackle"],"picked":"Slimebound:SlimeSpikes","floor":22.0},{"not_picked":["Slimebound:RollThrough","Slimebound:SamplingLick"],"picked":"Slimebound:BestDefense+1","floor":22.0},{"not_picked":["Slimebound:Schlurp","Slimebound:SpikyOuterGoop+1"],"picked":"Slimebound:Equalize","floor":23.0},{"not_picked":["Slimebound:LivingWall+1","Slimebound:Nibble+1"],"picked":"Slimebound:Replication","floor":25},{"not_picked":["Slimebound:Schlurp","Slimebound:GoopSpray"],"picked":"Slimebound:FormOfPuddle","floor":25},{"not_picked":["Slimebound:SplitMire","Slimebound:GrowthPunch"],"picked":"Slimebound:Grow+1","floor":28},{"not_picked":["Slimebound:ItLooksTasty","Slimebound:SplitMire"],"picked":"Slimebound:FlameTackle+1","floor":28},{"not_picked":["Slimebound:ViciousTackle+1","Slimebound:FirmFortitude+1"],"picked":"Slimebound:LevelUp+1","floor":29},{"not_picked":["Slimebound:SamplingLick+1","Slimebound:TongueLash"],"picked":"Slimebound:MassFeed","floor":29},{"not_picked":["Slimebound:GoopSpray","Slimebound:LeechEnergy"],"picked":"Slimebound:SlimeSpikes","floor":30},{"not_picked":["Slimebound:GrowthPunch+1","Slimebound:SplitMire+1","Slimebound:LeechEnergy"],"picked":"SKIP","floor":30},{"not_picked":["Slimebound:SplitLeeching","Slimebound:Schlurp","Slimebound:LeechEnergy"],"picked":"SKIP","floor":31},{"not_picked":["Slimebound:RainOfGoop","Slimebound:Grow","Slimebound:ViciousTackle"],"picked":"SKIP","floor":31},{"not_picked":["Slimebound:AcidTongue+1","Slimebound:Schlurp+1"],"picked":"Slimebound:OozeBath","floor":32},{"not_picked":["Slimebound:AcidTongue","Slimebound:Dissolve"],"picked":"Slimebound:LeadByExample+1","floor":32}],"player_experience":217520,"relics_obtained":[{"floor":7.0,"key":"Prayer Wheel"},{"floor":14.0,"key":"Letter Opener"},{"floor":24.0,"key":"hubris:Reverence"}],"event_choices":[],"is_beta":false,"boss_relics":[{"not_picked":["Velvet Choker","hubris:TerracottaHorce"],"picked":"Tiny House"}],"items_purged_floors":[23],"is_endless":false,"potions_floor_spawned":[2,9,13,15,16,22,28,30,31,32],"killed_by":"downfall:Ironclad","ascension_level":0}}