{"host":"9kcqr6gvt9348rwr","time":1608888559,"event":{"mods":["Alarm Clock","BaseMod","Better Third Choice","BetterRewards","Colored Map","Colored Powertips","Conspire","Downfall","Ironclad Rager","Minty Spire (QoL Compilation)","Practice Mode","Rare Cards Sparkle","Relic Sorter","Replay The Spire","Shop Mod","Spicy Shops","StSLib"],"gold_per_floor":[115,65,65,78,33,33,46,64,64,78,1,1,15,27,27,132,132,145,160,164,164],"floor_reached":20,"playtime":1148,"items_purged":[],"score":168,"play_id":"aedfaafe-44ae-4796-b020-0c98dbb46a9a","local_time":"20201225172919","is_ascension_mode":false,"campfire_choices":[{"data":"Poisoned Stab","floor":6,"key":"SMITH"},{"floor":12,"key":"REST"},{"data":"Replay:Poison Smokescreen","floor":15,"key":"SMITH"}],"circlet_count":0,"master_deck":["Neutralize","ICR:VenomStrike","ICR:VenomStrike","ICR:VenomStrike","ICR:VenomStrike","ICR:Dodge","ICR:Dodge","ICR:Dodge","ICR:Dodge","ICR:Dodge","Outmaneuver","Poisoned Stab+1","Replay:Poison Smokescreen+1","ReplayTheSpireMod:The Works","Footwork","Outmaneuver","Outmaneuver","ReplayTheSpireMod:Necrosis","Expertise+1"],"relics":["Ring of the Snake","Matryoshka","Blue Doll","SlaversCollar"],"acts_visited":["Exordium","TheCity"],"potions_floor_usage":[16,20,20],"damage_taken":[{"damage":11,"enemies":"Cultist","floor":1,"turns":8},{"damage":0,"enemies":"2 Louse","floor":4,"turns":6},{"damage":0,"enemies":"conspire:RoseBush","floor":7,"turns":3},{"damage":0,"enemies":"conspire:2 RoseBushes","floor":8,"turns":5},{"damage":16,"enemies":"Exordium Thugs","floor":10,"turns":5},{"damage":2,"enemies":"Exordium Wildlife","floor":13,"turns":5},{"damage":2,"enemies":"3 Louse","floor":14,"turns":5},{"damage":26,"enemies":"The Guardian","floor":16,"turns":9},{"damage":3,"enemies":"Spheric Guardian","floor":18,"turns":4},{"damage":30,"enemies":"Chosen","floor":19,"turns":8},{"damage":45,"enemies":"conspire:MimicChest","floor":20,"turns":7}],"seed_played":"-7300288726199617942","potions_obtained":[{"floor":10,"key":"Energy Potion"},{"floor":13,"key":"Explosive Potion"},{"floor":14,"key":"Block Potion"},{"floor":19,"key":"Swift Potion"}],"is_trial":false,"path_per_floor":["M","?","?","M","$","R","M","M","T","M","$","R","M","M","R","B",null,"M","M","?"],"character_chosen":"THE_SILENT","items_purchased":["Replay:Poison Smokescreen","Blue Doll"],"campfire_rested":1,"item_purchase_floors":[5,11],"current_hp_per_floor":[59,59,59,59,59,59,59,59,59,43,43,64,62,60,60,34,70,67,37,0,0],"gold":164,"neow_bonus":"SILENT_POISONER","is_daily":false,"chose_seed":false,"campfire_upgraded":2,"win_rate":0.0,"timestamp":1608888559,"path_taken":["M","?","?","M","$","R","M","M","T","M","$","R","?","M","R","BOSS","M","M","?"],"items_purchased_type":["Card","Relic"],"build_version":"2020-12-22","purchased_purges":0,"victory":false,"max_hp_per_floor":[70,70,70,70,70,70,70,70,70,70,70,70,70,70,70,70,70,70,70,70,70],"card_choices":[{"not_picked":["Slice","Dagger Throw"],"picked":"Outmaneuver","floor":1},{"not_picked":["Quick Slash","Outmaneuver"],"picked":"Poisoned Stab","floor":4},{"not_picked":["ReplayTheSpireMod:Speed Training","Backflip","Quick Slash"],"picked":"SKIP","floor":7},{"not_picked":["Choke","Blade Dance"],"picked":"ReplayTheSpireMod:The Works","floor":8},{"not_picked":["Dagger Throw","Backflip"],"picked":"Footwork","floor":10},{"not_picked":["Quick Slash","Terror"],"picked":"Outmaneuver","floor":13},{"not_picked":["Dodge and Roll","Skewer"],"picked":"Outmaneuver","floor":14},{"not_picked":["ReplayTheSpireMod:From All Sides","Adrenaline"],"picked":"ReplayTheSpireMod:Necrosis","floor":16},{"not_picked":["Outmaneuver","Skewer"],"picked":"Expertise+1","floor":18},{"not_picked":["Masterful Stab+1","ReplayTheSpireMod:Exploit Weakness","Flying Knee"],"picked":"SKIP","floor":19}],"player_experience":4306,"relics_obtained":[{"floor":9,"key":"Matryoshka"}],"event_choices":[{"cards_removed":["Survivor"],"damage_healed":0,"gold_gain":0,"player_choice":"Card Removal","damage_taken":0,"max_hp_gain":0,"max_hp_loss":0,"event_name":"The Cleric","floor":2,"gold_loss":50},{"cards_removed":["ICR:VenomStrike"],"damage_healed":0,"gold_gain":0,"player_choice":"Offered Basic","damage_taken":0,"max_hp_gain":0,"max_hp_loss":0,"event_name":"Bonfire Elementals","floor":3,"gold_loss":0}],"is_beta":false,"boss_relics":[{"not_picked":["Fusion Hammer","WristBlade"],"picked":"SlaversCollar"}],"items_purged_floors":[],"is_endless":false,"potions_floor_spawned":[10,13,14,19],"killed_by":"conspire:MimicChest","ascension_level":0}}