{"host":"2461dio7vetlq1z3","time":1608882983,"event":{"mods":["2.2 Compatiblity","AchievementEnabler","Aspiration","BaseMod","Better Third Choice","Hermit","Minty Spire (QoL Compilation)","Relic Stats","Spicy Shops","StSLib","The Runesmith","Waifu the Spire"],"gold_per_floor":[32,32,68,68,102,102,148,148,197,22,22,57,125,178,178,281,281,324,0,67,67,84,143,143,201,201,261,296,366,38,94,94,197,197,240,285,305,305,340,366,366,392,419,434,463,463,19,32,32,32,57,57,57,29,55,55],"floor_reached":57,"playtime":3228,"items_purged":["Strike_B","Injury","Strike_B","Strike_B","Writhe"],"score":3214,"play_id":"61a502c5-4bf5-4106-a0c7-a078cdf3e276","local_time":"20201225085623","is_ascension_mode":true,"campfire_choices":[{"floor":6,"key":"REST"},{"floor":8,"key":"REST"},{"data":"HandOfGreed","floor":11,"key":"SMITH"},{"floor":15,"key":"REST"},{"data":"Buffer","floor":24,"key":"SMITH"},{"data":"Juggernaut","floor":32,"key":"SMITH"},{"data":"Echo Form","floor":41,"key":"SMITH"},{"floor":46,"key":"RECALL"},{"data":"Defragment","floor":49,"key":"SMITH"},{"data":"Machine Learning","floor":53,"key":"SMITH"}],"circlet_count":0,"master_deck":["AscendersBane","Zap","Dualcast","HandOfGreed+1","Ball Lightning+1","Juggernaut+1","Cold Snap","Leap+1","Steam+1","BootSequence+1","Amplify+1","Buffer+1","Hologram+1","Reboot+1","Sweeping Beam+1","Reinforced Body+1","Cold Snap+1","Hologram+1","Auto Shields+1","Turbo+1","Machine Learning+1","Echo Form+1","Creative AI","Beam Cell","Steam+1","Capacitor+1","Capacitor","Beam Cell","Self Repair+1","Coolheaded+1","Force Field+1","Hologram+1","Defragment+1","Skim+1"],"relics":["Cracked Core","Ancient Tea Set","Toxic Egg 2","Du-Vu Doll","MealTicket","Pocketwatch","Coffee Dripper","Membership Card","Omamori","Sundial","PreservedInsect","Mango","Whetstone","DataDisk","Ice Cream","Pantograph","Pandora\u0027s Box","Kunai","Mercury Hourglass","aspiration:Lifesprig","OrangePellets","aspiration:EnhancedActuators","FossilizedHelix"],"acts_visited":["Exordium","TheCity","TheBeyond","TheEnding"],"potions_floor_usage":[7,23,25,31,51,56,56],"damage_taken":[{"damage":2,"enemies":"Cultist","floor":1,"turns":4},{"damage":8,"enemies":"2 Louse","floor":3,"turns":4},{"damage":4,"enemies":"Small Slimes","floor":5,"turns":3},{"damage":16,"enemies":"3 Sentries","floor":7,"turns":7},{"damage":0,"enemies":"Red Slaver","floor":12,"turns":2},{"damage":1,"enemies":"2 Fungi Beasts","floor":13,"turns":4},{"damage":16,"enemies":"Lagavulin","floor":14,"turns":6},{"damage":0,"enemies":"Slime Boss","floor":16,"turns":7},{"damage":14,"enemies":"2 Thieves","floor":18,"turns":4},{"damage":23,"enemies":"3 Byrds","floor":20,"turns":5},{"damage":0,"enemies":"Snecko","floor":22,"turns":4},{"damage":22,"enemies":"Slavers","floor":23,"turns":6},{"damage":0,"enemies":"Gremlin Leader","floor":25,"turns":7},{"damage":28,"enemies":"Book of Stabbing","floor":27,"turns":6},{"damage":3,"enemies":"Snake Plant","floor":28,"turns":3},{"damage":0,"enemies":"Centurion and Healer","floor":29,"turns":7},{"damage":0,"enemies":"Gremlin Leader","floor":31,"turns":5},{"damage":0,"enemies":"Automaton","floor":33,"turns":8},{"damage":3,"enemies":"3 Darklings","floor":35,"turns":4},{"damage":0,"enemies":"Orb Walker","floor":36,"turns":3},{"damage":0,"enemies":"Spire Growth","floor":37,"turns":4},{"damage":21,"enemies":"4 Shapes","floor":39,"turns":5},{"damage":11,"enemies":"Nemesis","floor":40,"turns":7},{"damage":0,"enemies":"Reptomancer","floor":42,"turns":6},{"damage":7,"enemies":"3 Darklings","floor":44,"turns":4},{"damage":0,"enemies":"Giant Head","floor":45,"turns":7},{"damage":0,"enemies":"Maw","floor":48,"turns":6},{"damage":9,"enemies":"Donu and Deca","floor":50,"turns":7},{"damage":9,"enemies":"Time Eater","floor":51,"turns":9},{"damage":9,"enemies":"Shield and Spear","floor":55,"turns":4},{"damage":66,"enemies":"The Heart","floor":56,"turns":8}],"seed_played":"-6576713732231260857","potions_obtained":[{"floor":5,"key":"DuplicationPotion"},{"floor":7,"key":"FearPotion"},{"floor":23,"key":"DuplicationPotion"},{"floor":27,"key":"Energy Potion"},{"floor":28,"key":"Weak Potion"},{"floor":31,"key":"LiquidBronze"}],"is_trial":false,"path_per_floor":["M","?","M","?","M","R","E","R","T","$","R","M","M","E","R","B",null,"M","$","M","?","M","E","R","E","T","E","M","M","$","E","R","B",null,"M","M","M","?","M","E","R","E","T","M","E","R","$","M","R","B","B",null,"R","$","E","B",null],"character_chosen":"DEFECT","items_purchased":["Membership Card","Reboot+1","DataDisk","Ice Cream","Turbo+1","OrangePellets","aspiration:EnhancedActuators","Defragment","Skim+1","FocusPotion"],"campfire_rested":3,"item_purchase_floors":[19,19,30,30,30,47,47,47,47,54],"current_hp_per_floor":[62,20,12,12,8,29,13,34,34,49,49,49,48,32,53,53,67,53,68,45,45,45,23,23,23,37,9,6,6,21,21,21,46,75,72,72,72,72,51,50,50,60,60,63,83,83,85,85,85,76,85,85,85,85,85,19],"gold":55,"neow_bonus":"RANDOM_COLORLESS_2","is_daily":false,"chose_seed":false,"campfire_upgraded":6,"win_rate":0.0,"timestamp":1608882983,"path_taken":["M","?","M","?","M","R","E","R","T","$","R","M","M","E","R","BOSS","M","$","M","?","M","E","R","E","T","E","M","M","$","E","R","BOSS","M","M","M","?","M","E","R","E","T","M","E","R","$","M","R","BOSS","BOSS","R","$","E","BOSS"],"items_purchased_type":["Relic","Card","Relic","Relic","Card","Relic","Relic","Card","Card","Potion"],"build_version":"2020-12-22","purchased_purges":5,"victory":true,"max_hp_per_floor":[71,71,71,71,71,71,71,71,71,71,71,71,71,71,71,71,71,71,71,71,71,71,71,71,71,85,85,85,85,85,85,85,85,85,85,85,85,85,85,85,85,85,85,85,85,85,85,85,85,85,85,85,85,85,85,85],"relic_stats":{"OrangePellets":[5],"counters":[31,166],"Sundial":[16],"Pantograph":34,"MealTicket":47,"Pandora\u0027s Box":["Echo Form","Creative AI","Beam Cell","Steam","Barrage"],"PreservedInsect":409,"Whetstone":["Ball Lightning","Cold Snap"],"Kunai":[6],"obtain_stats":[{"Ice Cream":30,"aspiration:Lifesprig":45,"Mango":26,"PreservedInsect":25,"Omamori":21,"Whetstone":27,"Ancient Tea Set":2,"Mercury Hourglass":42,"Du-Vu Doll":7,"OrangePellets":47,"DataDisk":30,"aspiration:EnhancedActuators":47,"Sundial":23,"Pantograph":31,"MealTicket":9,"Pandora\u0027s Box":34,"Coffee Dripper":17,"Membership Card":19,"Kunai":40,"Toxic Egg 2":4,"Cracked Core":0,"FossilizedHelix":55,"Pocketwatch":14},{"Ice Cream":16,"aspiration:Lifesprig":26,"Mango":13,"PreservedInsect":13,"Omamori":10,"Whetstone":14,"Ancient Tea Set":1,"Mercury Hourglass":24,"Du-Vu Doll":4,"OrangePellets":26,"DataDisk":16,"aspiration:EnhancedActuators":26,"Sundial":12,"Pantograph":17,"MealTicket":4,"Pandora\u0027s Box":18,"Coffee Dripper":8,"Membership Card":9,"Kunai":23,"Toxic Egg 2":2,"Cracked Core":0,"FossilizedHelix":30,"Pocketwatch":7},{"Ice Cream":79,"aspiration:Lifesprig":132,"Mango":63,"PreservedInsect":63,"Omamori":46,"Whetstone":69,"Ancient Tea Set":4,"Mercury Hourglass":121,"Du-Vu Doll":18,"OrangePellets":132,"DataDisk":79,"aspiration:EnhancedActuators":132,"Sundial":56,"Pantograph":84,"MealTicket":18,"Pandora\u0027s Box":92,"Coffee Dripper":37,"Membership Card":41,"Kunai":115,"Toxic Egg 2":8,"Cracked Core":0,"FossilizedHelix":158,"Pocketwatch":30}],"Pocketwatch":[167],"Mercury Hourglass":[135]},"card_choices":[{"not_picked":["Metamorphosis","Magnetism"],"picked":"HandOfGreed","floor":0},{"not_picked":["Auto Shields","Hologram"],"picked":"Ball Lightning","floor":1},{"not_picked":["Steam Power","Compile Driver"],"picked":"Cold Snap","floor":3},{"not_picked":["Rebound","Scrape"],"picked":"Leap+1","floor":5},{"not_picked":["Conserve Battery+1","Reinforced Body+1"],"picked":"Steam+1","floor":7},{"not_picked":["Barrage","Turbo+1","Blizzard"],"picked":"SKIP","floor":12},{"not_picked":["Hello World","Heatsinks"],"picked":"BootSequence+1","floor":13},{"not_picked":["Conserve Battery+1","Hologram+1"],"picked":"Amplify+1","floor":14},{"not_picked":["Creative AI","Thunder Strike"],"picked":"Buffer","floor":16},{"not_picked":["BootSequence+1","Rebound"],"picked":"Hologram+1","floor":18},{"not_picked":["Storm","Gash+1"],"picked":"Sweeping Beam+1","floor":20},{"not_picked":["Stack+1","Heatsinks"],"picked":"Reinforced Body+1","floor":22},{"not_picked":["Beam Cell","Rebound","Sweeping Beam+1"],"picked":"SKIP","floor":23},{"not_picked":["Ball Lightning+1","Sweeping Beam"],"picked":"Cold Snap","floor":25},{"not_picked":["Core Surge","Hello World","Beam Cell"],"picked":"SKIP","floor":27},{"not_picked":["Conserve Battery+1","Static Discharge"],"picked":"Hologram+1","floor":28},{"not_picked":["Go for the Eyes","Storm"],"picked":"Auto Shields+1","floor":29},{"not_picked":["Streamline","Blizzard","Barrage"],"picked":"SKIP","floor":31},{"not_picked":["Buffer","Fission+1"],"picked":"Machine Learning","floor":33},{"not_picked":["Streamline","FTL+1"],"picked":"Capacitor+1","floor":35},{"not_picked":["Turbo+1","Blizzard","Gash"],"picked":"SKIP","floor":36},{"not_picked":["Beam Cell","Rebound"],"picked":"Capacitor","floor":37},{"not_picked":["Gash","Beam Cell+1"],"picked":"Self Repair+1","floor":39},{"not_picked":["Beam Cell","Sweeping Beam"],"picked":"Coolheaded+1","floor":40},{"not_picked":["FTL","Doom and Gloom"],"picked":"Force Field+1","floor":42},{"not_picked":["Steam+1","Meteor Strike","Rebound+1"],"picked":"SKIP","floor":44},{"not_picked":["Lockon","Compile Driver"],"picked":"Hologram+1","floor":45},{"not_picked":["Sweeping Beam","Beam Cell","Barrage"],"picked":"SKIP","floor":48},{"not_picked":["Aggregate+1","Ball Lightning","Steam Power+1"],"picked":"SKIP","floor":55},{"not_picked":["Aggregate+1","Ball Lightning","Steam Power+1"],"picked":"SKIP","floor":55}],"player_experience":911200,"relics_obtained":[{"floor":7,"key":"Du-Vu Doll"},{"floor":9,"key":"MealTicket"},{"floor":14,"key":"Pocketwatch"},{"floor":23,"key":"Sundial"},{"floor":25,"key":"PreservedInsect"},{"floor":26,"key":"Mango"},{"floor":27,"key":"Whetstone"},{"floor":31,"key":"Pantograph"},{"floor":40,"key":"Kunai"},{"floor":42,"key":"Mercury Hourglass"},{"floor":45,"key":"aspiration:Lifesprig"},{"floor":55,"key":"FossilizedHelix"}],"event_choices":[{"damage_healed":0,"gold_gain":0,"player_choice":"Opened","damage_taken":0,"relics_obtained":["Omamori"],"max_hp_gain":0,"max_hp_loss":0,"event_name":"The Mausoleum","floor":21,"gold_loss":0,"cards_obtained":["Writhe"]},{"damage_healed":0,"gold_gain":0,"cards_transformed":["Barrage"],"player_choice":"Transformed","damage_taken":0,"max_hp_gain":0,"max_hp_loss":0,"event_name":"Transmorgrifier","floor":38,"gold_loss":0,"cards_obtained":["Beam Cell"]}],"is_beta":false,"boss_relics":[{"not_picked":["Philosopher\u0027s Stone","Tiny House"],"picked":"Coffee Dripper"},{"not_picked":["aspiration:SecretTechniqueScroll","SlaversCollar"],"picked":"Pandora\u0027s Box"}],"items_purged_floors":[10,10,19,30,47],"is_endless":false,"potions_floor_spawned":[5,7,23,27,28,31,36,37,44,45,48],"ascension_level":20}}