{"host":"j06fkfseroga8i8e","time":1608856160,"event":{"mods":["BaseMod","Bestiary","Colored Map","Colored Powertips","Minty Spire (QoL Compilation)","Relic Stats","StSLib","everything is the same but u backflip on backflip"],"gold_per_floor":[111,121,121,138,63,63,63,63],"floor_reached":7,"playtime":89,"items_purged":["Strike_B"],"score":64,"play_id":"69b7d295-38ed-49af-937e-a7ce3e21efd5","local_time":"20201224192920","is_ascension_mode":true,"campfire_choices":[{"data":"Zap","floor":6,"key":"SMITH"}],"circlet_count":0,"master_deck":["AscendersBane","Strike_B","Strike_B","Strike_B","Defend_B","Defend_B","Defend_B","Defend_B","Zap+1","Dualcast","Coolheaded","Rip and Tear","Sweeping Beam"],"relics":["Cracked Core","NeowsBlessing","Art of War"],"acts_visited":["Exordium"],"potions_floor_usage":[7],"damage_taken":[{"damage":0,"enemies":"Jaw Worm","floor":1,"turns":1},{"damage":0,"enemies":"Small Slimes","floor":2,"turns":1},{"damage":0,"enemies":"Cultist","floor":4,"turns":1},{"damage":0,"enemies":"Gremlin Nob","floor":7,"turns":2}],"seed_played":"2631608588197773867","potions_obtained":[{"floor":2,"key":"ColorlessPotion"}],"is_trial":false,"path_per_floor":["M","M","?","M","$","R","E"],"character_chosen":"DEFECT","items_purchased":[],"campfire_rested":0,"item_purchase_floors":[],"current_hp_per_floor":[68,68,50,50,50,50,50,50],"gold":63,"neow_bonus":"THREE_ENEMY_KILL","is_daily":false,"chose_seed":false,"campfire_upgraded":1,"win_rate":0.0,"timestamp":1608856160,"path_taken":["M","M","?","M","$","R","E"],"items_purchased_type":[],"build_version":"2020-12-22","purchased_purges":1,"victory":false,"max_hp_per_floor":[75,75,75,75,75,75,75,75],"relic_stats":{"counters":[4,5],"Art of War":[0],"obtain_stats":[{"NeowsBlessing":0,"Art of War":3,"Cracked Core":0},{"NeowsBlessing":0,"Art of War":2,"Cracked Core":0},{"NeowsBlessing":0,"Art of War":2,"Cracked Core":0}]},"card_choices":[{"not_picked":["Storm","Go for the Eyes"],"picked":"Coolheaded","floor":1},{"not_picked":["Beam Cell","BootSequence"],"picked":"Rip and Tear","floor":2},{"not_picked":["Rebound","Steam"],"picked":"Sweeping Beam","floor":4}],"player_experience":561173,"relics_obtained":[],"event_choices":[{"damage_healed":0,"gold_gain":0,"player_choice":"Success","damage_taken":18,"relics_obtained":["Art of War"],"max_hp_gain":0,"max_hp_loss":0,"event_name":"Scrap Ooze","floor":3,"gold_loss":0}],"is_beta":false,"boss_relics":[],"items_purged_floors":[5],"is_endless":false,"potions_floor_spawned":[2],"killed_by":"Gremlin Nob","ascension_level":11}}