{"host":"ljnkpwbnfujn5lym","time":1608925495,"event":{"mods":["Bard","BaseMod","Better Note","Colored Map","Colored Powertips","Exacting","Googly Eyes","Highlight Path","Infinite Spire","Minty Spire (QoL Compilation)","Permanent Neow","Quick Restart","Relic Sorter","Relic Stats","Replay The Spire","StSLib","The IronCluck","slay the spire mod where everything is the same but ironclad has a cowboy hat"],"gold_per_floor":[116,135,148,148,73,105,105,138,186,220,220,295,327,358,358,358,358],"floor_reached":16,"playtime":409,"items_purged":["Regret"],"score":234,"play_id":"2edf88f5-2941-4d11-9a29-42acd0f7578b","local_time":"20201225134455","is_ascension_mode":true,"campfire_choices":[{"data":"Electrodynamics","floor":7,"key":"SMITH"},{"floor":11,"key":"REST"},{"data":"Mirror Shield","floor":15,"key":"SMITH"}],"circlet_count":0,"master_deck":["AscendersBane","Strike_B","Strike_B","Strike_B","Strike_B","Defend_B","Defend_B","Defend_B","Defend_B","Zap","Dualcast","Electrodynamics+1","Go for the Eyes","Mirror Shield+1","Electrodynamics","Ball Lightning"],"relics":["Cracked Core","NeowsBlessing","Pantograph","Centennial Puzzle","infinitespire:ShieldingShard","infinitespire:Lucky Rock","Blood Vial"],"acts_visited":["Exordium"],"potions_floor_usage":[8,13],"damage_taken":[{"damage":0,"enemies":"Cultist","floor":1,"turns":1},{"damage":0,"enemies":"2 Louse","floor":2,"turns":1},{"damage":0,"enemies":"Small Slimes","floor":3,"turns":1},{"damage":29,"enemies":"Lagavulin","floor":6,"turns":7},{"damage":5,"enemies":"Gremlin Nob","floor":8,"turns":3},{"damage":4,"enemies":"2 Fungi Beasts","floor":10,"turns":2},{"damage":10,"enemies":"3 Sentries","floor":13,"turns":4},{"damage":6,"enemies":"3 Louse","floor":14,"turns":3},{"damage":54,"enemies":"Hexaghost","floor":16,"turns":11}],"seed_played":"-7218361924146205047","potions_obtained":[{"floor":3,"key":"LifebloodPotion"},{"floor":6,"key":"Explosive Potion"},{"floor":13,"key":"Reflective Coating"}],"is_trial":false,"path_per_floor":["M","M","M","?","$","E","R","E","T","M","R","?","E","M","R","B"],"character_chosen":"DEFECT","items_purchased":[],"campfire_rested":1,"item_purchase_floors":[],"current_hp_per_floor":[64,64,64,64,64,35,35,30,30,26,47,36,26,22,22,0,0],"gold":358,"neow_bonus":"THREE_ENEMY_KILL","is_daily":false,"chose_seed":false,"campfire_upgraded":2,"win_rate":0.0,"timestamp":1608925495,"path_taken":["M","?","M","?","$","E","R","E","T","M","R","?","E","M","R","BOSS"],"items_purchased_type":[],"build_version":"2020-12-22","purchased_purges":1,"victory":false,"max_hp_per_floor":[71,71,71,71,71,71,71,71,71,71,71,71,71,71,71,71,71],"relic_stats":{"Blood Vial":4,"Centennial Puzzle":[15],"counters":[9,33],"Pantograph":25,"obtain_stats":[{"Blood Vial":13,"Centennial Puzzle":6,"infinitespire:ShieldingShard":8,"NeowsBlessing":0,"Pantograph":4,"infinitespire:Lucky Rock":9,"Cracked Core":0},{"Blood Vial":7,"Centennial Puzzle":4,"infinitespire:ShieldingShard":5,"NeowsBlessing":0,"Pantograph":3,"infinitespire:Lucky Rock":5,"Cracked Core":0},{"Blood Vial":19,"Centennial Puzzle":10,"infinitespire:ShieldingShard":13,"NeowsBlessing":0,"Pantograph":3,"infinitespire:Lucky Rock":13,"Cracked Core":0}]},"card_choices":[{"not_picked":["Blizzard","Static Discharge"],"picked":"Go for the Eyes","floor":1},{"not_picked":["Go for the Eyes","Rebound","Stack"],"picked":"SKIP","floor":2},{"not_picked":["Skim","Steam"],"picked":"Mirror Shield","floor":3},{"not_picked":["Hello World","Gash","Streamline"],"picked":"SKIP","floor":6},{"not_picked":["Cold Snap","Hologram"],"picked":"Electrodynamics","floor":8},{"not_picked":["Panic Button","Sweeping Beam","Go for the Eyes"],"picked":"SKIP","floor":10},{"not_picked":["Steam","BasicCrystalCard","Redo"],"picked":"SKIP","floor":13},{"not_picked":["Redo","BasicCrystalCard"],"picked":"Ball Lightning","floor":14}],"player_experience":634543,"relics_obtained":[{"floor":6,"key":"Centennial Puzzle"},{"floor":8,"key":"infinitespire:ShieldingShard"},{"floor":9,"key":"infinitespire:Lucky Rock"},{"floor":13,"key":"Blood Vial"}],"event_choices":[{"damage_healed":0,"gold_gain":0,"player_choice":"Box","damage_taken":0,"relics_obtained":["Pantograph"],"max_hp_gain":0,"max_hp_loss":0,"event_name":"Big Fish","floor":4,"gold_loss":0,"cards_obtained":["Regret"]},{"damage_healed":0,"gold_gain":75,"player_choice":"Gather Gold","damage_taken":11,"max_hp_gain":0,"max_hp_loss":0,"event_name":"World of Goop","floor":12,"gold_loss":0}],"is_beta":false,"boss_relics":[],"items_purged_floors":[5],"is_endless":false,"potions_floor_spawned":[3,6,13],"killed_by":"Hexaghost","ascension_level":19}}