{"host":"6pgtslebjnyv5xmi","time":1608876410,"event":{"mods":["AchievementEnabler","BaseMod","Colored Map","Minty Spire (QoL Compilation)","Rare Cards Sparkle","StSLib","SuperFastMode","The Dragon Tamer","everything is the same but u backflip on backflip"],"gold_per_floor":[118,132,132,145,95,95,111,36,63,75,107,131,131,156,156,260,260,274,23,293,310,310,338,338,338],"floor_reached":24,"playtime":1211,"items_purged":["Strike_G"],"score":302,"play_id":"33542730-5a49-4912-b331-006abc2091f7","local_time":"20201225150650","is_ascension_mode":true,"campfire_choices":[{"data":"Flechettes","floor":6.0,"key":"SMITH"},{"floor":15.0,"key":"REST"}],"circlet_count":0,"master_deck":["Strike_G","Strike_G","Strike_G","Strike_G","Defend_G","Defend_G","Defend_G","Defend_G+1","Defend_G","Survivor","Neutralize","Flechettes+1","Bouncing Flask","Deadly Poison+1","Backstab","Bullet Time","After Image","CurseOfTheBell","Calculated Gamble","Footwork"],"relics":["Ring of the Snake","Gambling Chip","Art of War","Vajra","Girya","War Paint","PreservedInsect","Bag of Marbles","Calling Bell","Bronze Scales","Kunai","Turnip","Paper Crane","Centennial Puzzle"],"acts_visited":["Exordium","TheCity"],"potions_floor_usage":[],"damage_taken":[{"damage":4.0,"enemies":"Small Slimes","floor":1.0,"turns":4.0},{"damage":0.0,"enemies":"2 Louse","floor":2.0,"turns":3.0},{"damage":7.0,"enemies":"Jaw Worm","floor":4.0,"turns":3.0},{"damage":22.0,"enemies":"2 Fungi Beasts","floor":7.0,"turns":4.0},{"damage":0.0,"enemies":"Exordium Thugs","floor":10.0,"turns":3.0},{"damage":17.0,"enemies":"Lagavulin","floor":11.0,"turns":5.0},{"damage":6.0,"enemies":"3 Sentries","floor":14.0,"turns":5.0},{"damage":7.0,"enemies":"Hexaghost","floor":16.0,"turns":6.0},{"damage":0.0,"enemies":"Chosen","floor":18.0,"turns":4.0},{"damage":1.0,"enemies":"Shell Parasite","floor":21.0,"turns":4.0},{"damage":7.0,"enemies":"Slavers","floor":23.0,"turns":5.0},{"damage":10,"enemies":"Masked Bandits","floor":24,"turns":2}],"seed_played":"-7834937708331915475","potions_obtained":[{"floor":10.0,"key":"CultistPotion"},{"floor":11.0,"key":"FearPotion"},{"floor":14.0,"key":"CunningPotion"},{"floor":21.0,"key":"FearPotion"}],"is_trial":false,"path_per_floor":["M","M","?","M","?","R","M","$","T","M","E","T","?","E","R","B",null,"M","$","?","M","?","E","?"],"character_chosen":"THE_SILENT","items_purchased":["Paper Crane"],"campfire_rested":1,"item_purchase_floors":[19],"current_hp_per_floor":[59,59,59,52,52,52,30,30,30,30,13,13,13,7,25,18,52,52,52,25,24,13,6,0,0],"gold":338,"neow_bonus":"ONE_RARE_RELIC","is_daily":false,"chose_seed":false,"campfire_upgraded":1,"win_rate":0.0,"timestamp":1608876410,"path_taken":["M","M","?","M","?","R","M","$","T","M","E","?","?","E","R","BOSS","M","$","?","?","?","E","?"],"items_purchased_type":["Relic"],"build_version":"2020-12-22","purchased_purges":1,"victory":false,"max_hp_per_floor":[63,63,63,63,63,63,63,63,63,63,63,63,63,63,63,63,63,63,63,63,63,68,68,68,68],"card_choices":[{"not_picked":["Cloak And Dagger","Deflect"],"picked":"Flechettes","floor":1.0},{"not_picked":["Catalyst","Prepared"],"picked":"Bouncing Flask","floor":2.0},{"not_picked":["Underhanded Strike","Dagger Spray","Expertise"],"picked":"SKIP","floor":4.0},{"not_picked":["Outmaneuver","Flying Knee"],"picked":"Deadly Poison","floor":7.0},{"not_picked":["Sucker Punch","PiercingWail"],"picked":"Backstab","floor":10.0},{"not_picked":["Blade Dance","Setup","Dagger Spray"],"picked":"SKIP","floor":11.0},{"not_picked":["Setup","Calculated Gamble"],"picked":"Bullet Time","floor":14.0},{"not_picked":["Night Terror","Doppelganger"],"picked":"After Image","floor":16.0},{"not_picked":["Sucker Punch+1","Dagger Throw+1"],"picked":"Calculated Gamble","floor":18.0},{"not_picked":["Dash","Infinite Blades"],"picked":"Footwork","floor":21.0},{"not_picked":["Deflect","Leg Sweep","Masterful Stab"],"picked":"SKIP","floor":23.0}],"player_experience":485303,"relics_obtained":[{"floor":9.0,"key":"Vajra"},{"floor":11.0,"key":"Girya"},{"floor":12.0,"key":"War Paint"},{"floor":14.0,"key":"Bag of Marbles"},{"floor":17.0,"key":"Bronze Scales"},{"floor":17.0,"key":"Kunai"},{"floor":17.0,"key":"Turnip"},{"floor":23.0,"key":"Centennial Puzzle"}],"event_choices":[{"damage_healed":0.0,"max_hp_gain":0.0,"max_hp_loss":0.0,"gold_gain":0.0,"event_name":"Big Fish","player_choice":"Box","floor":3.0,"gold_loss":0.0,"damage_taken":0.0,"relics_obtained":["Art of War"],"cards_obtained":["Regret"]},{"cards_removed":["Regret"],"damage_healed":0.0,"max_hp_gain":0.0,"max_hp_loss":0.0,"gold_gain":0.0,"event_name":"The Cleric","player_choice":"Card Removal","floor":5.0,"gold_loss":50.0,"damage_taken":0.0},{"damage_healed":0.0,"max_hp_gain":0.0,"max_hp_loss":0.0,"gold_gain":0.0,"event_name":"WeMeetAgain","player_choice":"Gave Potion","floor":13.0,"gold_loss":0.0,"damage_taken":0.0,"relics_obtained":["PreservedInsect"]},{"damage_healed":0.0,"max_hp_gain":0.0,"max_hp_loss":0.0,"gold_gain":270.0,"event_name":"Knowing Skull","player_choice":"GOLD GOLD GOLD ","floor":20.0,"potions_obtained":[],"gold_loss":0.0,"damage_taken":27.0,"cards_obtained":[]},{"damage_healed":0.0,"max_hp_gain":5.0,"max_hp_loss":0.0,"gold_gain":0.0,"event_name":"Forgotten Altar","player_choice":"Shed Blood","floor":22.0,"gold_loss":0.0,"damage_taken":16.0},{"damage_healed":0,"gold_gain":0,"player_choice":"Fought Bandits","damage_taken":0,"max_hp_gain":0,"max_hp_loss":0,"event_name":"Masked Bandits","floor":24,"gold_loss":0}],"is_beta":false,"boss_relics":[{"not_picked":["Philosopher\u0027s Stone","SlaversCollar"],"picked":"Calling Bell"}],"items_purged_floors":[8],"is_endless":false,"potions_floor_spawned":[10,11,14,21],"killed_by":"Masked Bandits","ascension_level":7}}