{"host":"5bdt6s51dmpd4l3v","time":1608897681,"event":{"mods":["AchievementEnabler","BaseMod","Colored Map","Colored Powertips","Highlight Path","Minty Spire (QoL Compilation)","Quick Restart","Rare Cards Sparkle","StSLib"],"gold_per_floor":[114,84,97,97,109,109,128,128,151,151,201,67,102,119,119,192,192,192,192],"floor_reached":18,"playtime":327,"items_purged":[],"score":378,"play_id":"19b323b5-517e-4051-8084-6094ee01204c","local_time":"20201225200121","is_ascension_mode":true,"campfire_choices":[{"data":"Infernal Blade","floor":6.0,"key":"SMITH"},{"data":"Pommel Strike","floor":8.0,"key":"SMITH"},{"data":"Warcry","floor":10.0,"key":"SMITH"},{"data":"Battle Trance","floor":15.0,"key":"SMITH"}],"circlet_count":0,"master_deck":["AscendersBane","Strike_R","Strike_R","Strike_R","Strike_R","Strike_R","Defend_R","Defend_R","Defend_R","Defend_R","Bash","Infernal Blade+1","Twin Strike","Bloodletting","Pommel Strike+1","Warcry+1","Battle Trance+1","Sword Boomerang"],"relics":["Burning Blood","NeowsBlessing","Centennial Puzzle","Tiny Chest","Black Star"],"acts_visited":["Exordium","TheCity"],"potions_floor_usage":[16,16],"damage_taken":[{"damage":0.0,"enemies":"Cultist","floor":1.0,"turns":1.0},{"damage":0.0,"enemies":"Small Slimes","floor":3.0,"turns":1.0},{"damage":0.0,"enemies":"Jaw Worm","floor":5.0,"turns":1.0},{"damage":2.0,"enemies":"2 Fungi Beasts","floor":7.0,"turns":4.0},{"damage":28.0,"enemies":"3 Sentries","floor":13.0,"turns":5.0},{"damage":0.0,"enemies":"Large Slime","floor":14.0,"turns":2.0},{"damage":3,"enemies":"Slime Boss","floor":16,"turns":6},{"damage":0,"enemies":"Spheric Guardian","floor":18,"turns":1}],"seed_played":"-2489436295234256222","potions_obtained":[{"floor":1.0,"key":"CultistPotion"},{"floor":3.0,"key":"FearPotion"},{"floor":7.0,"key":"DistilledChaos"}],"is_trial":false,"path_per_floor":["M","$","M","$","M","R","M","R","T","R","?","$","E","M","R","B",null,"M"],"character_chosen":"IRONCLAD","items_purchased":["Twin Strike","Battle Trance","Sword Boomerang"],"campfire_rested":0,"item_purchase_floors":[2,12,12],"current_hp_per_floor":[74,74,75,75,75,75,75,75,75,75,68,68,46,52,52,55,70,70,70],"gold":192,"neow_bonus":"THREE_ENEMY_KILL","is_daily":false,"chose_seed":false,"campfire_upgraded":4,"win_rate":0.0,"timestamp":1608897681,"path_taken":["M","$","M","$","?","R","M","R","T","R","?","$","E","?","R","BOSS","M"],"items_purchased_type":["Card","Card","Card"],"build_version":"2020-12-22","purchased_purges":0,"victory":false,"max_hp_per_floor":[75,75,75,75,75,75,75,75,75,75,75,75,75,75,75,75,75,75,75],"card_choices":[{"not_picked":["Clothesline","Second Wind"],"picked":"Infernal Blade","floor":1.0},{"not_picked":["Twin Strike","Dark Embrace"],"picked":"Bloodletting","floor":3.0},{"not_picked":["Thunderclap","Blood for Blood"],"picked":"Pommel Strike","floor":5.0},{"not_picked":["Feel No Pain","Clash"],"picked":"Warcry","floor":7.0},{"not_picked":["Clothesline","Disarm","Dark Embrace"],"picked":"SKIP","floor":13.0},{"not_picked":["Twin Strike","True Grit","Combust"],"picked":"SKIP","floor":14.0}],"player_experience":235879,"relics_obtained":[{"floor":9.0,"key":"Centennial Puzzle"},{"floor":13.0,"key":"Tiny Chest"}],"event_choices":[{"damage_healed":0.0,"max_hp_gain":0.0,"max_hp_loss":0.0,"gold_gain":50.0,"event_name":"FaceTrader","player_choice":"Touch","floor":11.0,"gold_loss":0.0,"damage_taken":7.0}],"is_beta":false,"boss_relics":[{"not_picked":["Cursed Key","Runic Pyramid"],"picked":"Black Star"}],"items_purged_floors":[],"is_endless":false,"potions_floor_spawned":[1,3,7,14],"killed_by":"Spheric Guardian","ascension_level":16}}