{"host":"iak1zw6udsaqx1iy","time":1608917242,"event":{"mods":["BaseMod","Hermit","Minty Spire (QoL Compilation)","Replay The Spire","StSLib","The Alterego","The Cursed","The Servant 0.9.4","WarShipGirlsR/’ΩΩ¢…Ÿ≈ÆR mod"],"gold_per_floor":[114,126,146,158,184,184,26,26,26,39,39,39,55,73,73,178,178,197,216,229,229,244,244,261,211,211,18,40,67,67,104,104,257,257,292,292,347,382,382,382,5,46,70,112,162,201,274,274,274,304,304,304,16,99,117],"floor_reached":56,"playtime":5831,"items_purged":["Regret"],"score":1527,"play_id":"705760e5-f526-458b-bde5-640643ddc140","local_time":"20201226012722","is_ascension_mode":false,"campfire_choices":[{"data":"TheWorld","floor":6.0,"key":"SMITH"},{"data":"Exchange","floor":8.0,"key":"SMITH"},{"data":"KidneyShot","floor":12.0,"key":"SMITH"},{"floor":15.0,"key":"REST"},{"data":"Embodiment","floor":23.0,"key":"SMITH"},{"data":"FlawlessForm","floor":30.0,"key":"SMITH"},{"data":"InstantArmor","floor":32.0,"key":"SMITH"},{"data":"Strike_S","floor":40.0,"key":"SMITH"},{"floor":49.0,"key":"RECALL"},{"data":"SilverBlades","floor":52.0,"key":"SMITH"}],"circlet_count":0,"master_deck":["Strike_S+1","Strike_S+1","Strike_S+1","Strike_S+1","Defend_S+1","Defend_S+1","Defend_S+1","Defend_S+1","KidneyShot+1","Exchange+1","TheWorld+1","RealityMarble+1","Ricochet+1","TimeWarp+1","InstantArmor+1","Pot Of Greed+1","Pot Of Greed+1","Rearm+1","Misdirection+1","Misdirection+1","Comet+1","Defy+1","FanOfKnives+1","Embodiment+1","Potential+1","Pot Of Greed+1","Revamp+1","GearUp+1","Gouge+1","Foresight+1","Barrier+1","Moondial+1","Foresight+1","Manipulate+1","Rearm+1","FlawlessForm+1","TimeWarp+1","Exchange+1","Pot Of Greed+1","FastForward+1","Starlight+1","Rearm+1","FloweringNight+1","ReplayTheSpireMod:Splinters","Ricochet+1","Spin+1","Replace+1","Hightail+1","Alleviate","SilverBlades+1","Pot Of Greed","ShatteredReality","Initiator","Initiator","SpecialFormula+1"],"relics":["Uniform","Grinning Jar","Strawberry","Simple Rune","Painkiller Herb","Replay:Bandana","DollysMirror","Replay:Bronze Core","Replay:WaspNest","Mark of the Bloom","Juzu Bracelet","Sling","Thread and Needle","Durian","Membership Card","Happy Flower","Toy Ornithopter"],"acts_visited":["Exordium","TheCity","TheBeyond","TheEnding"],"potions_floor_usage":[54,55],"damage_taken":[{"damage":0.0,"enemies":"Cultist","floor":1.0,"turns":3.0},{"damage":0.0,"enemies":"Small Slimes","floor":2.0,"turns":3.0},{"damage":3.0,"enemies":"Jaw Worm","floor":3.0,"turns":3.0},{"damage":18.0,"enemies":"Large Slime","floor":4.0,"turns":8.0},{"damage":0.0,"enemies":"Exordium Thugs","floor":10.0,"turns":4.0},{"damage":0.0,"enemies":"2 Fungi Beasts","floor":13.0,"turns":3.0},{"damage":0.0,"enemies":"3 Louse","floor":14.0,"turns":2.0},{"damage":22.0,"enemies":"The Guardian","floor":16.0,"turns":12.0},{"damage":0.0,"enemies":"Chosen","floor":18.0,"turns":4.0},{"damage":0.0,"enemies":"3 Byrds","floor":19.0,"turns":6.0},{"damage":0.0,"enemies":"3 Cultists","floor":20.0,"turns":5.0},{"damage":9.0,"enemies":"Snake Plant","floor":22.0,"turns":4.0},{"damage":5.0,"enemies":"Centurion and Healer","floor":24.0,"turns":6.0},{"damage":0.0,"enemies":"Snecko","floor":28.0,"turns":7.0},{"damage":0.0,"enemies":"Snake Plant","floor":29.0,"turns":5.0},{"damage":0.0,"enemies":"Sentry and Sphere","floor":31.0,"turns":5.0},{"damage":13.0,"enemies":"Pondfish","floor":33.0,"turns":10.0},{"damage":15.0,"enemies":"3 Darklings","floor":35.0,"turns":5.0},{"damage":2.0,"enemies":"Orb Walker","floor":38.0,"turns":5.0},{"damage":0.0,"enemies":"Maw","floor":42.0,"turns":7.0},{"damage":0.0,"enemies":"Transient","floor":44.0,"turns":5.0},{"damage":0.0,"enemies":"Jaw Worm Horde","floor":45.0,"turns":4.0},{"damage":0.0,"enemies":"Spire Growth","floor":46.0,"turns":6.0},{"damage":5.0,"enemies":"Reptomancer","floor":47.0,"turns":6.0},{"damage":0.0,"enemies":"Donu and Deca","floor":50.0,"turns":9.0},{"damage":2,"enemies":"Shield and Spear","floor":54,"turns":5},{"damage":21,"enemies":"The Heart","floor":55,"turns":11}],"seed_played":"5070571244098248412","potions_obtained":[{"floor":1.0,"key":"PowerPotion"},{"floor":2.0,"key":"Weak Potion"},{"floor":4.0,"key":"Doom Potion"},{"floor":10.0,"key":"Swift Potion"},{"floor":18.0,"key":"EssenceOfSteel"},{"floor":19.0,"key":"LifebloodPotion"},{"floor":20.0,"key":"PowerPotion"},{"floor":28.0,"key":"ColorlessPotion"},{"floor":31.0,"key":"PowerPotion"},{"floor":33.0,"key":"SteroidPotion"},{"floor":37.0,"key":"Block Potion"},{"floor":38.0,"key":"SteroidPotion"},{"floor":44.0,"key":"Block Potion"},{"floor":54,"key":"PowerPotion"}],"is_trial":false,"path_per_floor":["M","M","M","M","T","R","$","R","T","M","?","R","M","M","R","B",null,"?","?","?","?","?","T","?","?","T","T","?","?","T","?","T","B",null,"?","?","?","?","?","T","T","?","T","?","?","?","E","T","T","B",null,"T","T","E","B",null],"character_chosen":"THE_SERVANT","items_purchased":["Rearm","Misdirection","Fire Potion","TimeWarp+1","DollysMirror","Juzu Bracelet","Sling","Membership Card","Happy Flower","Initiator"],"campfire_rested":1,"item_purchase_floors":[7,7,7,27,27,41,41,53,53,53],"current_hp_per_floor":[65,65,62,44,44,44,44,44,51,51,51,51,51,51,72,50,72,72,72,72,72,63,63,58,58,58,58,58,58,58,58,58,45,72,57,57,57,55,55,55,55,55,55,55,55,55,50,50,50,50,50,50,50,48,27],"gold":117,"neow_bonus":"ONE_RANDOM_RARE_CARD","is_daily":false,"chose_seed":false,"campfire_upgraded":8,"win_rate":0.0,"timestamp":1608917242,"path_taken":["M","?","M","M","?","R","$","R","T","?","?","R","M","M","R","BOSS","?","?","?","?","?","T","?","?","T","T","?","?","T","?","T","BOSS","?","?","?","?","?","T","T","?","T","?","?","?","E","?","T","BOSS","T","T","E","BOSS"],"items_purchased_type":["Card","Card","Potion","Card","Relic","Relic","Relic","Relic","Relic","Card"],"build_version":"2020-12-22","purchased_purges":1,"victory":true,"max_hp_per_floor":[65,65,65,65,65,65,65,65,72,72,72,72,72,72,72,72,72,72,72,72,72,72,72,72,72,72,72,72,72,72,72,72,72,72,72,72,72,72,72,72,72,72,72,72,72,72,72,77,77,77,77,77,77,77,77],"card_choices":[{"not_picked":["Luminosity","Contraction"],"picked":"RealityMarble","floor":1.0},{"not_picked":["Barrier","DoubleEdge"],"picked":"Ricochet","floor":2.0},{"not_picked":["Starlight","Sabotage"],"picked":"TimeWarp","floor":3.0},{"not_picked":["FastForward","Alleviate"],"picked":"InstantArmor","floor":4.0},{"not_picked":["Spin","Alleviate"],"picked":"Comet","floor":10.0},{"not_picked":["Gouge","Snipe"],"picked":"Defy","floor":13.0},{"not_picked":["Barrier","Sabotage"],"picked":"FanOfKnives","floor":14.0},{"not_picked":["KillingDoll","SoulSculpture"],"picked":"Embodiment","floor":16.0},{"not_picked":["Rewind","Spin"],"picked":"Potential","floor":18.0},{"not_picked":["FastForward","Sabotage"],"picked":"Revamp","floor":19.0},{"not_picked":["Defy","Unruled"],"picked":"GearUp","floor":20.0},{"not_picked":["DoubleEdge","FanOfKnives"],"picked":"Gouge","floor":22.0},{"not_picked":["Collapse","PendulumOfEternity"],"picked":"Foresight","floor":24.0},{"not_picked":[],"picked":"Barrier","floor":25.0},{"not_picked":[],"picked":"Moondial","floor":25.0},{"not_picked":[],"picked":"Foresight","floor":25.0},{"not_picked":[],"picked":"Manipulate","floor":25.0},{"not_picked":[],"picked":"Rearm","floor":25.0},{"not_picked":[],"picked":"FlawlessForm","floor":25.0},{"not_picked":["Moondial+1","Ricochet"],"picked":"FastForward","floor":28.0},{"not_picked":["Potential","Moondial"],"picked":"Starlight","floor":29.0},{"not_picked":["Reset","Potential"],"picked":"Rearm","floor":31.0},{"not_picked":["FlawlessForm","SoulSculpture"],"picked":"FloweringNight","floor":33.0},{"not_picked":["BottledTime+1","WasteNot+1"],"picked":"Spin+1","floor":35.0},{"not_picked":["MoonPhase+1","Rewind"],"picked":"Ricochet+1","floor":37.0},{"not_picked":["WasteNot","Misdirection"],"picked":"Spin","floor":38.0},{"not_picked":["Starlight+1","ShiftingGears"],"picked":"Replace+1","floor":42.0},{"not_picked":["BottledTime+1","FloweringNight"],"picked":"Hightail+1","floor":44.0},{"not_picked":["Snipe","Revamp"],"picked":"Alleviate","floor":45.0},{"not_picked":["Ricochet+1","Unruled"],"picked":"SilverBlades","floor":46.0},{"not_picked":["Moondial+1","FastForward"],"picked":"ShatteredReality","floor":47.0},{"not_picked":["FloweringNight","Reset"],"picked":"SpecialFormula+1","floor":54}],"player_experience":240217,"relics_obtained":[{"floor":5.0,"key":"Grinning Jar"},{"floor":9.0,"key":"Strawberry"},{"floor":26.0,"key":"Replay:Bandana"},{"floor":37.0,"key":"Replay:WaspNest"},{"floor":47.0,"key":"Thread and Needle"},{"floor":48.0,"key":"Durian"},{"floor":54,"key":"Toy Ornithopter"}],"event_choices":[{"damage_healed":0.0,"max_hp_gain":0.0,"max_hp_loss":0.0,"gold_gain":0.0,"event_name":"Big Fish","player_choice":"Box","floor":11.0,"gold_loss":0.0,"damage_taken":0.0,"relics_obtained":["Simple Rune"],"cards_obtained":["Regret"]},{"damage_healed":0.0,"max_hp_gain":0.0,"max_hp_loss":0.0,"gold_gain":0.0,"event_name":"Ghosts","player_choice":"Ignored","floor":21.0,"gold_loss":0.0,"damage_taken":0.0},{"cards_removed":["Spin"],"damage_healed":0.0,"max_hp_gain":0.0,"max_hp_loss":0.0,"gold_gain":0.0,"event_name":"Falling","player_choice":"Removed Attack","floor":36.0,"gold_loss":0.0,"damage_taken":0.0},{"damage_healed":0.0,"max_hp_gain":0.0,"max_hp_loss":0.0,"gold_gain":0.0,"event_name":"MindBloom","player_choice":"Upgrade","floor":39.0,"gold_loss":0.0,"damage_taken":0.0,"cards_upgraded":["Strike_S","Strike_S","Strike_S","Strike_S","Defend_S","Defend_S","Defend_S","Defend_S","RealityMarble","Ricochet","TimeWarp","Pot Of Greed","Pot Of Greed","Rearm","Misdirection","Misdirection","Comet","Defy","FanOfKnives","Potential","Pot Of Greed","Revamp","GearUp","Gouge","Foresight","Barrier","Moondial","Foresight","Manipulate","Rearm","Pot Of Greed","FastForward","Starlight","Rearm","FloweringNight","Spin"],"relics_obtained":["Mark of the Bloom"]}],"is_beta":false,"boss_relics":[{"not_picked":["Replay:Wanted Poster","Velvet Choker"],"picked":"Painkiller Herb"},{"not_picked":["Philosopher\u0027s Stone","Runic Pyramid"],"picked":"Replay:Bronze Core"}],"items_purged_floors":[41],"is_endless":false,"potions_floor_spawned":[1,2,4,10,18,19,20,28,31,33,38,44,54],"ascension_level":0}}