{"host":"mj19vc0tc3cyxsq4","time":1608909436,"event":{"mods":["BaseMod","Colored Powertips","Minty Spire (QoL Compilation)","StSLib","The Servant 0.9.4"],"gold_per_floor":[214,214,214,239,239,278,278,302,302,302,322,343,363,379,379,500,500,525,44,62,62,62,62],"floor_reached":22,"playtime":1428,"items_purged":[],"score":188,"play_id":"74b2b85b-3441-4880-a4b3-3fc2efbb0aeb","local_time":"20201225161716","is_ascension_mode":false,"campfire_choices":[{"floor":7,"key":"REST"},{"data":"Potential","floor":10,"key":"SMITH"},{"data":"Snipe","floor":15,"key":"SMITH"}],"circlet_count":0,"master_deck":["Strike_S","Strike_S","Strike_S","Defend_S","Defend_S","Defend_S","Defend_S","KidneyShot","Exchange","Ricochet","Deadline","FastForward","Spin","Potential+1","Snipe+1","Replace","ShatteredReality","Barrier","MurderousAura","Unruled+1","WasteNot","DualDimension","DoubleEdge","Unruled","Revamp","Spin+1","Necronomicurse"],"relics":["Uniform","Golden Idol","Anchor","Letter Opener","MysterySword","OrangePellets","Necronomicon"],"acts_visited":["Exordium","TheCity"],"potions_floor_usage":[14,16,16,20,22,22],"damage_taken":[{"damage":0,"enemies":"Small Slimes","floor":1,"turns":4},{"damage":6,"enemies":"Jaw Worm","floor":4,"turns":4},{"damage":9,"enemies":"3 Sentries","floor":6,"turns":10},{"damage":0,"enemies":"Cultist","floor":8,"turns":2},{"damage":0,"enemies":"2 Fungi Beasts","floor":11,"turns":2},{"damage":0,"enemies":"Blue Slaver","floor":12,"turns":4},{"damage":0,"enemies":"3 Louse","floor":13,"turns":1},{"damage":0,"enemies":"Looter","floor":14,"turns":2},{"damage":4,"enemies":"Hexaghost","floor":16,"turns":10},{"damage":30,"enemies":"Spheric Guardian","floor":18,"turns":4},{"damage":10,"enemies":"3 Byrds","floor":20,"turns":4},{"damage":0,"enemies":"Centurion and Healer","floor":22,"turns":2}],"seed_played":"1573769674779399338","potions_obtained":[{"floor":6,"key":"Swift Potion"},{"floor":11,"key":"BlessingOfTheForge"},{"floor":12,"key":"BlessingOfTheForge"},{"floor":18,"key":"DistilledChaos"},{"floor":20,"key":"Fire Potion"}],"is_trial":false,"path_per_floor":["M","?","?","M","?","E","R","M","T","R","M","M","M","M","R","B",null,"M","$","M","?","M"],"character_chosen":"THE_SERVANT","items_purchased":["OrangePellets","WasteNot","DualDimension","DoubleEdge","Unruled","Revamp","PowerPotion"],"campfire_rested":1,"item_purchase_floors":[19,19,19,19,19,19,19],"current_hp_per_floor":[65,49,49,43,43,34,53,53,53,53,53,53,53,53,53,49,65,35,35,25,9,9,9],"gold":62,"neow_bonus":"HUNDRED_GOLD","is_daily":false,"chose_seed":false,"campfire_upgraded":2,"win_rate":0.0,"timestamp":1608909436,"path_taken":["M","?","?","M","?","E","R","M","T","R","M","M","M","M","R","BOSS","M","$","M","?","M"],"items_purchased_type":["Relic","Card","Card","Card","Card","Card","Potion"],"build_version":"2020-12-22","purchased_purges":0,"victory":false,"max_hp_per_floor":[65,65,65,65,65,65,65,65,65,65,65,65,65,65,65,65,65,65,65,65,65,65,65],"card_choices":[{"not_picked":["Moondial","Replace"],"picked":"Ricochet","floor":1},{"not_picked":["Spin","SpecialFormula"],"picked":"FastForward","floor":4},{"not_picked":["Alleviate","DoubleEdge"],"picked":"Spin","floor":6},{"not_picked":["Revamp","Advance"],"picked":"Potential","floor":8},{"not_picked":["Revamp","Desolation"],"picked":"Snipe","floor":11},{"not_picked":["Foresight","Rewind"],"picked":"Replace","floor":12},{"not_picked":["WasteNot","ForgedInTime"],"picked":"ShatteredReality","floor":13},{"not_picked":["BottledTime","WasteNot"],"picked":"Barrier","floor":14},{"not_picked":["ForgedInTime","Deny"],"picked":"MurderousAura","floor":16},{"not_picked":["Replace","Snipe+1"],"picked":"Unruled+1","floor":18},{"not_picked":["FanOfKnives","Comet"],"picked":"Spin+1","floor":20}],"player_experience":211304,"relics_obtained":[{"floor":6,"key":"Anchor"},{"floor":9,"key":"Letter Opener"},{"floor":21,"key":"Necronomicon"}],"event_choices":[{"damage_healed":0,"gold_gain":0,"player_choice":"Take Damage","damage_taken":16,"relics_obtained":["Golden Idol"],"max_hp_gain":0,"max_hp_loss":0,"event_name":"Golden Idol","floor":2,"gold_loss":0},{"damage_healed":0,"gold_gain":0,"cards_transformed":["Strike_S"],"player_choice":"Change","damage_taken":0,"max_hp_gain":0,"max_hp_loss":0,"event_name":"Living Wall","floor":3,"gold_loss":0,"cards_obtained":["Deadline"]},{"damage_healed":0,"gold_gain":0,"player_choice":"Ignored","damage_taken":0,"max_hp_gain":0,"max_hp_loss":0,"event_name":"Purifier","floor":5,"gold_loss":0},{"damage_healed":0,"gold_gain":0,"player_choice":"Obtained Book","damage_taken":16,"max_hp_gain":0,"max_hp_loss":0,"event_name":"Cursed Tome","floor":21,"gold_loss":0}],"is_beta":false,"boss_relics":[{"not_picked":["Velvet Choker","Fusion Hammer"],"picked":"MysterySword"}],"items_purged_floors":[],"is_endless":false,"potions_floor_spawned":[6,11,12,13,18,20],"killed_by":"Centurion and Healer","ascension_level":0}}