{"host":"3rixevx6n8b56xaj","time":1608902889,"event":{"mods":["2.2 Compatiblity","AchievementEnabler","Arknights The Spire","BaseMod","Colored Map","DeckTracker","Friendly Minions","Minty Spire (QoL Compilation)","StSLib","SuperFastMode"],"gold_per_floor":[109,126,136,60,71,71,105,105,105,55,71,71,89,107,107,211,211,225,237,248,1,18,18,18,18],"floor_reached":24,"playtime":935,"items_purged":["ats:Strike C","ats:LN2 Cannon+1"],"score":202,"play_id":"5ff726b1-f91a-4c82-a232-fe21a1670dca","local_time":"20201225222809","is_ascension_mode":false,"campfire_choices":[{"data":"ats:Soul Rend","floor":6,"key":"SMITH"},{"data":"ats:Emotion Absorption","floor":8,"key":"SMITH"},{"floor":12,"key":"REST"},{"data":"ats:Closed Bolt Burst Fire","floor":15,"key":"SMITH"},{"floor":23,"key":"REST"}],"circlet_count":0,"master_deck":["ats:Strike G","ats:Armor Crushing Shot+1","ats:Defend","ats:Defend","ats:Emotion Absorption+1","ats:Poison Spread","ats:Closed Bolt Burst Fire+1","ats:Curse Doll","ats:Soul Rend+1","ats:Composite Medical Shells","ats:Flexible Camouflage","ats:Steam Pump","ats:Powerful Strike","ats:Roar Of Ursus","ats:Beaten Up+1","ats:Assault Order+1","ats:Healing Strengthening","ats:Shell Defense","ats:Overload+1"],"relics":["ats:Sanity","ats:Snipe","ats:Originium","ats:MaxSp2","ats:MaxSp3","Astrolabe","Oddly Smooth Stone"],"acts_visited":["Exordium","TheCity"],"potions_floor_usage":[16,18,20,20],"damage_taken":[{"damage":1,"enemies":"Cultist","floor":1,"turns":3},{"damage":0,"enemies":"2 Louse","floor":2,"turns":3},{"damage":1,"enemies":"Jaw Worm","floor":3,"turns":3},{"damage":13,"enemies":"3 Louse","floor":5,"turns":3},{"damage":35,"enemies":"3 Sentries","floor":7,"turns":10},{"damage":19,"enemies":"Large Slime","floor":11,"turns":7},{"damage":11,"enemies":"Exordium Wildlife","floor":13,"turns":5},{"damage":9,"enemies":"Blue Slaver","floor":14,"turns":4},{"damage":7,"enemies":"Hexaghost","floor":16,"turns":9},{"damage":2,"enemies":"Chosen","floor":18,"turns":5},{"damage":19,"enemies":"3 Byrds","floor":19,"turns":5},{"damage":36,"enemies":"Snecko","floor":20,"turns":7},{"damage":21,"enemies":"Snake Plant","floor":22,"turns":4},{"damage":28,"enemies":"Cultist and Chosen","floor":24,"turns":4}],"seed_played":"2058586736744516855","potions_obtained":[{"floor":5,"key":"EssenceOfSteel"},{"floor":7,"key":"AttackPotion"},{"floor":13,"key":"FearPotion"},{"floor":16,"key":"ColorlessPotion"},{"floor":19,"key":"Swift Potion"}],"is_trial":false,"path_per_floor":["M","M","M","$","M","R","E","R","T","?","M","R","M","M","R","B",null,"M","M","M","$","M","R","M"],"character_chosen":"DOCTOR_CLASS","items_purchased":["ats:Soul Rend","ats:Snipe","Oddly Smooth Stone"],"campfire_rested":2,"item_purchase_floors":[4,4,21],"current_hp_per_floor":[71,71,70,70,58,58,25,25,25,25,8,29,22,13,13,24,72,72,55,19,19,1,22,0,0],"gold":18,"neow_bonus":"UPGRADE_CARD","is_daily":false,"chose_seed":false,"campfire_upgraded":3,"win_rate":0.0,"timestamp":1608902889,"path_taken":["M","M","M","$","?","R","E","R","T","?","M","R","M","M","R","BOSS","M","M","M","$","M","R","M"],"items_purchased_type":["Card","Relic","Relic"],"build_version":"2020-12-22","purchased_purges":2,"victory":false,"max_hp_per_floor":[72,72,72,72,72,72,72,72,72,72,72,72,72,72,72,72,72,72,72,72,72,72,72,72,72],"card_choices":[{"not_picked":["ats:Explosion Area Strengthen","ats:Shell Defense"],"picked":"ats:Poison Spread","floor":1},{"not_picked":["ats:Consecutive Shot Auto","ats:Ignite"],"picked":"ats:Closed Bolt Burst Fire","floor":2},{"not_picked":["ats:Thorns","ats:Shadow Raid"],"picked":"ats:Curse Doll","floor":3},{"not_picked":["ats:Assault Order","ats:Curse Doll","ats:Soul Absorption"],"picked":"SKIP","floor":5},{"not_picked":["ats:Rat Pack","ats:Hammer On"],"picked":"ats:Composite Medical Shells","floor":7},{"not_picked":["ats:Curse Doll","ats:Chain Hook"],"picked":"ats:Flexible Camouflage","floor":11},{"not_picked":["ats:Ignite","ats:Flame Of Heaven"],"picked":"ats:Steam Pump","floor":13},{"not_picked":["ats:Flexible Camouflage","ats:Leaping Hammer"],"picked":"ats:Powerful Strike","floor":14},{"not_picked":["ats:Fractured Body","ats:Calcification"],"picked":"ats:Roar Of Ursus","floor":16},{"not_picked":["ats:Powerful Strike","ats:Spore Proliferation+1","ats:Hammer On+1"],"picked":"SKIP","floor":18},{"not_picked":["ats:Poison Spread","ats:Revitalization"],"picked":"ats:Healing Strengthening","floor":19},{"not_picked":["ats:Shadow Raid","ats:Thermite Blade"],"picked":"ats:Shell Defense","floor":20},{"not_picked":["ats:Ignite","ats:Soul Absorption+1"],"picked":"ats:Overload+1","floor":22}],"player_experience":565111,"relics_obtained":[{"floor":7,"key":"ats:Originium"},{"floor":7,"key":"ats:MaxSp2"},{"floor":9,"key":"ats:MaxSp3"}],"event_choices":[{"cards_removed":["ats:Strike V"],"damage_healed":0,"gold_gain":0,"player_choice":"Card Removal","damage_taken":0,"max_hp_gain":0,"max_hp_loss":0,"event_name":"The Cleric","floor":10,"gold_loss":50}],"is_beta":false,"boss_relics":[{"not_picked":["Black Star","Philosopher\u0027s Stone"],"picked":"Astrolabe"}],"items_purged_floors":[4,21],"is_endless":false,"potions_floor_spawned":[5,7,13,16,19],"killed_by":"Cultist and Chosen","ascension_level":0}}