{"host":"qy1e0kd24tpj3i2m","time":1608928564,"event":{"mods":["Act Like it!","Alarm Clock","BaseMod","Better Skull","Better Vampires","Colored Map","Colored Powertips","Custom Start","Faster Ascension Climbing","Friendly Minions","GifTheSpireLib","Gremlin Skip","Highlight Path","Minty Spire (QoL Compilation)","Permanent Neow","Quick Restart","Red Circlet Mod","Relic Sorter","Reorder Act Four","SacredBarkPlus","Shop Mod","StSLib","SuperFastMode","Transform Curses","没有小屋子和绿帽子啦"],"gold_per_floor":[118,118,118,131,131,131,144,144,215,215,43,43,66,86,86,86,86],"floor_reached":16,"playtime":353,"items_purged":[],"score":180,"play_id":"83fcb53d-b048-4630-a1ec-42afd8d810f5","local_time":"20201226053604","is_ascension_mode":true,"campfire_choices":[{"data":"Feed","floor":6.0,"key":"SMITH"},{"data":"Pommel Strike","floor":8.0,"key":"SMITH"},{"data":"Rupture","floor":10.0,"key":"SMITH"},{"floor":15.0,"key":"RECALL"}],"circlet_count":0,"master_deck":["AscendersBane","Strike_R","Strike_R","Strike_R","Strike_R","Strike_R","Defend_R","Defend_R","Defend_R","Defend_R","Bash","Feed+1","Rupture+1","Pommel Strike+1","Shrug It Off"],"relics":["Burning Blood","Golden Idol","Lantern","Question Card","Art of War"],"acts_visited":["Exordium"],"potions_floor_usage":[16],"damage_taken":[{"damage":4.0,"enemies":"Small Slimes","floor":1.0,"turns":3.0},{"damage":7.0,"enemies":"2 Louse","floor":4.0,"turns":3.0},{"damage":13.0,"enemies":"Cultist","floor":7.0,"turns":5.0},{"damage":3.0,"enemies":"2 Fungi Beasts","floor":13.0,"turns":4.0},{"damage":2.0,"enemies":"Looter","floor":14.0,"turns":5.0},{"damage":30,"enemies":"Hexaghost","floor":16,"turns":9}],"seed_played":"-5264694346901501579","potions_obtained":[{"floor":1.0,"key":"FearPotion"},{"floor":7.0,"key":"Explosive Potion"},{"floor":14.0,"key":"DistilledChaos"}],"is_trial":false,"path_per_floor":["M","?","?","M","?","R","M","R","T","R","$","?","M","M","R","B"],"character_chosen":"IRONCLAD","items_purchased":["Art of War"],"campfire_rested":0,"item_purchase_floors":[11],"current_hp_per_floor":[55,55,55,57,46,46,43,43,43,43,43,43,50,58,58,28,28],"gold":86,"neow_bonus":"THREE_RARE_CARDS","is_daily":false,"chose_seed":false,"campfire_upgraded":3,"win_rate":0.0,"timestamp":1608928564,"path_taken":["M","?","?","?","?","R","M","R","T","R","$","?","M","?","R","BOSS"],"items_purchased_type":["Relic"],"build_version":"2020-12-22","purchased_purges":0,"victory":false,"max_hp_per_floor":[78,71,71,74,74,74,78,78,78,78,78,78,82,86,86,86,86],"card_choices":[{"not_picked":["Brutality","Bludgeon"],"picked":"Feed","floor":0.0},{"not_picked":["Body Slam","Wild Strike"],"picked":"Rupture","floor":1.0},{"not_picked":["Perfected Strike","Havoc"],"picked":"Pommel Strike","floor":4.0},{"not_picked":["Wild Strike","Fire Breathing"],"picked":"Shrug It Off","floor":7.0},{"not_picked":["Iron Wave","Pummel","Anger","Berserk"],"picked":"SKIP","floor":13.0},{"not_picked":["Twin Strike","Warcry","Body Slam","Anger"],"picked":"SKIP","floor":14.0}],"player_experience":915011,"relics_obtained":[{"floor":9.0,"key":"Question Card"}],"event_choices":[{"damage_healed":0.0,"max_hp_gain":0.0,"max_hp_loss":7.0,"gold_gain":0.0,"event_name":"Golden Idol","player_choice":"Lose Max HP","floor":2.0,"gold_loss":0.0,"damage_taken":0.0,"relics_obtained":["Golden Idol"]},{"damage_healed":0.0,"max_hp_gain":0.0,"max_hp_loss":0.0,"gold_gain":0.0,"event_name":"Scrap Ooze","player_choice":"Success","floor":5.0,"gold_loss":0.0,"damage_taken":11.0,"relics_obtained":["Lantern"]},{"damage_healed":0.0,"max_hp_gain":0.0,"max_hp_loss":0.0,"gold_gain":0.0,"event_name":"The Cleric","player_choice":"Leave","floor":12.0,"gold_loss":0.0,"damage_taken":0.0}],"is_beta":false,"boss_relics":[],"items_purged_floors":[],"is_endless":false,"potions_floor_spawned":[1,7,14],"killed_by":"Hexaghost","ascension_level":20}}