{"host":"qwb18rbrg3wnmsho","time":1608907492,"event":{"mods":["Act Like it!","BaseMod","BetterRewards","Gensokyo","Minty Spire (QoL Compilation)","MostiFishMod","Potion Indicator Mod","Quarter Circle Forward PUNCH!","Remilia£®¿Ÿ√◊¿Ú—«£©","Replay The Spire","StSLib","The Mystic","[IsaacMod]“‘»ˆº‚À˛"],"gold_per_floor":[115,65,80,94,106,140,140,140,210,229,229,239,92,120,120,219,219,238,238,90,90,105,105,124,138,138,237,0,13,26,26,26,130,130,143,143,163,180,180,180,0,12,12,26,39,58,73,89,89,89],"floor_reached":51,"playtime":3077,"items_purged":["Strike_G"],"score":867,"play_id":"19162184-70f4-4ea0-976d-a656d2be01b8","local_time":"20201225224452","is_ascension_mode":false,"campfire_choices":[{"data":"Blade Dance","floor":7,"key":"SMITH"},{"floor":11,"key":"REST"},{"data":"Defend_G","floor":15,"key":"PURGE"},{"data":"Adrenaline","floor":23,"key":"SMITH"},{"floor":32,"key":"DIG"},{"data":"Adrenaline","floor":40,"key":"SMITH"},{"data":"Blade Dance","floor":49,"key":"SMITH"}],"circlet_count":0,"master_deck":["Strike_G","Strike_G","Strike_G+1","Defend_G","Defend_G","Defend_G+1","Defend_G","Survivor","Neutralize","Calculated Gamble","Noxious Fumes","Blade Dance+1","Dash","Accuracy","Acrobatics","DevaForm+1","Adrenaline+1","MostiFishMod:PerfectParry+1","Hidden Blade+1","MostiFishMod:PathToVictory+1","Blade Dance+1","Cloak And Dagger","Adrenaline+1","Masterful Stab","Prepared+1","Sneak Up+1","Footwork+1"],"relics":["Ring of the Snake","HushsDoor","DaveBox","Nunchaku","MaYiHuaBei","SacredBark","SynthV:TestCard","TungstenRod","Mirror","qcfpunch:School_Backpack","HoveringKite","Damocles","Meat on the Bone","BookOfRevelations","The Courier","TheBean","GnawedLeaf","qcfpunch:Necklace_of_Skulls","TheBible","Divine Protection","FossilizedHelix","qcfpunch:Chain_With_Nametags","The Specimen","ChiXiaoBlade","Damocles","BelialBook","Akabeko","Toxic Egg 2","ReplayTheSpireMod:Ninjato","Ornamental Fan","Gremlin Food","Ninja Scroll","TuHaoJin","Omamori","BookofShadows","Snack Pack","Bottled Tornado","SynthV:C4","Sundial","Boot","Basket Of Snakes","Pet Ghost","Regal Pillow","Replay:Baseball","Anchor"],"acts_visited":["Exordium","TheCity","TheBeyond"],"potions_floor_usage":[16,16,24,25,29],"damage_taken":[{"damage":0,"enemies":"2 Louse","floor":1,"turns":3},{"damage":9,"enemies":"Jaw Worm","floor":3,"turns":10},{"damage":10,"enemies":"Small Slimes","floor":4,"turns":5},{"damage":2,"enemies":"Blue Slaver","floor":5,"turns":4},{"damage":6,"enemies":"Replay:BlueRogue","floor":6,"turns":4},{"damage":2,"enemies":"Exordium Wildlife","floor":10,"turns":3},{"damage":4,"enemies":"Red Slaver","floor":12,"turns":3},{"damage":0,"enemies":"Gremlin Nob","floor":14,"turns":1},{"damage":19,"enemies":"The Guardian","floor":16,"turns":10},{"damage":22,"enemies":"Chosen","floor":18,"turns":7},{"damage":0,"enemies":"Spheric Guardian","floor":22,"turns":6},{"damage":0,"enemies":"Shelled Parasite and Fungi","floor":24,"turns":6},{"damage":0,"enemies":"Chosen and Byrds","floor":25,"turns":7},{"damage":0,"enemies":"Centurion and Healer","floor":29,"turns":5},{"damage":0,"enemies":"Cultist and Chosen","floor":30,"turns":6},{"damage":0,"enemies":"Champ","floor":33,"turns":11},{"damage":0,"enemies":"3 Shapes","floor":35,"turns":2},{"damage":0,"enemies":"Orb Walker","floor":37,"turns":2},{"damage":0,"enemies":"Sphere and 2 Shapes","floor":38,"turns":1},{"damage":0,"enemies":"Jaw Worm Horde","floor":42,"turns":2},{"damage":0,"enemies":"Writhing Mass","floor":44,"turns":3},{"damage":0,"enemies":"Spire Growth","floor":45,"turns":2},{"damage":0,"enemies":"Maw","floor":46,"turns":3},{"damage":0,"enemies":"Jaw Worm Horde","floor":47,"turns":1},{"damage":0,"enemies":"4 Shapes","floor":48,"turns":1},{"damage":0,"enemies":"Time Eater","floor":50,"turns":3}],"seed_played":"-1369439570682858185","potions_obtained":[{"floor":4,"key":"Languid Potion"},{"floor":6,"key":"Energy Potion"},{"floor":14,"key":"Fire Potion"},{"floor":16,"key":"PowerPotion"},{"floor":18,"key":"Ancient Potion"},{"floor":25,"key":"ColorlessPotion"},{"floor":30,"key":"EssenceOfSteel"},{"floor":35,"key":"PowerPotion"},{"floor":44,"key":"LiquidMemories"},{"floor":47,"key":"Adrenaline Potion"}],"is_trial":false,"path_per_floor":["M","?","M","M","M","E","R","?","T","M","R","M","$","E","R","B",null,"M","?","$","?","M","R","M","M","T","?","$","M","M","$","R","B",null,"M","?","M","M","?","R","$","M","T","M","M","M","M","M","R","B",null],"character_chosen":"THE_SILENT","items_purchased":["Accuracy","Damocles","BookOfRevelations","TheBible","Divine Protection","Damocles","BelialBook","TuHaoJin"],"campfire_rested":1,"item_purchase_floors":[13,17,20,28,28,34,34,41],"current_hp_per_floor":[70,70,61,51,49,43,43,30,30,28,49,45,45,45,45,26,60,38,38,38,53,53,53,53,53,53,53,53,53,53,53,53,53,55,55,55,55,55,55,55,55,55,55,55,55,55,55,55,55,55],"gold":89,"neow_bonus":"RANDOM_COMMON_RELIC","is_daily":false,"chose_seed":false,"campfire_upgraded":4,"win_rate":0.0,"timestamp":1608907492,"path_taken":["M","?","M","M","M","E","R","?","T","M","R","M","?","E","R","BOSS","M","?","$","?","M","R","M","M","T","?","$","M","M","?","R","BOSS","M","?","M","M","?","R","$","M","T","M","M","M","M","M","R","BOSS"],"items_purchased_type":["Card","Relic","Relic","Relic","Relic","Relic","Relic","Relic"],"build_version":"2020-12-22","purchased_purges":1,"victory":true,"max_hp_per_floor":[70,70,70,70,70,70,70,70,70,70,70,70,70,70,70,70,60,60,60,60,75,75,75,75,75,75,75,75,75,75,75,75,75,55,55,55,55,55,55,55,55,55,55,55,55,55,55,55,55,55],"card_choices":[{"not_picked":["Backflip","Dagger Throw"],"picked":"Calculated Gamble","floor":1},{"not_picked":["Hidden Blade","MostiFishMod:ThornCasing","Outmaneuver","Skewer"],"picked":"Noxious Fumes","floor":3},{"not_picked":["MostiFishMod:ThornCasing","Bomb","Die Die Die","Sucker Punch"],"picked":"Blade Dance","floor":4},{"not_picked":["Flying Knee","MostiFishMod:ThornCasing","Heel Hook","Deadly Poison"],"picked":"Bomb","floor":5},{"not_picked":["Bullet Time","MostiFishMod:FrostNova","Slice","Acrobatics"],"picked":"Dash","floor":6},{"not_picked":["Outmaneuver","Replay:Poison Smokescreen","PiercingWail","ReplayTheSpireMod:Tripwire"],"picked":"Bomb","floor":10},{"not_picked":["Bane","Dodge and Roll","Dagger Spray","PiercingWail"],"picked":"Bomb","floor":12},{"not_picked":["Deflect","Poisoned Stab","ReplayTheSpireMod:From All Sides","Bomb"],"picked":"Acrobatics","floor":14},{"not_picked":["MostiFishMod:OutWit","DeusExMachina"],"picked":"DevaForm","floor":16},{"not_picked":["ReplayTheSpireMod:From All Sides","MostiFishMod:Confrontation","Tools of the Trade","Envenom"],"picked":"Adrenaline","floor":16},{"not_picked":["Poisoned Stab+1","Quick Slash+1","Terror+1","Backflip+1"],"picked":"MostiFishMod:PerfectParry+1","floor":18},{"not_picked":["Gash","ReplayTheSpireMod:Calculation Training+1","Turbo"],"picked":"SKIP","floor":18},{"not_picked":["Slice","Underhanded Strike","MostiFishMod:PoisonShield","Blur"],"picked":"Hidden Blade+1","floor":22},{"not_picked":["Offering","Twin Strike+1","ReplayTheSpireMod:Strike From Hell"],"picked":"SKIP","floor":22},{"not_picked":["Capacitor","Cold Snap","Compile Driver"],"picked":"SKIP","floor":24},{"not_picked":["Skewer+1","Dash","Dagger Spray","Doppelganger","Deflect"],"picked":"SKIP","floor":24},{"not_picked":["Prostrate","EmptyBody"],"picked":"MostiFishMod:PathToVictory+1","floor":25},{"not_picked":["Dash+1","Night Terror","Dagger Spray","Tactician+1"],"picked":"Blade Dance","floor":25},{"not_picked":["Tactician","Concentrate","Deflect+1","Outmaneuver"],"picked":"Cloak And Dagger","floor":29},{"not_picked":["Sucker Punch","Deflect","ReplayTheSpireMod:Exploit Weakness","Noxious Fumes","Dodge and Roll"],"picked":"SKIP","floor":30},{"not_picked":["ReplayTheSpireMod:From All Sides","Tools of the Trade","MostiFishMod:Dislodge","Night Terror"],"picked":"Adrenaline","floor":33},{"not_picked":["Deadly Poison+1","Flying Knee+1","Quick Slash+1","Bane"],"picked":"Masterful Stab","floor":35},{"not_picked":["Bane+1","Bouncing Flask+1","Dagger Throw","Hidden Blade+1"],"picked":"Prepared+1","floor":37},{"not_picked":["Hidden Blade+1","Accuracy","Glass Knife","MostiFishMod:PoisonShield+1"],"picked":"Sneak Up+1","floor":38},{"not_picked":["Dash+1","Outmaneuver+1","MostiFishMod:PoisonShield+1","Underhanded Strike","Dodge and Roll+1"],"picked":"SKIP","floor":42},{"not_picked":["Deadly Poison+1","ReplayTheSpireMod:Exploit Weakness+1","Doppelganger+1","Underhanded Strike","Slice+1"],"picked":"SKIP","floor":44},{"not_picked":["Poisoned Stab+1","Backflip+1","Cloak And Dagger+1","Outmaneuver+1","Hidden Blade+1"],"picked":"SKIP","floor":45},{"not_picked":["MostiFishMod:HiddenBlade+1","Poisoned Stab+1","Underhanded Strike","Acrobatics+1","Slice+1"],"picked":"SKIP","floor":46},{"not_picked":["Deadly Poison+1","Poisoned Stab+1","Bane","Finisher"],"picked":"Footwork+1","floor":47},{"not_picked":["Deflect+1","PiercingWail+1","MostiFishMod:ThornCasing","Draining Mist+1","Deadly Poison+1"],"picked":"SKIP","floor":48}],"player_experience":282677,"relics_obtained":[{"floor":1,"key":"SynthV:TestCard"},{"floor":6,"key":"TungstenRod"},{"floor":9,"key":"Mirror"},{"floor":14,"key":"qcfpunch:School_Backpack"},{"floor":18,"key":"Meat on the Bone"},{"floor":22,"key":"The Courier"},{"floor":24,"key":"TheBean"},{"floor":25,"key":"GnawedLeaf"},{"floor":26,"key":"qcfpunch:Necklace_of_Skulls"},{"floor":29,"key":"FossilizedHelix"},{"floor":30,"key":"qcfpunch:Chain_With_Nametags"},{"floor":32,"key":"The Specimen"},{"floor":35,"key":"Akabeko"},{"floor":35,"key":"Toxic Egg 2"},{"floor":37,"key":"ReplayTheSpireMod:Ninjato"},{"floor":37,"key":"Ornamental Fan"},{"floor":38,"key":"Gremlin Food"},{"floor":38,"key":"Ninja Scroll"},{"floor":42,"key":"Omamori"},{"floor":42,"key":"BookofShadows"},{"floor":43,"key":"Snack Pack"},{"floor":44,"key":"Bottled Tornado"},{"floor":44,"key":"SynthV:C4"},{"floor":45,"key":"Sundial"},{"floor":45,"key":"Boot"},{"floor":46,"key":"Basket Of Snakes"},{"floor":46,"key":"Pet Ghost"},{"floor":47,"key":"Regal Pillow"},{"floor":47,"key":"Replay:Baseball"},{"floor":48,"key":"Anchor"}],"event_choices":[{"cards_removed":["Strike_G"],"damage_healed":0,"gold_gain":0,"player_choice":"Card Removal","damage_taken":0,"max_hp_gain":0,"max_hp_loss":0,"event_name":"The Cleric","floor":2,"gold_loss":50},{"damage_healed":0,"gold_gain":0,"player_choice":"Entered Light","damage_taken":14,"max_hp_gain":0,"max_hp_loss":0,"event_name":"Shining Light","floor":8,"gold_loss":0,"cards_upgraded":["Strike_G","Defend_G"]},{"damage_healed":0,"gold_gain":99,"player_choice":"Stole From Cult","damage_taken":0,"max_hp_gain":0,"max_hp_loss":0,"event_name":"Nest","floor":27,"gold_loss":0},{"cards_removed":["Gluttony_TH"],"damage_healed":5,"gold_gain":0,"player_choice":"Offered Special","damage_taken":0,"max_hp_gain":0,"max_hp_loss":0,"event_name":"Bonfire Elementals","floor":36,"gold_loss":0}],"is_beta":false,"boss_relics":[{"not_picked":["ReplayTheSpireMod:DimensionalGlitch","Replay:Drink Me"],"picked":"HoveringKite"},{"not_picked":[]},{"not_picked":["Snecko Scales","HaiYi:Twilight"],"picked":"ChiXiaoBlade"},{"not_picked":[]}],"items_purged_floors":[13],"is_endless":false,"potions_floor_spawned":[4,6,14,16,18,25,30,35,44,46,47,48],"ascension_level":0}}