{"host":"709gjpjg43u3i5a8","time":1608874829,"event":{"mods":["BaseMod","Colored Map","Colored Powertips","Downfall","Hermit","Hubris","Infinite Spire","Marisa????????","Minty Spire (QoL Compilation)","Remilia??????","StSLib","Td1madao Mod","The Animator","The Bug Knight","The Cursed","The Disciple","The Hierophant","The Jungle","The Servant 0.9.4"],"gold_per_floor":[111,131,150,150,170,198,198,218,244,272,293,297,297,308,308,322,322],"floor_reached":16,"playtime":903,"items_purged":[],"score":114,"play_id":"1c5d6e56-e5ee-4051-ab6a-106372ea476e","local_time":"20201224224029","is_ascension_mode":false,"campfire_choices":[{"data":"HollowMod:LifebloodCocoon","floor":7,"key":"SMITH"},{"floor":13,"key":"REST"},{"data":"HollowMod:FocusHealStart","floor":15,"key":"SMITH"}],"circlet_count":0,"master_deck":["HollowMod:NailStrikeStart+1","HollowMod:NailStrikeStart","HollowMod:NailStrikeStart","HollowMod:NailStrikeStart","HollowMod:QuickDashStart","HollowMod:QuickDashStart","HollowMod:QuickDashStart","HollowMod:QuickDashStart","HollowMod:FocusHealStart+1","HollowMod:PogoStrike+1","HollowMod:LifebloodCocoon+1","HollowMod:ChannelNail","HollowMod:MothsMistake","HollowMod:HuntersJournal","HollowMod:DreamGate","HollowMod:PureVessel","HollowMod:SoulSplash","HollowMod:SoulVessel","HollowMod:DreamGate"],"relics":["HollowMod:VesselMask","NeowsBlessing","hubris:MedicalManual","Toy Ornithopter","infinitespire:Midas Blood","Akabeko"],"acts_visited":["Exordium"],"potions_floor_usage":[8,10,10,16],"damage_taken":[{"damage":0,"enemies":"Small Slimes","floor":1,"turns":1},{"damage":0,"enemies":"Jaw Worm","floor":2,"turns":1},{"damage":0,"enemies":"Cultist","floor":3,"turns":1},{"damage":22,"enemies":"Exordium Wildlife","floor":5,"turns":6},{"damage":30,"enemies":"Lagavulin","floor":6,"turns":6},{"damage":0,"enemies":"2 Fungi Beasts","floor":8,"turns":2},{"damage":12,"enemies":"Gremlin Nob","floor":10,"turns":4},{"damage":7,"enemies":"Large Slime","floor":11,"turns":5},{"damage":0,"enemies":"3 Louse","floor":14,"turns":3},{"damage":57,"enemies":"HollowMod:FalseKnight","floor":16,"turns":6}],"seed_played":"-4152889177656558791","potions_obtained":[{"floor":1,"key":"Explosive Potion"},{"floor":2,"key":"GamblersBrew"},{"floor":6,"key":"LiquidBronze"},{"floor":8,"key":"PowerPotion"}],"is_trial":false,"path_per_floor":["M","M","M","?","M","E","R","M","T","E","M","?","R","M","R","B"],"character_chosen":"THE_BUGKNIGHT","items_purchased":[],"campfire_rested":1,"item_purchase_floors":[],"current_hp_per_floor":[75,75,75,60,44,20,20,20,20,18,21,14,36,36,36,0,0],"gold":322,"neow_bonus":"THREE_ENEMY_KILL","is_daily":false,"chose_seed":false,"campfire_upgraded":2,"win_rate":0.0,"timestamp":1608874829,"path_taken":["M","M","M","?","M","E","R","M","T","E","M","?","R","?","R","BOSS"],"items_purchased_type":[],"build_version":"2020-12-22","purchased_purges":0,"victory":false,"max_hp_per_floor":[75,75,75,75,75,75,75,75,75,75,75,75,75,75,75,75,75],"card_choices":[{"not_picked":["HollowMod:HeavyBlow","HollowMod:AbyssShriek"],"picked":"HollowMod:LifebloodCocoon","floor":1},{"not_picked":["HollowMod:DescendingDark","HollowMod:SharpenedShadows"],"picked":"HollowMod:ChannelNail","floor":2},{"not_picked":["HollowMod:NewJinnsSoul","HollowMod:HeavyBlow"],"picked":"HollowMod:MothsMistake","floor":3},{"not_picked":["HollowMod:SoulEater","HollowMod:InfectedAttack"],"picked":"HollowMod:HuntersJournal","floor":5},{"not_picked":["HollowMod:PureNailStrike","HollowMod:HeavyBlow"],"picked":"HollowMod:DreamGate","floor":6},{"not_picked":["HollowMod:HeavyBlow","HollowMod:NewJinnsSoul"],"picked":"HollowMod:PureVessel","floor":8},{"not_picked":["HollowMod:WraithStrike","HollowMod:SharpenedShadows"],"picked":"HollowMod:SoulSplash","floor":10},{"not_picked":["HollowMod:NewLittleFool","HollowMod:Grubsong"],"picked":"HollowMod:SoulVessel","floor":11},{"not_picked":["HollowMod:ShapeofUnn","HollowMod:HowlingWraiths"],"picked":"HollowMod:DreamGate","floor":14}],"player_experience":388144,"relics_obtained":[{"floor":6,"key":"hubris:MedicalManual"},{"floor":9,"key":"Toy Ornithopter"},{"floor":10,"key":"infinitespire:Midas Blood"}],"event_choices":[{"damage_healed":0,"gold_gain":0,"player_choice":"Entered Light","damage_taken":15,"max_hp_gain":0,"max_hp_loss":0,"event_name":"Shining Light","floor":4,"gold_loss":0,"cards_upgraded":["HollowMod:NailStrikeStart","HollowMod:PogoStrike"]},{"damage_healed":0,"gold_gain":0,"player_choice":"Success","damage_taken":7,"relics_obtained":["Akabeko"],"max_hp_gain":0,"max_hp_loss":0,"event_name":"Scrap Ooze","floor":12,"gold_loss":0}],"is_beta":false,"boss_relics":[],"items_purged_floors":[],"is_endless":false,"potions_floor_spawned":[1,2,6,8],"killed_by":"HollowMod:FalseKnight","ascension_level":0}}