{"host":"qhhcmep1unj6mpf7","time":1608893512,"event":{"mods":["2.2 Compatiblity","AchievementEnabler","BaseMod","Colored Map","DeckTracker","Highlight Path","Keyboard Shortcuts","Minty Spire (QoL Compilation)","Permanent Neow","Quick Restart","Random Character Button","StSLib","SuperFastMode","everything is the same but u backflip on backflip"],"gold_per_floor":[117,136,136,311,6,6,6,6,6,34,34,54,71,87,87,182,182,107,107,122,22,37,37,37,37],"floor_reached":24,"playtime":1383,"items_purged":["Doubt","Strike_B"],"score":281,"play_id":"8ae64a18-bc8b-43e7-93e8-530f295660fa","local_time":"20201225195152","is_ascension_mode":true,"campfire_choices":[{"data":"Coolheaded","floor":6.0,"key":"SMITH"},{"data":"Coolheaded","floor":8.0,"key":"SMITH"},{"floor":11.0,"key":"REST"},{"data":"Capacitor","floor":15.0,"key":"SMITH"},{"data":"Fusion","floor":23,"key":"SMITH"}],"circlet_count":0,"master_deck":["Strike_B","Strike_B","Defend_B","Defend_B","Defend_B","Defend_B","Zap","Dualcast","Coolheaded+1","Coolheaded+1","Capacitor+1","Consume","Glacier","Coolheaded","Reboot","Self Repair","Fusion+1","White Noise+1"],"relics":["Cracked Core","Bird Faced Urn","Lantern","DollysMirror","Prayer Wheel","Calipers","Inserter"],"acts_visited":["Exordium","TheCity"],"potions_floor_usage":[16,16,20,22],"damage_taken":[{"damage":2.0,"enemies":"Jaw Worm","floor":1.0,"turns":4.0},{"damage":14.0,"enemies":"Small Slimes","floor":2.0,"turns":3.0},{"damage":19.0,"enemies":"Lagavulin","floor":10.0,"turns":12.0},{"damage":0.0,"enemies":"Cultist","floor":12.0,"turns":5.0},{"damage":8.0,"enemies":"Looter","floor":13.0,"turns":4.0},{"damage":0.0,"enemies":"3 Louse","floor":14.0,"turns":5.0},{"damage":23,"enemies":"The Guardian","floor":16,"turns":20},{"damage":21,"enemies":"2 Thieves","floor":18,"turns":5},{"damage":21,"enemies":"3 Byrds","floor":20,"turns":7},{"damage":13,"enemies":"Sentry and Sphere","floor":22,"turns":13},{"damage":49,"enemies":"Slavers","floor":24,"turns":3}],"seed_played":"1925946848453718664","potions_obtained":[{"floor":1.0,"key":"LiquidBronze"},{"floor":10.0,"key":"SkillPotion"},{"floor":13.0,"key":"ColorlessPotion"},{"floor":20,"key":"Explosive Potion"}],"is_trial":false,"path_per_floor":["M","M","?","?","$","R","?","R","T","E","R","M","M","M","R","B",null,"M","?","M","$","M","R","E"],"character_chosen":"DEFECT","items_purchased":["DollysMirror","Capacitor"],"campfire_rested":1,"item_purchase_floors":[5,5],"current_hp_per_floor":[48,34,31,31,31,31,31,31,31,14,36,38,32,34,34,13,60,41,41,31,31,31,31,0,0],"gold":37,"neow_bonus":"ONE_RARE_RELIC","is_daily":false,"chose_seed":false,"campfire_upgraded":4,"win_rate":0.0,"timestamp":1608893512,"path_taken":["M","M","?","?","$","R","?","R","T","E","R","M","M","M","R","BOSS","M","?","M","$","M","R","E"],"items_purchased_type":["Relic","Card"],"build_version":"2020-12-22","purchased_purges":2,"victory":false,"max_hp_per_floor":[75,75,75,75,75,75,75,75,75,75,75,75,75,75,75,75,75,75,75,75,75,75,75,75,75],"card_choices":[{"not_picked":["Chaos","Barrage"],"picked":"Coolheaded","floor":1.0},{"not_picked":["Gash","Steam","Blizzard"],"picked":"SKIP","floor":2.0},{"not_picked":["Rebound","Go for the Eyes"],"picked":"Consume","floor":10.0},{"not_picked":["Conserve Battery","Beam Cell"],"picked":"Glacier","floor":12.0},{"not_picked":["Conserve Battery","Go for the Eyes","Ball Lightning"],"picked":"SKIP","floor":12.0},{"not_picked":["Rip and Tear","Redo","Leap"],"picked":"SKIP","floor":13.0},{"not_picked":["FTL","Lockon","Ball Lightning"],"picked":"SKIP","floor":13.0},{"not_picked":["Rebound","Sweeping Beam"],"picked":"Coolheaded","floor":14.0},{"not_picked":["Rebound","Reprogram","Force Field"],"picked":"SKIP","floor":14.0},{"not_picked":["Thunder Strike","Core Surge"],"picked":"Reboot","floor":16},{"not_picked":["Hologram+1","Leap+1"],"picked":"Self Repair","floor":18},{"not_picked":["Force Field","Rip and Tear","Scrape"],"picked":"SKIP","floor":18},{"not_picked":["Coolheaded","Tempest"],"picked":"White Noise+1","floor":20},{"not_picked":["Rebound+1","Steam","Hello World"],"picked":"SKIP","floor":20},{"not_picked":["Gash+1","Multi-Cast","Streamline+1"],"picked":"SKIP","floor":22},{"not_picked":["Rebound+1","Redo","Cold Snap"],"picked":"SKIP","floor":22}],"player_experience":475666,"relics_obtained":[{"floor":9.0,"key":"Prayer Wheel"},{"floor":10.0,"key":"Calipers"}],"event_choices":[{"damage_healed":0.0,"max_hp_gain":0.0,"max_hp_loss":0.0,"gold_gain":0.0,"event_name":"Scrap Ooze","player_choice":"Success","floor":3.0,"gold_loss":0.0,"damage_taken":3.0,"relics_obtained":["Lantern"]},{"damage_healed":0.0,"max_hp_gain":0.0,"max_hp_loss":0.0,"gold_gain":175.0,"event_name":"Liars Game","player_choice":"AGREE","floor":4.0,"gold_loss":0.0,"damage_taken":0.0,"cards_obtained":["Doubt"]},{"cards_removed":["Strike_B"],"damage_healed":0.0,"max_hp_gain":0.0,"max_hp_loss":0.0,"gold_gain":0.0,"event_name":"Purifier","player_choice":"Purged","floor":7.0,"gold_loss":0.0,"damage_taken":0.0},{"damage_healed":0,"gold_gain":0,"player_choice":"Read","damage_taken":0,"max_hp_gain":0,"max_hp_loss":0,"event_name":"The Library","floor":19,"gold_loss":0,"cards_obtained":["Fusion"]}],"is_beta":false,"boss_relics":[{"not_picked":["Coffee Dripper","Pandora\u0027s Box"],"picked":"Inserter"}],"items_purged_floors":[5,21],"is_endless":false,"potions_floor_spawned":[1,10,13,20],"killed_by":"Slavers","ascension_level":9}}