{"host":"w7tt687j332gugiq","time":1608904945,"event":{"mods":["BaseMod","Minty Spire (QoL Compilation)","StSLib"],"gold_per_floor":[117,292,301,73,7,50,50,63,63,97,97,113,113,136,136,240,240,252,252,177,24,53,80,80,80,103,134,134,94,94,94,94,204,204,223,78,89,89,117,117,117],"floor_reached":40,"playtime":819,"items_purged":["Doubt"],"score":710,"play_id":"6da73a67-c362-41c1-a9db-fc69c8e42492","local_time":"20201225220225","is_ascension_mode":true,"campfire_choices":[{"data":"Flex","floor":7.0,"key":"SMITH"},{"data":"Demon Form","floor":11.0,"key":"SMITH"},{"data":"Heavy Blade","floor":13.0,"key":"SMITH"},{"data":"Pommel Strike","floor":15.0,"key":"SMITH"},{"floor":24.0,"key":"REST"},{"floor":32.0,"key":"REST"}],"circlet_count":0,"master_deck":["Strike_R","Strike_R+1","Defend_R","Defend_R+1","Defend_R","Bash","Demon Form+1","Flex+1","Pommel Strike+1","Heavy Blade+1","Dual Wield","Double Tap","Pommel Strike+1","Limit Break","Offering","Heavy Blade","Havoc+1"],"relics":["Burning Blood","CeramicFish","Medical Kit","Singing Bowl","Lantern","Mercury Hourglass","Shuriken","Empty Cage","Happy Flower","HornCleat","Juzu Bracelet","Tiny Chest","Frozen Egg 2","Mark of Pain"],"acts_visited":["Exordium","TheCity","TheBeyond"],"potions_floor_usage":[40],"damage_taken":[{"damage":2.0,"enemies":"2 Louse","floor":1.0,"turns":4.0},{"damage":48.0,"enemies":"Lagavulin","floor":6.0,"turns":6.0},{"damage":5.0,"enemies":"Small Slimes","floor":8.0,"turns":2.0},{"damage":0.0,"enemies":"Gremlin Nob","floor":10.0,"turns":2.0},{"damage":7.0,"enemies":"Jaw Worm","floor":12.0,"turns":2.0},{"damage":3.0,"enemies":"3 Louse","floor":14.0,"turns":2.0},{"damage":5.0,"enemies":"Slime Boss","floor":16.0,"turns":6.0},{"damage":7.0,"enemies":"Chosen","floor":18.0,"turns":3.0},{"damage":12.0,"enemies":"Shell Parasite","floor":22.0,"turns":2.0},{"damage":47.0,"enemies":"Gremlin Leader","floor":23.0,"turns":6.0},{"damage":0.0,"enemies":"Slavers","floor":25.0,"turns":1.0},{"damage":31.0,"enemies":"Gremlin Leader","floor":27.0,"turns":4.0},{"damage":28.0,"enemies":"Collector","floor":33.0,"turns":5.0},{"damage":37.0,"enemies":"3 Darklings","floor":35.0,"turns":4.0},{"damage":28.0,"enemies":"3 Shapes","floor":37.0,"turns":5.0},{"damage":22.0,"enemies":"Writhing Mass","floor":39.0,"turns":3.0},{"damage":27,"enemies":"Giant Head","floor":40,"turns":4}],"seed_played":"824297474922951312","potions_obtained":[{"floor":6.0,"key":"AttackPotion"},{"floor":10.0,"key":"SmokeBomb"},{"floor":14.0,"key":"ColorlessPotion"},{"floor":22.0,"key":"LiquidBronze"},{"floor":27.0,"key":"CultistPotion"},{"floor":35.0,"key":"EssenceOfSteel"}],"is_trial":false,"path_per_floor":["M","?","?","$","?","E","R","M","T","E","R","M","R","M","R","B",null,"M","?","?","$","M","E","R","E","T","E","T","?","$","T","R","B",null,"M","$","M","?","M","E"],"character_chosen":"IRONCLAD","items_purchased":["Medical Kit","Happy Flower","Offering","Heavy Blade"],"campfire_rested":2,"item_purchase_floors":[4,21,36,36],"current_hp_per_floor":[80,80,80,80,80,38,38,41,41,47,47,48,48,51,51,52,76,77,60,60,60,54,15,42,48,48,25,25,25,25,25,53,31,79,50,50,30,30,14,0,0],"gold":117,"neow_bonus":"TRANSFORM_CARD","is_daily":false,"chose_seed":false,"campfire_upgraded":4,"win_rate":0.0,"timestamp":1608904945,"path_taken":["M","?","?","?","?","E","R","M","T","E","R","?","R","M","R","BOSS","M","?","?","?","M","E","R","E","T","E","?","?","?","?","R","BOSS","M","$","M","?","M","E"],"items_purchased_type":["Relic","Relic","Card","Card"],"build_version":"2020-12-22","purchased_purges":1,"victory":false,"max_hp_per_floor":[80,80,80,80,80,80,80,82,82,82,82,84,84,84,84,84,84,86,91,91,91,91,93,93,93,93,95,95,95,95,95,95,95,95,97,97,99,99,99,99,99],"card_choices":[{"not_picked":["Iron Wave","Cleave"],"picked":"Flex","floor":1.0},{"not_picked":["Clash","Spot Weakness"],"picked":"Pommel Strike","floor":6.0},{"not_picked":["Inflame","Rampage","Clothesline"],"picked":"Singing Bowl","floor":8.0},{"not_picked":["Wild Strike","Clothesline"],"picked":"Heavy Blade","floor":10.0},{"not_picked":["Warcry","Evolve","Demon Form"],"picked":"Singing Bowl","floor":12.0},{"not_picked":["True Grit","Thunderclap"],"picked":"Dual Wield","floor":14.0},{"not_picked":["Feed","Exhume"],"picked":"Double Tap","floor":16.0},{"not_picked":["Flex","Anger","Sword Boomerang"],"picked":"Singing Bowl","floor":18.0},{"not_picked":["Thunderclap","Havoc"],"picked":"Pommel Strike+1","floor":22.0},{"not_picked":["Rupture","Dark Embrace","Headbutt+1"],"picked":"Singing Bowl","floor":23.0},{"not_picked":["Wild Strike","True Grit","Battle Trance+1"],"picked":"Singing Bowl","floor":27.0},{"not_picked":["Demon Form+1","Berserk+1"],"picked":"Limit Break","floor":33.0},{"not_picked":["Ghostly Armor+1","Twin Strike+1","Dual Wield+1"],"picked":"Singing Bowl","floor":35.0},{"not_picked":["Sentinel+1","Cleave","True Grit+1"],"picked":"Singing Bowl","floor":37.0},{"not_picked":["Entrench","Anger"],"picked":"Havoc+1","floor":39.0}],"player_experience":135873,"relics_obtained":[{"floor":6.0,"key":"Lantern"},{"floor":9.0,"key":"Mercury Hourglass"},{"floor":10.0,"key":"Shuriken"},{"floor":23.0,"key":"HornCleat"},{"floor":26.0,"key":"Juzu Bracelet"},{"floor":27.0,"key":"Tiny Chest"},{"floor":28.0,"key":"Frozen Egg 2"}],"event_choices":[{"damage_healed":0.0,"max_hp_gain":0.0,"max_hp_loss":0.0,"gold_gain":175.0,"event_name":"Liars Game","player_choice":"AGREE","floor":2.0,"gold_loss":0.0,"damage_taken":0.0,"cards_obtained":["Doubt"]},{"damage_healed":0.0,"max_hp_gain":0.0,"max_hp_loss":0.0,"gold_gain":0.0,"event_name":"Big Fish","player_choice":"Box","floor":3.0,"gold_loss":0.0,"damage_taken":0.0,"relics_obtained":["CeramicFish"],"cards_obtained":["Regret"]},{"damage_healed":0.0,"max_hp_gain":0.0,"max_hp_loss":0.0,"gold_gain":0.0,"event_name":"WeMeetAgain","player_choice":"Paid Gold","floor":5.0,"gold_loss":66.0,"damage_taken":0.0,"relics_obtained":["Singing Bowl"]},{"damage_healed":0.0,"max_hp_gain":5.0,"max_hp_loss":0.0,"gold_gain":0.0,"event_name":"Forgotten Altar","player_choice":"Shed Blood","floor":19.0,"gold_loss":0.0,"damage_taken":22.0},{"cards_removed":["Strike_R"],"damage_healed":0.0,"max_hp_gain":0.0,"max_hp_loss":0.0,"gold_gain":0.0,"event_name":"Beggar","player_choice":"Gave Gold","floor":20.0,"gold_loss":75.0,"damage_taken":0.0},{"damage_healed":0.0,"max_hp_gain":0.0,"max_hp_loss":0.0,"gold_gain":0.0,"event_name":"Designer","player_choice":"Upgraded Two","floor":29.0,"gold_loss":40.0,"damage_taken":0.0,"cards_upgraded":["Defend_R","Strike_R"]},{"cards_removed":["Strike_R"],"damage_healed":0.0,"max_hp_gain":0.0,"max_hp_loss":0.0,"gold_gain":0.0,"event_name":"Falling","player_choice":"Removed Attack","floor":38.0,"gold_loss":0.0,"damage_taken":0.0}],"is_beta":false,"boss_relics":[{"not_picked":["Cursed Key","Black Blood"],"picked":"Empty Cage"},{"not_picked":["Black Star","Runic Cube"],"picked":"Mark of Pain"}],"items_purged_floors":[4],"is_endless":false,"potions_floor_spawned":[6,10,14,22,25,27,35],"killed_by":"Giant Head","ascension_level":5}}