{"host":"hg77cm6lvslg446i","time":1608913562,"event":{"mods":["BaseMod","BetterRewards","Minty Spire (QoL Compilation)","StSLib"],"gold_per_floor":[114,114,129,129,144,174,189,219,219,249,324,354,369,384,384,484,484,499,499,499,64,79,79,109,109,159,198,198,228,252,282,282,391,391,415,433,467,482,482,482],"floor_reached":41,"playtime":1738,"items_purged":[],"score":1072,"play_id":"c88a2449-478b-4409-ad68-e6328728a486","local_time":"20201225172602","daily_mods":["Draft","Hoarder","Elite Swarm"],"is_ascension_mode":false,"campfire_choices":[{"floor":15,"key":"REST"},{"floor":23,"key":"REST"},{"data":"Demon Form","floor":25,"key":"SMITH"},{"floor":32,"key":"REST"}],"circlet_count":0,"master_deck":["Iron Wave","Iron Wave","Iron Wave","Pommel Strike","Pommel Strike","Pommel Strike","Searing Blow","Searing Blow","Searing Blow","Heavy Blade","Heavy Blade","Heavy Blade","Bloodletting","Bloodletting","Bloodletting","Cleave","Cleave","Cleave","Clash","Clash","Clash","Flex","Flex","Flex","Combust","Combust","Combust","Clash","Clash","Clash","Perfected Strike","Perfected Strike","Perfected Strike","Wild Strike","Wild Strike","Wild Strike","Cleave","Cleave","Cleave","Disarm","Disarm","Disarm","Clash","Clash","Clash","Sentinel","Sentinel","Sentinel","Decay","Decay","Decay","Heavy Blade","Heavy Blade","Heavy Blade","Perfected Strike","Perfected Strike","Perfected Strike","Reaper","Reaper","Reaper","Flex","Flex","Flex","Bludgeon","Bludgeon","Bludgeon","Immolate","Immolate","Immolate","Demon Form","Demon Form","Demon Form+1","Dual Wield+1","Dual Wield","Dual Wield","Battle Trance","Battle Trance","Battle Trance+1","Limit Break","Limit Break","Limit Break","RitualDagger","RitualDagger","RitualDagger","Bandage Up","Bandage Up","Bandage Up","Clash","Clash","Clash","Carnage","Carnage","Carnage","Feed","Feed","Feed","Impervious","Impervious","Impervious","Infernal Blade","Infernal Blade","Infernal Blade","Feed","Feed","Feed","Anger+1","Anger+1","Anger+1","Madness","Madness","Madness","Madness","Madness","Madness","Normality","Normality","Normality"],"relics":["Burning Blood","Vajra","Potion Belt","Pear","InkBottle","Red Skull","Black Star","MutagenicStrength","War Paint","ClockworkSouvenir","Centennial Puzzle","HornCleat","CeramicFish","Magic Flower","CaptainsWheel","Blue Candle","Bronze Scales","Orichalcum","Du-Vu Doll","Cursed Key","Anchor"],"acts_visited":["Exordium","TheCity","TheBeyond"],"potions_floor_usage":[13,22],"damage_taken":[{"damage":0,"enemies":"Small Slimes","floor":1,"turns":1},{"damage":0,"enemies":"Cultist","floor":3,"turns":1},{"damage":11,"enemies":"2 Louse","floor":5,"turns":2},{"damage":9,"enemies":"3 Sentries","floor":6,"turns":4},{"damage":8,"enemies":"Large Slime","floor":7,"turns":3},{"damage":14,"enemies":"Gremlin Nob","floor":8,"turns":4},{"damage":37,"enemies":"Lagavulin","floor":10,"turns":8},{"damage":3,"enemies":"Gremlin Nob","floor":12,"turns":2},{"damage":12,"enemies":"Exordium Wildlife","floor":13,"turns":2},{"damage":12,"enemies":"Blue Slaver","floor":14,"turns":2},{"damage":11,"enemies":"Slime Boss","floor":16,"turns":6},{"damage":37,"enemies":"Shell Parasite","floor":18,"turns":4},{"damage":18,"enemies":"Spheric Guardian","floor":22,"turns":4},{"damage":0,"enemies":"Gremlin Leader","floor":24,"turns":3},{"damage":29,"enemies":"Book of Stabbing","floor":27,"turns":4},{"damage":20,"enemies":"Slavers","floor":29,"turns":2},{"damage":7,"enemies":"3 Cultists","floor":30,"turns":3},{"damage":12,"enemies":"Book of Stabbing","floor":31,"turns":3},{"damage":71,"enemies":"Champ","floor":33,"turns":8},{"damage":5,"enemies":"3 Darklings","floor":35,"turns":3},{"damage":6,"enemies":"Orb Walker","floor":38,"turns":2},{"damage":48,"enemies":"Donu and Deca","floor":40,"turns":6}],"seed_played":"-567031674859551473","potions_obtained":[{"floor":5,"key":"Energy Potion"},{"floor":7,"key":"FearPotion"},{"floor":8,"key":"Regen Potion"},{"floor":12,"key":"Block Potion"},{"floor":14,"key":"Swift Potion"},{"floor":24,"key":"FairyPotion"},{"floor":27,"key":"Block Potion"}],"is_trial":false,"path_per_floor":["M","?","M","$","M","E","M","E","T","E","?","E","M","M","R","B",null,"M","?","?","$","M","R","E","R","T","E","?","E","M","E","R","B",null,"M","?","T","M","?","B",null],"character_chosen":"IRONCLAD","items_purchased":["War Paint","ClockworkSouvenir","Bandage Up","Clash"],"campfire_rested":3,"item_purchase_floors":[21,21,21,21],"current_hp_per_floor":[80,80,80,80,75,72,75,72,82,51,40,43,37,41,68,63,90,59,59,53,53,45,72,82,82,82,59,59,48,50,53,80,41,90,90,79,79,88,88,54],"gold":482,"neow_bonus":"","is_daily":true,"chose_seed":false,"campfire_upgraded":1,"win_rate":0.0,"timestamp":1608913562,"path_taken":["M","?","?","$","M","E","M","E","T","E","?","E","M","M","R","BOSS","M","?","?","?","?","R","E","R","T","E","?","E","M","E","R","BOSS","M","?","?","M","?","BOSS"],"items_purchased_type":["Relic","Relic","Card","Card"],"build_version":"2020-12-22","purchased_purges":0,"victory":true,"max_hp_per_floor":[80,80,80,80,80,80,80,80,90,90,90,90,90,90,90,90,90,90,90,90,90,90,90,90,90,90,90,90,90,90,90,90,90,90,90,90,90,90,90,93],"card_choices":[{"not_picked":["Havoc","Warcry"],"picked":"Iron Wave","floor":0},{"not_picked":["Reckless Charge","Seeing Red"],"picked":"Pommel Strike","floor":0},{"not_picked":["Thunderclap","Flame Barrier"],"picked":"Searing Blow","floor":0},{"not_picked":["Sentinel","Iron Wave"],"picked":"Heavy Blade","floor":0},{"not_picked":["Clothesline","Heavy Blade"],"picked":"Bloodletting","floor":0},{"not_picked":["Dual Wield","Heavy Blade"],"picked":"Cleave","floor":0},{"not_picked":["Cleave","Heavy Blade"],"picked":"Clash","floor":0},{"not_picked":["Power Through","Shrug It Off"],"picked":"Flex","floor":0},{"not_picked":["Heavy Blade","Seeing Red"],"picked":"Combust","floor":0},{"not_picked":["Armaments","Sword Boomerang"],"picked":"Clash","floor":0},{"not_picked":["Seeing Red","Thunderclap"],"picked":"Perfected Strike","floor":0},{"not_picked":["Dual Wield","Dropkick"],"picked":"Wild Strike","floor":0},{"not_picked":["Iron Wave","Havoc"],"picked":"Cleave","floor":0},{"not_picked":["Havoc","Body Slam"],"picked":"Disarm","floor":0},{"not_picked":["Armaments","Rupture"],"picked":"Clash","floor":0},{"not_picked":["Thunderclap","Combust"],"picked":"Sentinel","floor":1},{"not_picked":["Entrench","Shrug It Off"],"picked":"Heavy Blade","floor":3},{"not_picked":["True Grit","Inflame"],"picked":"Perfected Strike","floor":5},{"not_picked":["Corruption","Brutality"],"picked":"Reaper","floor":6},{"not_picked":["Sword Boomerang","Power Through"],"picked":"Flex","floor":7},{"not_picked":["Exhume","Brutality"],"picked":"Bludgeon","floor":8},{"not_picked":["Impervious","Brutality"],"picked":"Immolate","floor":10},{"not_picked":["Offering","Exhume"],"picked":"Demon Form","floor":12},{"not_picked":["Sword Boomerang","Entrench"],"picked":"Dual Wield","floor":13},{"not_picked":["Seeing Red","Warcry"],"picked":"Battle Trance","floor":14},{"not_picked":["Double Tap","Offering"],"picked":"Limit Break","floor":16},{"not_picked":["Disarm","Dual Wield+1","Sword Boomerang"],"picked":"SKIP","floor":18},{"not_picked":["Iron Wave","Pommel Strike"],"picked":"Carnage","floor":22},{"not_picked":["Berserk","Impervious"],"picked":"Feed","floor":24},{"not_picked":["Brutality","Corruption"],"picked":"Impervious","floor":27},{"not_picked":["Exhume","Juggernaut","Bludgeon"],"picked":"SKIP","floor":29},{"not_picked":["Cleave","Shockwave"],"picked":"Infernal Blade","floor":30},{"not_picked":["Juggernaut","Brutality","Corruption"],"picked":"SKIP","floor":31},{"not_picked":["Limit Break","Brutality"],"picked":"Feed","floor":33},{"not_picked":["Heavy Blade","Power Through"],"picked":"Anger+1","floor":35},{"not_picked":["True Grit","Cleave","Sword Boomerang+1"],"picked":"SKIP","floor":38}],"player_experience":114360,"relics_obtained":[{"floor":6,"key":"Vajra"},{"floor":8,"key":"Potion Belt"},{"floor":9,"key":"Pear"},{"floor":10,"key":"InkBottle"},{"floor":12,"key":"Red Skull"},{"floor":24,"key":"Centennial Puzzle"},{"floor":24,"key":"HornCleat"},{"floor":26,"key":"CeramicFish"},{"floor":27,"key":"Magic Flower"},{"floor":27,"key":"CaptainsWheel"},{"floor":29,"key":"Blue Candle"},{"floor":29,"key":"Bronze Scales"},{"floor":31,"key":"Orichalcum"},{"floor":31,"key":"Du-Vu Doll"},{"floor":37,"key":"Anchor"}],"event_choices":[{"damage_healed":0,"gold_gain":0,"player_choice":"Cursed","damage_taken":0,"max_hp_gain":0,"max_hp_loss":0,"event_name":"Wheel of Change","floor":2,"gold_loss":0,"cards_obtained":["Decay"]},{"damage_healed":0,"gold_gain":75,"player_choice":"Gather Gold","damage_taken":11,"max_hp_gain":0,"max_hp_loss":0,"event_name":"World of Goop","floor":11,"gold_loss":0},{"damage_healed":0,"gold_gain":0,"player_choice":"Inject Mutagens","damage_taken":0,"relics_obtained":["MutagenicStrength"],"max_hp_gain":0,"max_hp_loss":0,"event_name":"Drug Dealer","floor":19,"gold_loss":0},{"damage_healed":0,"gold_gain":0,"player_choice":"Joined the Cult","damage_taken":6,"max_hp_gain":0,"max_hp_loss":0,"event_name":"Nest","floor":20,"gold_loss":0,"cards_obtained":["RitualDagger"]},{"damage_healed":0,"gold_gain":0,"player_choice":"Simplicity","damage_taken":0,"max_hp_gain":0,"max_hp_loss":0,"event_name":"Back to Basics","floor":28,"gold_loss":0,"cards_upgraded":[]},{"damage_healed":0,"gold_gain":0,"player_choice":"Embrace Madness","damage_taken":11,"max_hp_gain":0,"max_hp_loss":0,"event_name":"Winding Halls","floor":36,"gold_loss":0,"cards_obtained":["Madness","Madness"]},{"damage_healed":0,"gold_gain":0,"player_choice":"Took Portal","damage_taken":0,"max_hp_gain":0,"max_hp_loss":0,"event_name":"SecretPortal","floor":39,"gold_loss":0}],"is_beta":false,"boss_relics":[{"not_picked":["SacredBark","Astrolabe"],"picked":"Black Star"},{"not_picked":["Busted Crown","Coffee Dripper"],"picked":"Cursed Key"}],"items_purged_floors":[],"is_endless":false,"potions_floor_spawned":[5,7,8,12,14,24,27,31,33],"ascension_level":0}}