{"host":"l66odvkqh04jpxx0","time":1608875477,"event":{"mods":["BaseMod","Colored Powertips","Conspire","Hermit","Luminous","Minty Spire (QoL Compilation)","Quick Restart","Replay The Spire","StSLib","The Animator","The Construct","The Cursed","The Mystic","The Servant 0.9.4"],"gold_per_floor":[112,112,128,144,158,191,202,102,150,150,161,50,50,50,50,50,50],"floor_reached":16,"playtime":919,"items_purged":[],"score":102,"play_id":"91e5f592-4760-4acf-bd3f-fb3b257631ca","local_time":"20201225135117","is_ascension_mode":false,"campfire_choices":[{"floor":10,"key":"RECALL"},{"data":"Atom Bomb","floor":13,"key":"SMITH"},{"data":"Atom Bomb","floor":15,"key":"SMITH"}],"circlet_count":0,"master_deck":["Strike_G","Strike_G","Strike_G","Strike_G","Strike_G","Defend_G","Defend_G","Defend_G","Defend_G","Defend_G","Survivor","Neutralize","All Out Attack","Deflect","Flechettes","Dagger Throw","Adrenaline","Blur","Ghostly","Atom Bomb+1","Atom Bomb+1"],"relics":["NeowsBlessing","Sizzling Blood","conspire:TopHat"],"acts_visited":["Exordium"],"potions_floor_usage":[6,6,16],"damage_taken":[{"damage":0,"enemies":"Jaw Worm","floor":1,"turns":1},{"damage":0,"enemies":"2 Louse","floor":3,"turns":1},{"damage":0,"enemies":"Cultist","floor":4,"turns":1},{"damage":7,"enemies":"Exordium Wildlife","floor":5,"turns":4},{"damage":39,"enemies":"Gremlin Nob","floor":6,"turns":6},{"damage":3,"enemies":"Red Slaver","floor":7,"turns":3},{"damage":4,"enemies":"Blue Slaver","floor":11,"turns":3},{"damage":38,"enemies":"Hexaghost","floor":16,"turns":9}],"seed_played":"-6552326831892287761","potions_obtained":[{"floor":1,"key":"Weak Potion"},{"floor":4,"key":"Swift Potion"},{"floor":5,"key":"Adrenaline Potion"},{"floor":6,"key":"Swift Potion"}],"is_trial":false,"path_per_floor":["M","?","M","M","M","E","M","?","T","R","M","$","R","$","R","B"],"character_chosen":"THE_SILENT","items_purchased":["Atom Bomb"],"campfire_rested":0,"item_purchase_floors":[12],"current_hp_per_floor":[70,74,74,74,71,36,37,37,37,37,37,37,37,37,37,0,0],"gold":50,"neow_bonus":"THREE_ENEMY_KILL","is_daily":false,"chose_seed":false,"campfire_upgraded":2,"win_rate":0.0,"timestamp":1608875477,"path_taken":["M","?","M","M","M","E","M","?","T","R","M","$","R","$","R","BOSS"],"items_purchased_type":["Card"],"build_version":"2020-12-22","purchased_purges":0,"victory":false,"max_hp_per_floor":[70,74,74,74,74,74,74,74,74,74,74,74,74,74,74,74,74],"card_choices":[{"not_picked":["Riddle With Holes","Caltrops"],"picked":"All Out Attack","floor":1},{"not_picked":["Sneak Up","Hidden Blade"],"picked":"Deflect","floor":3},{"not_picked":["ReplayTheSpireMod:The Works","Acrobatics"],"picked":"Flechettes","floor":4},{"not_picked":["ReplayTheSpireMod:Speed Training","PiercingWail"],"picked":"Dagger Throw","floor":5},{"not_picked":["ReplayTheSpireMod:Shiv Toss","ReplayTheSpireMod:Exploit Weakness"],"picked":"Adrenaline","floor":6},{"not_picked":["Dagger Throw","Well Laid Plans"],"picked":"Blur","floor":7},{"not_picked":["Cloak And Dagger","Prepared","Quick Slash"],"picked":"SKIP","floor":11}],"player_experience":62737,"relics_obtained":[{"floor":6,"key":"conspire:TopHat"}],"event_choices":[{"damage_healed":0,"gold_gain":0,"player_choice":"Argue","damage_taken":0,"max_hp_gain":0,"max_hp_loss":0,"event_name":"conspire:LoneGhost","floor":8,"gold_loss":0}],"is_beta":false,"boss_relics":[],"items_purged_floors":[],"is_endless":false,"potions_floor_spawned":[1,4,5,6],"killed_by":"Hexaghost","ascension_level":0}}