{"host":"q6rs3in4l29iepap","time":1608938771,"event":{"mods":["Aspiration","BaseMod","BetterRewards","Colored Map","Downfall","Friendly Minions","Hermit","Hubris","Infinite Spire","Jorbs\u0027s Wanderer Trilogy","Minty Spire (QoL Compilation)","Replay The Spire","Shade Mod","StSLib","The Bug Knight","The Construct","The Cursed","The Disciple","The Hierophant","The Mystic","The Runesmith"],"gold_per_floor":[116,116,134,1933,1933,1961,1961,1926,1926,888,898,927,927,945,945,847,847,862,862,27,27,27,27,58,58,58,58,69,69,97,194,194,292,292,309,309,309,309,309,336,353,69,69,98,108,124,139,159,159,159,159],"floor_reached":50,"playtime":4792,"items_purged":[],"score":1117,"play_id":"99e71c21-ae8f-4027-be34-9e256c625188","local_time":"20201225152611","is_ascension_mode":false,"campfire_choices":[{"floor":7.0,"key":"RECALL"},{"floor":15.0,"key":"REST"},{"data":"Chrysalis","floor":23.0,"key":"SMITH"},{"data":"ReplayTheSpireMod:Haul","floor":49,"key":"SMITH"}],"circlet_count":0,"master_deck":["TheCursedMod:Defend_TheCursed","TheCursedMod:Defend_TheCursed","TheCursedMod:Defend_TheCursed","TheCursedMod:Defend_TheCursed+1","TheCursedMod:CursedWand","TheCursedMod:CleanUpWorkshop","TheCursedMod:Dregs","TheCursedMod:HellfireBreathing","TheCursedMod:LuckyCharm","TheCursedMod:CursedBlade","TheCursedMod:CursedBlade","TheCursedMod:ManaBullet","TheCursedMod:CursedArmor","TheCursedMod:CursedShiv+1","ReplayTheSpireMod:IOU","ReplayTheSpireMod:IOU","ReplayTheSpireMod:IOU","ReplayTheSpireMod:IOU","ReplayTheSpireMod:IOU","ReplayTheSpireMod:IOU","ReplayTheSpireMod:IOU","ReplayTheSpireMod:IOU","ReplayTheSpireMod:IOU","ReplayTheSpireMod:IOU","ReplayTheSpireMod:IOU","ReplayTheSpireMod:IOU","ReplayTheSpireMod:IOU","ReplayTheSpireMod:IOU","ReplayTheSpireMod:IOU","ReplayTheSpireMod:IOU","ReplayTheSpireMod:IOU","ReplayTheSpireMod:IOU","ReplayTheSpireMod:IOU","ReplayTheSpireMod:IOU","ReplayTheSpireMod:IOU","ReplayTheSpireMod:IOU","ReplayTheSpireMod:IOU","ReplayTheSpireMod:IOU","ReplayTheSpireMod:IOU","Chrysalis+1","TheCursedMod:ParallelWorld","TheCursedMod:CursedAmulet+1","TheCursedMod:SoulReap+1","TheCursedMod:CursedShiv","TheCursedMod:ManaCirculation","Midas Touch","TheCursedMod:Stigma","TheCursedMod:DemonicPact","TheCursedMod:SmokeScreen+1","hubris:NaturalOne","TheCursedMod:AshesToAshes","TheCursedMod:HellfireBreathing","TheCursedMod:SmokeScreen","TheCursedMod:NeowsMight","TheCursedMod:CursedAmulet","Shame","TheCursedMod:Hemoplague+1","TheCursedMod:Obscuration","TheCursedMod:Obscuration","TheCursedMod:CursedBlade+1","TheCursedMod:SpitefulStrike","TheCursedMod:HellfireBreathing","TheCursedMod:Obscuration+1","TheCursedMod:SurpriseAttack","TheCursedMod:SurpriseAttack","ReplayTheSpireMod:Private Reserves","Magnetism","ReplayTheSpireMod:IOU","ReplayTheSpireMod:IOU","TheCursedMod:SurpriseAttack","TheCursedMod:Obscuration+1","TheCursedMod:AntiAging","TheCursedMod:LuckyCharm","TheCursedMod:FleshFromBone","TheCursedMod:AbyssShockwave","TheCursedMod:Wield","infinitespire:Punishment","Bite","Bite","Bite","Bite","Bite","ReplayTheSpireMod:Haul+1","TheCursedMod:StunningStrike","TheCursedMod:SpitefulStrike","TheCursedMod:SpitefulPlan+1","ReplayTheSpireMod:IOU","ReplayTheSpireMod:IOU","ReplayTheSpireMod:IOU","ReplayTheSpireMod:IOU","TheCursedMod:CursedSpellbook+1","ReplayTheSpireMod:IOU","ReplayTheSpireMod:IOU","ReplayTheSpireMod:IOU","ReplayTheSpireMod:IOU","ReplayTheSpireMod:IOU","ReplayTheSpireMod:IOU","TheCursedMod:HellsGateOpen+1","ReplayTheSpireMod:IOU","TheCursedMod:SpitefulStrike","TheCursedMod:SpitefulStrike","TheCursedMod:RapidMovement+1","TheCursedMod:DoubleShield+1"],"relics":["TheCursedMod:BlackMagic101","ReplayTheSpireMod:TigerMarble","Replay:Baseball","infinitespire:Lychee Nut","hubris:Icosahedron","Replay:Wax Seal","aspiration:DSix","hubris:PeanutButter","Blue Doll","Gambling Chip","Toolbox","infinitespire:CheckeredPen","Snecko Eye","Eternal Feather","Orrery","Bottled Flame","aspiration:ArtOfWarUpgrade","Pen Nib","hubris:BottledHeart","Pear","Turnip","hubris:Towel","aspiration:HatOfInfinitePower","Frozen Egg 2","infinitespire:Broken Mirror","Cauldron","Replay:Accelerometer","hubris:CrystalStatue","War Paint","FossilizedHelix","TheAbacus"],"acts_visited":["Exordium","TheCity","TheBeyond"],"potions_floor_usage":[50,50],"damage_taken":[{"damage":10.0,"enemies":"Small Slimes","floor":1.0,"turns":2.0},{"damage":6.0,"enemies":"Jaw Worm","floor":3.0,"turns":5.0},{"damage":14.0,"enemies":"Gremlin Nob","floor":6.0,"turns":5.0},{"damage":0.0,"enemies":"2 Louse","floor":11.0,"turns":3.0},{"damage":21.0,"enemies":"3 Sentries","floor":12.0,"turns":8.0},{"damage":0.0,"enemies":"Blue Slaver","floor":14.0,"turns":3.0},{"damage":18.0,"enemies":"The Guardian","floor":16.0,"turns":8.0},{"damage":0.0,"enemies":"Spheric Guardian","floor":18.0,"turns":4.0},{"damage":0.0,"enemies":"Book of Stabbing","floor":24.0,"turns":5.0},{"damage":0.0,"enemies":"2 Thieves","floor":28.0,"turns":3.0},{"damage":0.0,"enemies":"Gremlin Leader","floor":30.0,"turns":4.0},{"damage":0.0,"enemies":"Automaton","floor":33.0,"turns":8.0},{"damage":0.0,"enemies":"3 Darklings","floor":35.0,"turns":5.0},{"damage":0.0,"enemies":"infinitespire:Three Voidlings","floor":37.0,"turns":2.0},{"damage":0.0,"enemies":"Nightmare_Alpha","floor":37.0,"turns":3.0},{"damage":0,"enemies":"Nightmare","floor":40,"turns":9},{"damage":0,"enemies":"3 Shapes","floor":41,"turns":2},{"damage":0,"enemies":"Nemesis","floor":44,"turns":3},{"damage":0,"enemies":"Jaw Worm Horde","floor":45,"turns":2},{"damage":0,"enemies":"Writhing Mass","floor":47,"turns":1},{"damage":0,"enemies":"Maw","floor":48,"turns":6},{"damage":6,"enemies":"LordOfAnnihilation","floor":50,"turns":13}],"seed_played":"-5913247823188810890","potions_obtained":[{"floor":1.0,"key":"LifebloodPotion"},{"floor":3.0,"key":"EssenceOfSteel"},{"floor":12.0,"key":"SmokeBomb"},{"floor":18.0,"key":"champ:CounterPotion"},{"floor":33.0,"key":"Block Potion"},{"floor":40,"key":"Energy Potion"},{"floor":42,"key":"DistilledChaos"},{"floor":42,"key":"Swift Potion"},{"floor":42,"key":"CultistPotion"}],"is_trial":false,"path_per_floor":["M","?","M","$","?","E","R","?","T","$","M","E","?","M","R","B",null,"M","?","$","?","?","R","E","R","T","?","M","?","E","?","R_BF","B",null,"M","AVR","?","?","?","NM","M","$","T","E","M","$","M","M","R","B"],"character_chosen":"THE_CURSED","items_purchased":["ReplayTheSpireMod:TigerMarble","Replay:Baseball","TheCursedMod:HellfireBreathing","TheCursedMod:LuckyCharm","TheCursedMod:CursedBlade","TheCursedMod:ManaBullet","Replay:Wax Seal","aspiration:DSix","Chrysalis","TheCursedMod:ParallelWorld","TheCursedMod:CursedAmulet+1","TheCursedMod:SoulReap","TheCursedMod:CursedShiv","SneckoOil","Blue Doll","Gambling Chip","Toolbox","Midas Touch","TheCursedMod:Stigma","TheCursedMod:DemonicPact","DistilledChaos","Eternal Feather","Orrery","TheCursedMod:HellfireBreathing","TheCursedMod:Obscuration+1","TheCursedMod:SurpriseAttack","ReplayTheSpireMod:Private Reserves","Magnetism","Bottled Flame","Block Potion","Frozen Egg 2","TheCursedMod:SpitefulPlan+1","infinitespire:Broken Mirror","Cauldron","War Paint","FossilizedHelix","TheAbacus","TheCursedMod:HellsGateOpen+1","TheCursedMod:SpitefulStrike","TheCursedMod:RapidMovement+1"],"campfire_rested":1,"item_purchase_floors":[0,0,0,0,0,0,4,4,4,4,4,4,4,4,10,10,10,10,10,10,10,20,20,20,20,20,20,20,20,20,42,42,42,42,46,46,46,46,46,46],"current_hp_per_floor":[33,33,33,33,22,22,22,22,22,22,27,19,19,25,41,36,56,56,56,56,56,56,56,56,56,56,56,56,1,1,1,1,1,1,1,1,1,1,1,1,1,1,1,1,1,1,1,1,1,0,0],"gold":159,"neow_bonus":"","is_daily":false,"chose_seed":false,"campfire_upgraded":2,"win_rate":0.0,"timestamp":1608938771,"path_taken":["M","?","M","$","?","E","R","?","T","?","M","E","?","M","R","BOSS","M","?","$","?","?","R","E","R","T","?","?","?","E","?","R_BF","BOSS","M","AVR","?","?","?","NM","?","$","T","E","M","$","M","M","R","BOSS"],"items_purchased_type":["Relic","Relic","Card","Card","Card","Card","Relic","Relic","Card","Card","Card","Card","Card","Potion","Relic","Relic","Relic","Card","Card","Card","Potion","Relic","Relic","Card","Card","Card","Card","Card","Relic","Potion","Relic","Card","Relic","Relic","Relic","Relic","Relic","Card","Card","Card"],"build_version":"2020-12-13","purchased_purges":0,"victory":false,"max_hp_per_floor":[56,56,56,56,56,56,56,56,56,56,56,56,56,56,56,56,56,56,56,56,56,56,56,56,56,56,56,56,1,1,1,1,1,1,1,1,1,1,1,1,1,1,1,1,1,1,1,1,1,1,1],"card_choices":[{"not_picked":["TheCursedMod:SmokeScreen","TheCursedMod:WearCloak"],"picked":"TheCursedMod:CursedArmor","floor":1.0},{"not_picked":["TheCursedMod:RavingStaff","TheCursedMod:RapidMovement"],"picked":"TheCursedMod:CursedShiv","floor":3.0},{"not_picked":["TheCursedMod:CircleOfBlood","TheCursedMod:CircleOfFocus"],"picked":"TheCursedMod:ManaCirculation","floor":6.0},{"not_picked":["TheCursedMod:CircleOfFlame","TheCursedMod:Stretching"],"picked":"TheCursedMod:SmokeScreen","floor":11.0},{"not_picked":["TheCursedMod:CircleOfAmplification","TheCursedMod:EmpowerCircles"],"picked":"TheCursedMod:AshesToAshes","floor":12.0},{"not_picked":["TheCursedMod:CursedBlade","TheCursedMod:CursedMace"],"picked":"TheCursedMod:SmokeScreen","floor":14.0},{"not_picked":["TheCursedMod:ShockAndAwe","TheCursedMod:ParallelWorld"],"picked":"TheCursedMod:NeowsMight","floor":16.0},{"not_picked":["TheCursedMod:PrepareRite","TheCursedMod:SaltUponWound"],"picked":"TheCursedMod:CursedAmulet","floor":18.0},{"not_picked":["TheCursedMod:RapidMovement","TheCursedMod:SoulReap"],"picked":"TheCursedMod:Hemoplague+1","floor":20.0},{"not_picked":["TheCursedMod:ManaCirculation","TheCursedMod:CursedAmulet"],"picked":"TheCursedMod:Obscuration","floor":20.0},{"not_picked":["TheCursedMod:SmokeScreen","TheCursedMod:Stretching"],"picked":"TheCursedMod:Obscuration","floor":20.0},{"not_picked":["TheCursedMod:SmokeScreen","TheCursedMod:FuryStrike"],"picked":"TheCursedMod:CursedBlade+1","floor":20.0},{"not_picked":["TheCursedMod:CursedMace+1","TheCursedMod:RavingStaff"],"picked":"TheCursedMod:SpitefulStrike","floor":20.0},{"not_picked":["TheCursedMod:RapidMovement","TheCursedMod:ManaCirculation"],"picked":"TheCursedMod:SurpriseAttack","floor":24.0},{"not_picked":["TheCursedMod:CircleOfBlood","TheCursedMod:CursedMace+1"],"picked":"TheCursedMod:Obscuration+1","floor":28.0},{"not_picked":["TheCursedMod:UltimatePain","TheCursedMod:CursedSpellbook"],"picked":"TheCursedMod:AntiAging","floor":30.0},{"not_picked":["TheCursedMod:Wield","TheCursedMod:SurpriseAttack"],"picked":"TheCursedMod:LuckyCharm","floor":31.0},{"not_picked":["TheCursedMod:SoulReap+1","TheCursedMod:VitalStrike"],"picked":"TheCursedMod:FleshFromBone","floor":31.0},{"not_picked":["TheCursedMod:CircleOfCorruption","TheCursedMod:CursedStaff"],"picked":"TheCursedMod:AbyssShockwave","floor":31.0},{"not_picked":["TheCursedMod:WearCloak","TheCursedMod:RavingStaff+1"],"picked":"TheCursedMod:Wield","floor":35.0},{"not_picked":["infinitespire:Fortify","infinitespire:Oblivion"],"picked":"ReplayTheSpireMod:Haul","floor":38},{"not_picked":["TheCursedMod:AbyssShockwave+1","TheCursedMod:CircleOfCorruption+1"],"picked":"TheCursedMod:StunningStrike","floor":40},{"not_picked":["TheCursedMod:CursedMace","TheCursedMod:Stretching"],"picked":"TheCursedMod:SpitefulStrike","floor":41},{"not_picked":["TheCursedMod:DemonicPact+1","TheCursedMod:HellsGateOpen+1","TheCursedMod:TacticalStrike"],"picked":"SKIP","floor":44},{"not_picked":["TheCursedMod:SpitefulPray+1","TheCursedMod:CircleOfFlame+1"],"picked":"TheCursedMod:CursedSpellbook+1","floor":45},{"not_picked":["TheCursedMod:CursedShiv","TheCursedMod:SmokeScreen+1"],"picked":"TheCursedMod:DoubleShield+1","floor":47},{"not_picked":["TheCursedMod:Torture+1","TheCursedMod:SpitefulPray+1","TheCursedMod:CircleOfAmplification"],"picked":"SKIP","floor":48}],"player_experience":143410,"relics_obtained":[{"floor":6.0,"key":"hubris:PeanutButter"},{"floor":12.0,"key":"infinitespire:CheckeredPen"},{"floor":24.0,"key":"Art of War"},{"floor":26.0,"key":"Pen Nib"},{"floor":30.0,"key":"Pear"},{"floor":40,"key":"aspiration:HatOfInfinitePower"},{"floor":43,"key":"Replay:Accelerometer"},{"floor":44,"key":"hubris:CrystalStatue"}],"event_choices":[{"damage_healed":0.0,"max_hp_gain":0.0,"max_hp_loss":0.0,"gold_gain":0.0,"event_name":"Shining Light","player_choice":"Entered Light","floor":5.0,"gold_loss":0.0,"damage_taken":11.0,"cards_upgraded":["TheCursedMod:SoulReap","TheCursedMod:CursedShiv"]},{"damage_healed":0.0,"max_hp_gain":0.0,"max_hp_loss":0.0,"gold_gain":0.0,"event_name":"World of Goop","player_choice":"Left Gold","floor":8.0,"gold_loss":35.0,"damage_taken":0.0},{"damage_healed":0.0,"max_hp_gain":0.0,"max_hp_loss":0.0,"gold_gain":0.0,"event_name":"Vampires","player_choice":"Ignored","floor":21.0,"gold_loss":0.0,"damage_taken":0.0},{"damage_healed":0,"gold_gain":0,"player_choice":"Became a vampire","damage_taken":0,"max_hp_gain":0,"max_hp_loss":0,"event_name":"Vampires","floor":37,"gold_loss":0,"cards_obtained":["Bite","Bite","Bite","Bite","Bite"]}],"is_beta":false,"boss_relics":[{"not_picked":["Painkiller Herb","aspiration:WatcherSkillbook"],"picked":"Snecko Eye"},{"not_picked":["hubris:TerracottaHorce","infinitespire:Cupcake","aspiration:PoetsPen"]}],"items_purged_floors":[],"is_endless":false,"potions_floor_spawned":[1,3,12,18,33,37,37,40,48],"killed_by":"LordOfAnnihilation","ascension_level":0}}