{"host":"m3txpv198clqze8f","time":1608904867,"event":{"mods":["ATMod(阿瑾Mod)","Act Like it!","BaseMod","Colored Powertips","Friendly Minions","Minty Spire (QoL Compilation)","Quick Restart","StSLib","TestMod","Yakumo Yukari mod"],"gold_per_floor":[137,62,115,127,127,152,171,171,171,121,153,53,85,97,97,192,192,216,216,43,118,144,144,166,204,204,79,79,113,152,172,172,283,283,309,334,334,358,376,419,419,121,121,164,177,332,466,466,466,575,575,575,112,347,458],"floor_reached":56,"playtime":2514,"items_purged":["AT_purpleEX","Defend_purpleEX","AT_purpleEX","AT_purpleEX","Defend_purpleEX"],"score":1543,"play_id":"0d748d05-cce4-4b7f-924d-a1cb161ae7e4","local_time":"20201225220107","is_ascension_mode":true,"campfire_choices":[{"data":"Charmbait_purple","floor":8.0,"key":"SMITH"},{"data":"Shallow_ocean_purpleEX","floor":15.0,"key":"SMITH"},{"data":"Apotheosis","floor":23.0,"key":"SMITH"},{"floor":32.0,"key":"RECALL"},{"data":"ContainerChange_purple","floor":41.0,"key":"SMITH"},{"data":"Observe_purple_2","floor":49,"key":"SMITH"},{"data":"EighthInstrument_OneDividesIntoTwo_purple","floor":52,"key":"SMITH"}],"circlet_count":0,"master_deck":["AT_purpleEX+1","Defend_purpleEX","Observe_purple_1","Observe_purple_2+1","AT_ChampionKick+1","Charmbait_purple+1","EighthInstrument_OneDividesIntoTwo_purple+1","Shallow_ocean_purpleEX+1","ProofOfUnderstanding_purple","Apotheosis+1","StateErode_purple","PurpleNeedle_purple","Ghostly","Ghostly","Ghostly","Ghostly","Ghostly","WorldDissolvedintheRealm_purple+1","ContainerChange_purple+1","Worldmountain_purple+1"],"relics":["Boundary_crack","Memoryfragments_purpleEX","AT_ATBox","testmod-TestBox","testmod-EnergyCheck","NeowsBlessing","AT_BladeRuinedKing","testmod-OneHitWonder","White Beast Statue","MealTicket","AT_RedTearstoneRing","testmod-DeterminationOfClimber","WingedGreaves","Sundial","testmod-LifeArmor","AT_GoldPhoenixTree","testmod-NegativeEmotionEnhancer","testmod-IndustrialRevolution","Lantern","AT_TheCollector","CaptainsWheel","Molten Egg 2","AT_Manta","Boot"],"acts_visited":["Exordium","TheCity","TheBeyond","TheEnding"],"potions_floor_usage":[55,55,55,55,55],"damage_taken":[{"damage":0.0,"enemies":"Cultist","floor":1.0,"turns":1.0},{"damage":0.0,"enemies":"Small Slimes","floor":4.0,"turns":2.0},{"damage":21.0,"enemies":"Gremlin Nob","floor":6.0,"turns":1.0},{"damage":0.0,"enemies":"Jaw Worm","floor":7.0,"turns":2.0},{"damage":24.0,"enemies":"Lagavulin","floor":11.0,"turns":5.0},{"damage":13.0,"enemies":"3 Sentries","floor":13.0,"turns":3.0},{"damage":0.0,"enemies":"Large Slime","floor":14.0,"turns":3.0},{"damage":11.0,"enemies":"Hexaghost","floor":16.0,"turns":6.0},{"damage":0.0,"enemies":"2 Thieves","floor":18.0,"turns":1.0},{"damage":0.0,"enemies":"Shell Parasite","floor":22.0,"turns":2.0},{"damage":0.0,"enemies":"Snecko","floor":24.0,"turns":2.0},{"damage":33.0,"enemies":"Book of Stabbing","floor":25.0,"turns":2.0},{"damage":2.0,"enemies":"Slavers","floor":29.0,"turns":3.0},{"damage":0.0,"enemies":"Gremlin Leader","floor":30.0,"turns":3.0},{"damage":0.0,"enemies":"Cultist and Chosen","floor":31.0,"turns":3.0},{"damage":0.0,"enemies":"Champ","floor":33.0,"turns":4.0},{"damage":0.0,"enemies":"3 Darklings","floor":35.0,"turns":2.0},{"damage":0.0,"enemies":"Orb Walker","floor":36.0,"turns":1.0},{"damage":0.0,"enemies":"Transient","floor":38.0,"turns":4.0},{"damage":6.0,"enemies":"4 Shapes","floor":39.0,"turns":4.0},{"damage":3.0,"enemies":"Nemesis","floor":40.0,"turns":3.0},{"damage":0.0,"enemies":"Reptomancer","floor":44.0,"turns":3.0},{"damage":0.0,"enemies":"Jaw Worm Horde","floor":45.0,"turns":1.0},{"damage":6.0,"enemies":"Mind Bloom Boss Battle","floor":46.0,"turns":3.0},{"damage":3.0,"enemies":"Nemesis","floor":47.0,"turns":3.0},{"damage":6,"enemies":"Time Eater","floor":50,"turns":5},{"damage":3,"enemies":"Shield and Spear","floor":54,"turns":3},{"damage":15,"enemies":"The Heart","floor":55,"turns":5}],"seed_played":"-5181099230827980263","potions_obtained":[{"floor":6.0,"key":"SpeedPotion"},{"floor":11.0,"key":"SteroidPotion"},{"floor":13.0,"key":"BlessingOfTheForge"},{"floor":24.0,"key":"EntropicBrew"},{"floor":25.0,"key":"Swift Potion"},{"floor":30.0,"key":"Fruit Juice"},{"floor":31.0,"key":"testmod-SpacePotion"},{"floor":33.0,"key":"PowerPotion"},{"floor":35.0,"key":"PowerPotion"},{"floor":36.0,"key":"GamblersBrew"}],"is_trial":false,"path_per_floor":["M","$","T","M","?","E","M","R","T","?","E","$","E","M","R","B",null,"M","?","$","?","M","R","M","E","T","$","?","E","E","M","R","B",null,"M","M","?","M","M","E","R","$","T","E","M","?","E","?","R","B",null,"R","$","E","B",null],"character_chosen":"Youkari","items_purchased":["Apotheosis","Lantern","AT_Manta"],"campfire_rested":0,"item_purchase_floors":[20,42,53],"current_hp_per_floor":[70,70,70,70,70,49,50,50,50,50,27,42,30,31,31,22,70,70,70,70,63,70,70,70,41,41,56,35,35,35,40,40,40,40,41,42,42,43,44,45,45,45,45,46,47,48,49,49,49,50,50,50,50,51,51],"gold":458,"neow_bonus":"THREE_ENEMY_KILL","is_daily":false,"chose_seed":false,"campfire_upgraded":6,"win_rate":0.0,"timestamp":1608904867,"path_taken":["M","$","?","M","?","E","M","R","T","?","E","$","E","M","R","BOSS","M","?","$","?","?","R","M","E","T","?","?","E","E","M","R","BOSS","M","M","?","M","M","E","R","$","T","E","M","?","E","?","R","BOSS","R","$","E","BOSS"],"items_purchased_type":["Card","Relic","Relic"],"build_version":"2020-12-22","purchased_purges":5,"victory":true,"max_hp_per_floor":[70,70,70,70,70,70,70,70,70,70,70,70,70,70,70,70,70,70,70,70,70,70,70,70,70,70,70,35,35,35,40,40,40,40,41,42,42,43,44,45,45,45,45,46,47,48,49,49,49,50,50,50,50,51,52],"card_choices":[{"not_picked":["SfantasyHide_purple","StretchesForeverDream_purple","Boundary_of_Extermination_purpleEX"],"picked":"SKIP","floor":1.0},{"not_picked":["Umbrella_purple","RealityDreamConfluencek_purple"],"picked":"Charmbait_purple","floor":4.0},{"not_picked":["Line_surface_state_purple","Charmbait_purple","DarkRealmRedLine_purple"],"picked":"SKIP","floor":6.0},{"not_picked":["Umbrella_purple","Mirror_FormAndEmptin_purple","Erosivefilter_purple"],"picked":"SKIP","floor":7.0},{"not_picked":["ExistenceContinue_purple","WeekHit_purple","ButterflyHabitatTemple_purple"],"picked":"SKIP","floor":11.0},{"not_picked":["Fancifulhole_purple","Boundary_LifeAndDeath_purple"],"picked":"EighthInstrument_OneDividesIntoTwo_purple","floor":13.0},{"not_picked":["DimensionStaggered_purple","OmniscientAndOmnipotent_Monster_purple"],"picked":"Shallow_ocean_purpleEX","floor":14.0},{"not_picked":["BarrageBoundary_PipeDream_purple","WasteWire_Metro_purple"],"picked":"ProofOfUnderstanding_purple","floor":16.0},{"not_picked":["MeetDecomposer_purple","WatchEChange_purple","MonsterNeedle_purple"],"picked":"SKIP","floor":18.0},{"not_picked":["MetroBOOM_purple","ExistenceContinue_purple","PositiveMatter_Antimatter_Universe_purple"],"picked":"SKIP","floor":22.0},{"not_picked":["StretchesForeverDream_purple","Fantasy_PerpetualMotionMachine_purple"],"picked":"StateErode_purple","floor":24.0},{"not_picked":["OpenedBox_purple","AdvanceAttack_purple"],"picked":"PurpleNeedle_purple","floor":25.0},{"not_picked":["EighthInstrument_OneDividesIntoTwo_purple","RealityDreamConfluencek_purple+1"],"picked":"WorldDissolvedintheRealm_purple+1","floor":29.0},{"not_picked":["Mirror_FormAndEmptin_purple","OmniscientAndOmnipotent_Monster_purple","MeetDecomposer_purple+1"],"picked":"SKIP","floor":30.0},{"not_picked":["Mirror_FormAndEmptin_purple","MonsterNeedle_purple","Mirror_FourBoundary_purple"],"picked":"SKIP","floor":31.0},{"not_picked":["Monsters_DoubleDeathButterfly_purple","WasteWire_Metro_purple"],"picked":"ContainerChange_purple","floor":33.0},{"not_picked":["Umbrella_purple+1","WatchEChange_purple","MNeedle_purple+1"],"picked":"SKIP","floor":35.0},{"not_picked":["SfantasyHide_purple+1","Mirror_FormAndEmptin_purple"],"picked":"Worldmountain_purple+1","floor":36.0},{"not_picked":["OmniscientAndOmnipotent_Monster_purple+1","ExistenceContinue_purple","SfantasyHide_purple+1"],"picked":"SKIP","floor":38.0},{"not_picked":["Shallow_ocean_purpleEX+1","RuptureOfTimeAndSpace_purple","StateErode_purple+1"],"picked":"SKIP","floor":39.0},{"not_picked":["Worldmountain_purple+1","SharpContractionReality_purple+1","Erosivefilter_purple"],"picked":"SKIP","floor":40.0},{"not_picked":["Boundary_DreamRealityDamnation_purple+1","CommonSense_AntiCommonSense_purple","Boundary_of_Extermination_purpleEX"],"picked":"SKIP","floor":44.0},{"not_picked":["Worldmountain_purple","ButterflyHabitatTemple_purple","Shallow_ocean_purpleEX"],"picked":"SKIP","floor":45.0},{"not_picked":["Extrememeaning_purpleEX","Shallow_ocean_purpleEX+1","Charmbait_purple+1"],"picked":"SKIP","floor":47.0},{"not_picked":["ButterflyHabitatTemple_purple+1","Line_surface_state_purple","SfantasyHide_purple"],"picked":"SKIP","floor":54}],"player_experience":131058,"relics_obtained":[{"floor":3.0,"key":"AT_BladeRuinedKing"},{"floor":6.0,"key":"testmod-OneHitWonder"},{"floor":9.0,"key":"White Beast Statue"},{"floor":11.0,"key":"MealTicket"},{"floor":13.0,"key":"AT_RedTearstoneRing"},{"floor":25.0,"key":"WingedGreaves"},{"floor":26.0,"key":"Sundial"},{"floor":29.0,"key":"testmod-LifeArmor"},{"floor":30.0,"key":"AT_GoldPhoenixTree"},{"floor":40.0,"key":"testmod-IndustrialRevolution"},{"floor":44.0,"key":"AT_TheCollector"},{"floor":46.0,"key":"CaptainsWheel"},{"floor":47.0,"key":"Molten Egg 2"},{"floor":54,"key":"Boot"}],"event_choices":[{"damage_healed":0.0,"max_hp_gain":0.0,"max_hp_loss":0.0,"gold_gain":0.0,"event_name":"给自己的盒子","player_choice":"Swap Relic","floor":5.0,"relics_lost":["Whetstone"],"gold_loss":0.0,"damage_taken":0.0,"relics_obtained":["Whetstone"]},{"cards_removed":["Defend_purpleEX"],"damage_healed":0.0,"max_hp_gain":0.0,"max_hp_loss":0.0,"gold_gain":0.0,"event_name":"The Cleric","player_choice":"Card Removal","floor":10.0,"gold_loss":50.0,"damage_taken":0.0},{"damage_healed":0.0,"max_hp_gain":0.0,"max_hp_loss":0.0,"gold_gain":0.0,"event_name":"Vampires","player_choice":"Ignored","floor":19.0,"gold_loss":0.0,"damage_taken":0.0},{"damage_healed":0.0,"max_hp_gain":0.0,"max_hp_loss":0.0,"gold_gain":75.0,"event_name":"FaceTrader","player_choice":"Touch","floor":21.0,"gold_loss":0.0,"damage_taken":7.0},{"damage_healed":0.0,"max_hp_gain":0.0,"max_hp_loss":35.0,"gold_gain":0.0,"event_name":"Ghosts","player_choice":"Became a Ghost","floor":28.0,"gold_loss":0.0,"damage_taken":0.0,"cards_obtained":["Ghostly","Ghostly","Ghostly","Ghostly","Ghostly"]},{"damage_healed":0.0,"max_hp_gain":0.0,"max_hp_loss":0.0,"gold_gain":0.0,"event_name":"Tomb of Lord Red Mask","player_choice":"Ignored","floor":37.0,"gold_loss":0.0,"damage_taken":0.0},{"damage_healed":0.0,"max_hp_gain":0.0,"max_hp_loss":0.0,"gold_gain":0.0,"event_name":"MindBloom","player_choice":"Fight","floor":46.0,"gold_loss":0.0,"damage_taken":0.0},{"damage_healed":0,"gold_gain":0,"player_choice":"Memory 1","damage_taken":0,"max_hp_gain":0,"max_hp_loss":0,"event_name":"SensoryStone","floor":48,"gold_loss":0}],"is_beta":false,"boss_relics":[{"not_picked":["Calling Bell","Seventeenyearold_girl_Forever"],"picked":"testmod-DeterminationOfClimber"},{"not_picked":["Coffee Dripper","testmod-Fanaticism"],"picked":"testmod-NegativeEmotionEnhancer"}],"items_purged_floors":[2,12,27,42,53],"is_endless":false,"potions_floor_spawned":[6,11,13,14,16,18,22,24,25,29,30,31,33,35,36,38,39,40,44,45,46,47,54],"ascension_level":1}}