{"host":"j5gdvqtwmxqn6tw6","time":1608914266,"event":{"mods":["BaseMod","Colored Map","Colored Powertips","Downfall","Minty Spire (QoL Compilation)","Replay The Spire","StSLib","SuperFastMode"],"gold_per_floor":[99,99,99,99,99,112,112,124,124,124,142,142,52,75,93,192,192,192,212,227,227,227,239,239,239,239,239],"floor_reached":25,"playtime":9483,"items_purged":["champ:Defend"],"score":214,"play_id":"72a36162-17e3-4b95-bf0b-24666f8d88ff","local_time":"20201225173746","is_ascension_mode":false,"campfire_choices":[{"floor":1,"key":"DIG"},{"data":"champ:EnGarde","floor":9,"key":"SMITH"},{"data":"champ:SkillfulDodge","floor":18,"key":"SMITH"}],"circlet_count":0,"master_deck":["champ:Defend","champ:Defend","champ:Defend","champ:Execute","champ:Backstep","champ:EnGarde+1","champ:FocusedDefense","champ:CrookedStrike","champ:SkillfulDodge+1","champ:Backstep","champ:ShieldSlam","champ:EnGarde","champ:Backstep","Bite","Bite","Bite","Bite","Bite","Writhe","champ:BladeFlurry+1"],"relics":["champ:ChampionCrownUpgraded","downfall:HeartsMalice","Frozen Egg 2","Happy Flower","Odd Mushroom","Incense Burner","Potion Belt"],"acts_visited":["Exordium","TheCity"],"potions_floor_usage":[16,16,16,25,25],"damage_taken":[{"damage":0,"enemies":"Cultist","floor":2,"turns":1},{"damage":0,"enemies":"2 Louse","floor":3,"turns":1},{"damage":0,"enemies":"Small Slimes","floor":4,"turns":1},{"damage":12,"enemies":"Exordium Wildlife","floor":6,"turns":4},{"damage":17,"enemies":"2 Fungi Beasts","floor":8,"turns":5},{"damage":10,"enemies":"Blue Slaver","floor":11,"turns":3},{"damage":5,"enemies":"downfall:FleeingMerchant","floor":13,"turns":4},{"damage":13,"enemies":"The Mushroom Lair","floor":14,"turns":5},{"damage":5,"enemies":"3 Louse","floor":15,"turns":4},{"damage":43,"enemies":"downfall:Silent","floor":16,"turns":13},{"damage":9,"enemies":"Shell Parasite","floor":19,"turns":5},{"damage":24,"enemies":"Chosen","floor":20,"turns":5},{"damage":71,"enemies":"Sentry and Sphere","floor":23,"turns":10},{"damage":21,"enemies":"Shelled Parasite and Fungi","floor":25,"turns":4}],"seed_played":"1682400889539371623","potions_obtained":[{"floor":6,"key":"Energy Potion"},{"floor":14,"key":"Energy Potion"},{"floor":15,"key":"Swift Potion"},{"floor":19,"key":"Regen Potion"},{"floor":23,"key":"champ:CounterPotion"}],"is_trial":false,"path_per_floor":["R_BF","M","M","M","?","M","T","M","R","?","M","?","$","?","M","B",null,"R","M","M","?","?","M","T","M"],"character_chosen":"THE_CHAMP","items_purchased":[],"campfire_rested":0,"item_purchase_floors":[],"current_hp_per_floor":[90,90,90,90,90,83,83,71,71,71,66,71,71,58,58,30,95,95,94,78,66,66,23,23,18,18,18],"gold":239,"neow_bonus":"THREE_ENEMY_KILL","is_daily":false,"chose_seed":false,"campfire_upgraded":2,"win_rate":0.0,"timestamp":1608914266,"path_taken":["R_BF","M","M","M","?","?","T","M","R","?","M","?","$","?","M","BOSS","R","M","M","?","?","M","T","M"],"items_purchased_type":[],"build_version":"2020-12-22","purchased_purges":1,"victory":false,"max_hp_per_floor":[90,90,90,90,90,90,90,90,90,90,90,95,95,95,95,95,95,95,95,95,66,66,66,66,66,66,66],"card_choices":[{"not_picked":["champ:AdrenalArmor","champ:SkillfulDodge"],"picked":"champ:Backstep","floor":2},{"not_picked":["champ:EnragedBash","champ:Haymaker","champ:Riposte"],"picked":"SKIP","floor":3},{"not_picked":["champ:DefensiveShout","champ:BladeFlurry"],"picked":"champ:EnGarde","floor":4},{"not_picked":["champ:FightOn","champ:AdrenalArmor","champ:FaceSlap"],"picked":"SKIP","floor":6},{"not_picked":["champ:CheapShot","champ:FlashCut"],"picked":"champ:FocusedDefense","floor":8},{"not_picked":["champ:StanceDance","champ:FocusedBerserking"],"picked":"champ:CrookedStrike","floor":11},{"not_picked":["champ:FanOfKnives","champ:PerfectedStrike"],"picked":"champ:SkillfulDodge","floor":13},{"not_picked":["champ:EnragedBash","champ:GutPunch"],"picked":"champ:Backstep","floor":15},{"not_picked":["champ:DancingMaster+1","champ:MurderStrike"],"picked":"champ:ShieldSlam","floor":16},{"not_picked":["champ:BerserkersShout","champ:GladiatorsShout"],"picked":"champ:EnGarde","floor":19},{"not_picked":["champ:GladiatorStyle+1","champ:PerfectedStrike"],"picked":"champ:Backstep","floor":20},{"not_picked":["champ:GladiatorsShout","champ:Shatter"],"picked":"champ:BladeFlurry+1","floor":23}],"player_experience":43116,"relics_obtained":[{"floor":1,"key":"Frozen Egg 2"},{"floor":7,"key":"Happy Flower"},{"floor":14,"key":"Odd Mushroom"},{"floor":24,"key":"Potion Belt"}],"event_choices":[{"cards_removed":["champ:Taunt"],"damage_healed":0,"gold_gain":0,"player_choice":"Offered Basic","damage_taken":0,"max_hp_gain":0,"max_hp_loss":0,"event_name":"Bonfire Elementals","floor":5,"gold_loss":0},{"damage_healed":0,"gold_gain":0,"player_choice":"Donut","damage_taken":0,"max_hp_gain":5,"max_hp_loss":0,"event_name":"Big Fish","floor":12,"gold_loss":0},{"damage_healed":0,"gold_gain":0,"player_choice":"Fought Mushrooms","damage_taken":0,"max_hp_gain":0,"max_hp_loss":0,"event_name":"Mushrooms","floor":14,"gold_loss":0},{"damage_healed":0,"gold_gain":0,"player_choice":"Became a vampire","damage_taken":0,"max_hp_gain":0,"max_hp_loss":29,"event_name":"Vampires","floor":21,"gold_loss":0,"cards_obtained":["Bite","Bite","Bite","Bite","Bite"]}],"is_beta":false,"boss_relics":[{"not_picked":["Black Star","Calling Bell"],"picked":"champ:ChampionCrownUpgraded"}],"items_purged_floors":[13],"is_endless":false,"potions_floor_spawned":[6,14,15,19,23],"killed_by":"Shelled Parasite and Fungi","ascension_level":0}}