{"host":"d50bw6kybq14xu1u","time":1608874863,"event":{"mods":["BaseMod","Colored Map","Colored Powertips","Minty Spire (QoL Compilation)","Quick Restart"],"gold_per_floor":[111,125,125,138,313,353,453,453,453],"floor_reached":8,"playtime":136,"items_purged":[],"score":59,"play_id":"96443a07-27f3-4014-a848-ba27cc85b7d9","local_time":"20201225134103","is_ascension_mode":true,"campfire_choices":[],"circlet_count":0,"master_deck":["Strike_R","Strike_R","Strike_R","Strike_R","Strike_R","Defend_R","Defend_R","Defend_R","Defend_R","Bash","Whirlwind","Cleave","Flex","Doubt"],"relics":["Burning Blood","NeowsBlessing","Golden Idol","PreservedInsect"],"acts_visited":["Exordium"],"potions_floor_usage":[],"damage_taken":[{"damage":0,"enemies":"Small Slimes","floor":1,"turns":1},{"damage":0,"enemies":"Jaw Worm","floor":2,"turns":1},{"damage":0,"enemies":"Cultist","floor":4,"turns":1},{"damage":27,"enemies":"Gremlin Nob","floor":6,"turns":4},{"damage":54,"enemies":"Lagavulin","floor":8,"turns":5}],"seed_played":"-2868635893004194351","potions_obtained":[{"floor":1,"key":"FearPotion"},{"floor":2,"key":"ColorlessPotion"}],"is_trial":false,"path_per_floor":["M","M","?","M","?","E","?","E"],"character_chosen":"IRONCLAD","items_purchased":[],"campfire_rested":0,"item_purchase_floors":[],"current_hp_per_floor":[80,80,60,66,66,45,45,0,0],"gold":453,"neow_bonus":"THREE_ENEMY_KILL","is_daily":false,"chose_seed":false,"campfire_upgraded":0,"win_rate":0.0,"timestamp":1608874863,"path_taken":["M","M","?","M","?","E","?","E"],"items_purchased_type":[],"build_version":"2020-12-22","purchased_purges":0,"victory":false,"max_hp_per_floor":[80,80,80,80,80,80,80,80,80],"card_choices":[{"not_picked":["Infernal Blade","Ghostly Armor"],"picked":"Whirlwind","floor":1},{"not_picked":["Warcry","Havoc"],"picked":"Cleave","floor":2},{"not_picked":["Fire Breathing","Clash"],"picked":"Flex","floor":4},{"not_picked":["Clothesline","Disarm","Uppercut"],"picked":"SKIP","floor":6}],"player_experience":9388,"relics_obtained":[{"floor":6,"key":"PreservedInsect"}],"event_choices":[{"damage_healed":0,"gold_gain":0,"player_choice":"Take Damage","damage_taken":20,"relics_obtained":["Golden Idol"],"max_hp_gain":0,"max_hp_loss":0,"event_name":"Golden Idol","floor":3,"gold_loss":0},{"damage_healed":0,"gold_gain":175,"player_choice":"AGREE","damage_taken":0,"max_hp_gain":0,"max_hp_loss":0,"event_name":"Liars Game","floor":5,"gold_loss":0,"cards_obtained":["Doubt"]},{"damage_healed":0,"gold_gain":100,"player_choice":"Pray","damage_taken":0,"max_hp_gain":0,"max_hp_loss":0,"event_name":"Golden Shrine","floor":7,"gold_loss":0}],"is_beta":false,"boss_relics":[],"items_purged_floors":[],"is_endless":false,"potions_floor_spawned":[1,2],"killed_by":"Lagavulin","ascension_level":1}}