{"host":"ayh4nqhr0ddw4ozv","time":1608938454,"event":{"mods":["BaseMod","Minty Spire (QoL Compilation)","Relic Stats","Robot Space Explorer","StSLib"],"gold_per_floor":[118,137,155,165,182,182,182,211,235,268,342,417,479,554,566,676,688,719,781,408,383,452,452,486,486,486,521,539,556,576,626,626,725,725,742,792,808,824,889,918,312,324,370,420,439,439,466,478,478,478,478,478,14,48,48],"floor_reached":56,"playtime":3691,"items_purged":["RobotSpaceExplorer:Defend","RobotSpaceExplorer:Strike","Parasite"],"score":1385,"play_id":"830e3ec3-ba32-473e-a656-edc7d08f66d0","local_time":"20201225152054","is_ascension_mode":true,"campfire_choices":[{"data":"RobotSpaceExplorer:ImprovisedAttack","floor":6,"key":"SMITH"},{"floor":15,"key":"REST"},{"data":"RobotSpaceExplorer:ChargingLaser","floor":23,"key":"SMITH"},{"data":"RobotSpaceExplorer:Calculate","floor":25,"key":"SMITH"},{"data":"RobotSpaceExplorer:ScrapShield","floor":32,"key":"SMITH"},{"floor":46,"key":"REST"},{"floor":49,"key":"RECALL"},{"data":"RobotSpaceExplorer:IronShell","floor":52,"key":"SMITH"}],"circlet_count":0,"master_deck":["RobotSpaceExplorer:Defend","RobotSpaceExplorer:Defend","RobotSpaceExplorer:Scan","RobotSpaceExplorer:MiniLasers","RobotSpaceExplorer:ImprovisedAttack+1","RobotSpaceExplorer:ScrapMissile","RobotSpaceExplorer:Blaster+1","RobotSpaceExplorer:ScrapShield+1","RobotSpaceExplorer:Calculate+1","RobotSpaceExplorer:TrailblazerForm","RobotSpaceExplorer:ChargingLaser+1","RobotSpaceExplorer:DoubleBlock+1","RobotSpaceExplorer:Arsenal+1","RobotSpaceExplorer:BigMissile+1","RobotSpaceExplorer:ScrapShield+1","RobotSpaceExplorer:FranticSearch+1","RobotSpaceExplorer:ShockMissile+1","RobotSpaceExplorer:FranticSearch","RobotSpaceExplorer:ShockMissile+1","RobotSpaceExplorer:IronShell+1","RobotSpaceExplorer:ScrapToss+1","RobotSpaceExplorer:Autoloader","RobotSpaceExplorer:Scanner","RobotSpaceExplorer:RigExplosive+1"],"relics":["RobotSpaceExplorer:SearchSpecs","SsserpentHead","White Beast Statue","Akabeko","MawBank","Astrolabe","RobotSpaceExplorer:SlideRule","Bag of Marbles","Toy Ornithopter","Molten Egg 2","Bag of Preparation","SacredBark","Singing Bowl","TungstenRod","Blood Vial","Oddly Smooth Stone","Kunai","RobotSpaceExplorer:BottledGravity"],"acts_visited":["Exordium","TheCity","TheBeyond","TheEnding"],"potions_floor_usage":[4,8,12,16,18,27,33,37,39,40,40,40,42,42,45,48,50,50,54,54,55,55,55,55],"damage_taken":[{"damage":0,"enemies":"Small Slimes","floor":1,"turns":3},{"damage":0,"enemies":"Cultist","floor":2,"turns":4},{"damage":5,"enemies":"Jaw Worm","floor":3,"turns":4},{"damage":4,"enemies":"Red Slaver","floor":4,"turns":5},{"damage":1,"enemies":"2 Fungi Beasts","floor":5,"turns":4},{"damage":10,"enemies":"Gremlin Nob","floor":8,"turns":4},{"damage":25,"enemies":"Lagavulin","floor":10,"turns":6},{"damage":0,"enemies":"3 Louse","floor":11,"turns":3},{"damage":3,"enemies":"Exordium Thugs","floor":12,"turns":4},{"damage":2,"enemies":"Blue Slaver","floor":14,"turns":3},{"damage":19,"enemies":"Slime Boss","floor":16,"turns":15},{"damage":0,"enemies":"Shell Parasite","floor":18,"turns":3},{"damage":0,"enemies":"Spheric Guardian","floor":22,"turns":1},{"damage":20,"enemies":"Gremlin Leader","floor":24,"turns":4},{"damage":18,"enemies":"Book of Stabbing","floor":27,"turns":2},{"damage":0,"enemies":"3 Cultists","floor":28,"turns":4},{"damage":0,"enemies":"Centurion and Healer","floor":29,"turns":4},{"damage":0,"enemies":"Shelled Parasite and Fungi","floor":30,"turns":4},{"damage":16,"enemies":"Collector","floor":33,"turns":6},{"damage":0,"enemies":"3 Shapes","floor":35,"turns":1},{"damage":13,"enemies":"3 Darklings","floor":37,"turns":4},{"damage":6,"enemies":"Writhing Mass","floor":38,"turns":7},{"damage":8,"enemies":"Jaw Worm Horde","floor":39,"turns":4},{"damage":27,"enemies":"Giant Head","floor":40,"turns":7},{"damage":4,"enemies":"3 Darklings","floor":42,"turns":6},{"damage":39,"enemies":"Transient","floor":45,"turns":5},{"damage":9,"enemies":"Nemesis","floor":47,"turns":7},{"damage":0,"enemies":"Spire Growth","floor":48,"turns":4},{"damage":42,"enemies":"Awakened One","floor":50,"turns":12},{"damage":29,"enemies":"Shield and Spear","floor":54,"turns":6},{"damage":30,"enemies":"The Heart","floor":55,"turns":10}],"seed_played":"-1646432059432186134","potions_obtained":[{"floor":1,"key":"DistilledChaos"},{"floor":4,"key":"ColorlessPotion"},{"floor":8,"key":"SkillPotion"},{"floor":10,"key":"CultistPotion"},{"floor":11,"key":"LiquidBronze"},{"floor":12,"key":"BlessingOfTheForge"},{"floor":16,"key":"Swift Potion"},{"floor":18,"key":"LiquidBronze"},{"floor":22,"key":"SteroidPotion"},{"floor":24,"key":"SkillPotion"},{"floor":27,"key":"EntropicBrew"},{"floor":29,"key":"GamblersBrew"},{"floor":33,"key":"Weak Potion"},{"floor":37,"key":"Strength Potion"},{"floor":39,"key":"Ancient Potion"},{"floor":42,"key":"ColorlessPotion"},{"floor":45,"key":"Energy Potion"},{"floor":47,"key":"Dexterity Potion"},{"floor":48,"key":"Strength Potion"},{"floor":54,"key":"EssenceOfSteel"}],"is_trial":false,"path_per_floor":["M","M","M","M","M","R","?","E","T","E","M","M","?","M","R","B",null,"M","?","$","?","M","R","E","R","T","E","M","M","M","?","R","B",null,"M","?","M","M","M","E","$","M","T","?","M","R","E","M","R","B",null,"R","$","E","B",null],"character_chosen":"RobotSpaceExplorer","items_purchased":["RobotSpaceExplorer:SlideRule","Bag of Marbles","TungstenRod","RobotSpaceExplorer:Autoloader","Blood Vial","Kunai","RobotSpaceExplorer:LiquidFusion"],"campfire_rested":2,"item_purchase_floors":[20,20,41,41,41,53,53],"current_hp_per_floor":[75,75,70,66,65,65,65,55,55,30,30,27,27,25,47,28,75,75,75,75,75,75,75,55,55,55,42,42,42,42,42,42,31,75,75,75,67,61,58,48,48,58,58,58,28,51,44,51,51,21,77,77,74,52,44],"gold":48,"neow_bonus":"BOSS_RELIC","is_daily":false,"chose_seed":false,"campfire_upgraded":5,"win_rate":0.0,"timestamp":1608938454,"path_taken":["M","M","M","M","M","R","?","E","T","E","?","?","?","?","R","BOSS","M","?","$","?","?","R","E","R","T","E","M","M","M","?","R","BOSS","M","?","M","M","?","E","$","M","T","?","M","R","E","M","R","BOSS","R","$","E","BOSS"],"items_purchased_type":["Relic","Relic","Relic","Card","Relic","Relic","Potion"],"build_version":"2020-12-22","purchased_purges":3,"victory":true,"max_hp_per_floor":[75,75,75,75,75,75,75,75,75,75,75,75,75,75,75,75,75,75,75,75,75,75,75,75,75,75,75,75,75,75,75,75,75,75,75,75,75,75,75,77,77,79,79,75,77,77,77,77,77,77,77,77,74,76,76],"relic_stats":{"Blood Vial":12,"SsserpentHead":550,"Singing Bowl":8,"counters":[31,156],"Astrolabe":["RobotSpaceExplorer:DoubleBlock","RobotSpaceExplorer:Arsenal","RobotSpaceExplorer:SelfCleaning"],"Bag of Preparation":[32],"Kunai":[15],"MawBank":120,"obtain_stats":[{"RobotSpaceExplorer:SlideRule":20,"Singing Bowl":40,"Astrolabe":17,"SacredBark":34,"Oddly Smooth Stone":47,"RobotSpaceExplorer:RoboCore":0,"Bag of Preparation":27,"MawBank":10,"White Beast Statue":8,"Akabeko":9,"Blood Vial":41,"SsserpentHead":7,"RobotSpaceExplorer:BottledGravity":54,"Molten Egg 2":26,"RobotSpaceExplorer:SearchSpecs":0,"Bag of Marbles":20,"Kunai":53,"Toy Ornithopter":24,"TungstenRod":41},{"RobotSpaceExplorer:SlideRule":12,"Singing Bowl":24,"Astrolabe":11,"SacredBark":19,"Oddly Smooth Stone":27,"RobotSpaceExplorer:RoboCore":0,"Bag of Preparation":15,"MawBank":7,"White Beast Statue":6,"Akabeko":6,"Blood Vial":24,"SsserpentHead":5,"RobotSpaceExplorer:BottledGravity":30,"Molten Egg 2":14,"RobotSpaceExplorer:SearchSpecs":0,"Bag of Marbles":12,"Kunai":29,"Toy Ornithopter":14,"TungstenRod":24},{"RobotSpaceExplorer:SlideRule":58,"Singing Bowl":106,"Astrolabe":55,"SacredBark":83,"Oddly Smooth Stone":124,"RobotSpaceExplorer:RoboCore":0,"Bag of Preparation":65,"MawBank":30,"White Beast Statue":24,"Akabeko":24,"Blood Vial":106,"SsserpentHead":20,"RobotSpaceExplorer:BottledGravity":146,"Molten Egg 2":63,"RobotSpaceExplorer:SearchSpecs":0,"Bag of Marbles":58,"Kunai":140,"Toy Ornithopter":63,"TungstenRod":106}],"Toy Ornithopter":90,"TungstenRod":57},"card_choices":[{"not_picked":["RobotSpaceExplorer:ShockKick","RobotSpaceExplorer:Blitz"],"picked":"RobotSpaceExplorer:ImprovisedAttack","floor":1},{"not_picked":["RobotSpaceExplorer:MetalStrike","RobotSpaceExplorer:ImprovisedAttack","RobotSpaceExplorer:SurgingStrike"],"picked":"SKIP","floor":2},{"not_picked":["RobotSpaceExplorer:BlastShield","RobotSpaceExplorer:MetalStrike","RobotSpaceExplorer:Counterblock"],"picked":"SKIP","floor":3},{"not_picked":["RobotSpaceExplorer:Fix","RobotSpaceExplorer:FrostMissile"],"picked":"RobotSpaceExplorer:ScrapMissile","floor":4},{"not_picked":["RobotSpaceExplorer:ShockKick","RobotSpaceExplorer:Ammunition","RobotSpaceExplorer:Counterblock"],"picked":"SKIP","floor":5},{"not_picked":["RobotSpaceExplorer:ShockKick","RobotSpaceExplorer:ScrapMissile"],"picked":"RobotSpaceExplorer:Blaster","floor":8},{"not_picked":["RobotSpaceExplorer:PowerCollector","RobotSpaceExplorer:PowerGlove"],"picked":"RobotSpaceExplorer:ScrapShield","floor":10},{"not_picked":["RobotSpaceExplorer:SlimeMissile","RobotSpaceExplorer:Probe","RobotSpaceExplorer:StunGrenade"],"picked":"SKIP","floor":11},{"not_picked":["RobotSpaceExplorer:ScrapMissile","RobotSpaceExplorer:MiniDrones"],"picked":"RobotSpaceExplorer:Calculate","floor":12},{"not_picked":["RobotSpaceExplorer:DoubleFind","RobotSpaceExplorer:FrostMissile"],"picked":"RobotSpaceExplorer:TrailblazerForm","floor":14},{"not_picked":["RobotSpaceExplorer:Blaster","RobotSpaceExplorer:Multitool"],"picked":"RobotSpaceExplorer:ChargingLaser","floor":16},{"not_picked":["RobotSpaceExplorer:SwiftStep","RobotSpaceExplorer:IronShell"],"picked":"RobotSpaceExplorer:BigMissile+1","floor":18},{"not_picked":["RobotSpaceExplorer:SurgingStrike","RobotSpaceExplorer:MiniDrones"],"picked":"RobotSpaceExplorer:ScrapShield+1","floor":22},{"not_picked":["RobotSpaceExplorer:ShockKick","RobotSpaceExplorer:Discharger","RobotSpaceExplorer:FrostMissile+1"],"picked":"SKIP","floor":24},{"not_picked":["RobotSpaceExplorer:SlimeMissile+1","RobotSpaceExplorer:Ammunition","RobotSpaceExplorer:ScrapMissile+1"],"picked":"SKIP","floor":27},{"not_picked":["RobotSpaceExplorer:Ammunition","RobotSpaceExplorer:Counterblock+1","RobotSpaceExplorer:StunGrenade+1"],"picked":"SKIP","floor":28},{"not_picked":["RobotSpaceExplorer:MetalStrike+1","RobotSpaceExplorer:Ammunition","RobotSpaceExplorer:MiniBoosters+1"],"picked":"SKIP","floor":29},{"not_picked":["RobotSpaceExplorer:ChargingLaser+1","RobotSpaceExplorer:SurgingShield"],"picked":"RobotSpaceExplorer:FranticSearch+1","floor":30},{"not_picked":["RobotSpaceExplorer:Comet","RobotSpaceExplorer:Wormhole"],"picked":"RobotSpaceExplorer:ShockMissile+1","floor":33},{"not_picked":["RobotSpaceExplorer:FrostMissile+1","RobotSpaceExplorer:GlueShot+1"],"picked":"RobotSpaceExplorer:FranticSearch","floor":35},{"not_picked":["RobotSpaceExplorer:SurgingStrike+1","RobotSpaceExplorer:SwiftStep+1"],"picked":"RobotSpaceExplorer:IronShell","floor":37},{"not_picked":["RobotSpaceExplorer:MetalStrike+1","RobotSpaceExplorer:FranticSearch","RobotSpaceExplorer:ImprovisedAttack+1"],"picked":"SKIP","floor":38},{"not_picked":["RobotSpaceExplorer:StunGrenade+1","RobotSpaceExplorer:StarDust+1"],"picked":"RobotSpaceExplorer:ScrapToss+1","floor":39},{"not_picked":["RobotSpaceExplorer:Counterblock","RobotSpaceExplorer:HighVoltage+1","RobotSpaceExplorer:FrostMissile+1"],"picked":"Singing Bowl","floor":40},{"not_picked":["RobotSpaceExplorer:SurgingShield","RobotSpaceExplorer:Ammunition+1","RobotSpaceExplorer:ImprovisedAttack+1"],"picked":"Singing Bowl","floor":42},{"not_picked":["RobotSpaceExplorer:SwiftStep+1","RobotSpaceExplorer:GlueShot","RobotSpaceExplorer:ScrapShield+1"],"picked":"Singing Bowl","floor":45},{"not_picked":["RobotSpaceExplorer:GlueShot","RobotSpaceExplorer:MetalStrike+1"],"picked":"RobotSpaceExplorer:Scanner","floor":47},{"not_picked":["RobotSpaceExplorer:MetalStrike+1","RobotSpaceExplorer:Pulsar+1"],"picked":"RobotSpaceExplorer:RigExplosive+1","floor":48},{"not_picked":["RobotSpaceExplorer:MetalStrike+1","RobotSpaceExplorer:Reload","RobotSpaceExplorer:LuckyStrike+1"],"picked":"Singing Bowl","floor":54}],"player_experience":222801,"relics_obtained":[{"floor":8,"key":"White Beast Statue"},{"floor":9,"key":"Akabeko"},{"floor":10,"key":"MawBank"},{"floor":24,"key":"Toy Ornithopter"},{"floor":26,"key":"Molten Egg 2"},{"floor":27,"key":"Bag of Preparation"},{"floor":40,"key":"Singing Bowl"},{"floor":47,"key":"Oddly Smooth Stone"},{"floor":54,"key":"RobotSpaceExplorer:BottledGravity"}],"event_choices":[{"damage_healed":0,"gold_gain":0,"player_choice":"Trade","damage_taken":0,"relics_obtained":["SsserpentHead"],"max_hp_gain":0,"max_hp_loss":0,"event_name":"FaceTrader","floor":7,"gold_loss":0},{"damage_healed":0,"gold_gain":0,"player_choice":"Upgraded","damage_taken":0,"max_hp_gain":0,"max_hp_loss":0,"event_name":"Upgrade Shrine","floor":13,"gold_loss":0,"cards_upgraded":["RobotSpaceExplorer:Blaster"]},{"cards_removed":["RobotSpaceExplorer:SelfCleaning"],"damage_healed":0,"gold_gain":0,"player_choice":"Elegance","damage_taken":0,"max_hp_gain":0,"max_hp_loss":0,"event_name":"Back to Basics","floor":19,"gold_loss":0},{"cards_removed":["RobotSpaceExplorer:Defend"],"damage_healed":0,"gold_gain":0,"player_choice":"Gave Gold","damage_taken":0,"max_hp_gain":0,"max_hp_loss":0,"event_name":"Beggar","floor":21,"gold_loss":75},{"damage_healed":0,"gold_gain":0,"player_choice":"Ignored","damage_taken":0,"max_hp_gain":0,"max_hp_loss":0,"event_name":"Cursed Tome","floor":31,"gold_loss":0},{"damage_healed":0,"gold_gain":0,"player_choice":"Copied","damage_taken":0,"max_hp_gain":0,"max_hp_loss":0,"event_name":"Duplicator","floor":36,"gold_loss":0,"cards_obtained":["RobotSpaceExplorer:ShockMissile"]},{"damage_healed":0,"gold_gain":0,"player_choice":"Max HP","damage_taken":0,"max_hp_gain":0,"max_hp_loss":4,"event_name":"Winding Halls","floor":44,"gold_loss":0}],"is_beta":false,"boss_relics":[{"not_picked":["Busted Crown","Coffee Dripper"],"picked":"Astrolabe"},{"not_picked":["Cursed Key","Philosopher\u0027s Stone"],"picked":"SacredBark"}],"items_purged_floors":[20,41,53],"is_endless":false,"potions_floor_spawned":[1,4,8,10,11,12,14,16,18,22,24,27,28,29,30,33,35,37,38,39,40,42,45,47,48,54],"ascension_level":3}}