{"host":"l3driqybz9dsrt8z","time":1608927504,"event":{"mods":["AchievementEnabler","Act Like it!","Aspiration","BaseMod","Conspire","Downfall","GifTheSpireLib","Hallownest","Hermit","Hubris","Hunter ??","Infinite Spire","Marisa????????","Minty Spire (QoL Compilation)","Quick Restart","Replay The Spire","StSLib","Stuff the Spire","The Bug Knight","The Servant 0.9.4","[IsaacMod]????"],"gold_per_floor":[119,119,169,169,183,183,183],"floor_reached":6,"playtime":236,"items_purged":[],"score":36,"play_id":"ef85558c-ef21-4dae-a89e-b629e5211736","local_time":"20201225201824","is_ascension_mode":true,"campfire_choices":[],"circlet_count":0,"master_deck":["Strike_P","Strike_P","Strike_P","Strike_P","Defend_P","Defend_P","Defend_P","Defend_P","Eruption","Vigilance","BloodyBrimstone","Blasphemy","Evaluate"],"relics":["StuffTheSpire:OccultApparatus","HushsDoor","BookofShadows","NeowsBlessing","DeadEye","infinitespire:Beetle Shell"],"acts_visited":["Hallownest:Greenpath"],"potions_floor_usage":[],"damage_taken":[{"damage":0,"enemies":"Hallownest:2_Baldur","floor":1,"turns":1},{"damage":0,"enemies":"Hiden Room Battle","floor":3,"turns":1},{"damage":0,"enemies":"Hallownest:2_MossCreeps","floor":5,"turns":1},{"damage":99999,"enemies":"Hallownest:eliteMossKnight","floor":6,"turns":3}],"seed_played":"-6177394155922607518","potions_obtained":[],"is_trial":false,"path_per_floor":["M","?","?","$","M","E"],"character_chosen":"WATCHER","items_purchased":[],"campfire_rested":0,"item_purchase_floors":[],"current_hp_per_floor":[72,72,57,57,57,0,0],"gold":183,"neow_bonus":"THREE_ENEMY_KILL","is_daily":false,"chose_seed":false,"campfire_upgraded":0,"win_rate":0.0,"timestamp":1608927504,"path_taken":["M","?","?","?","M","E"],"items_purchased_type":[],"build_version":"2020-12-22","purchased_purges":0,"victory":false,"max_hp_per_floor":[72,72,72,72,72,69,69],"card_choices":[{"not_picked":[],"picked":"BloodyBrimstone","floor":0},{"not_picked":["Halt","FlurryOfBlows"],"picked":"Blasphemy","floor":1},{"not_picked":["SignatureMove","Pray"],"picked":"Evaluate","floor":5}],"player_experience":31344,"relics_obtained":[{"floor":3,"key":"DeadEye"},{"floor":3,"key":"infinitespire:Beetle Shell"}],"event_choices":[{"damage_healed":0,"gold_gain":0,"player_choice":"Fight","damage_taken":0,"max_hp_gain":0,"max_hp_loss":0,"event_name":"HidenRoomEvent","floor":3,"gold_loss":0}],"is_beta":false,"boss_relics":[],"items_purged_floors":[],"is_endless":false,"potions_floor_spawned":[],"killed_by":"Hallownest:eliteMossKnight","ascension_level":1}}