{"host":"djfsqftupta9xgss","time":1608905650,"event":{"mods":["ATMod(°¢èªMod)","Act Like it!","BaseMod","Gensokyo","Minty Spire (QoL Compilation)","MostiFishMod","Replay The Spire","Spicy Shops","StSLib","TestMod"],"gold_per_floor":[113,126,137,154,154,189,27,60,134,167,231,281,291,309,309,380,380,396,311,326,209,221,250,250,285,308,341,355,389,406,331,331,417,417,439,460,860,878,890,929,945,974,1020,1035,1068,1068,1086,1119,1119,1119,1119,1119,1119,450,476,476],"floor_reached":57,"playtime":2333,"items_purged":["Strike_R","Strike_R"],"score":3969,"play_id":"0f2158fc-c368-414f-b668-e0837402baa8","local_time":"20201225221410","is_ascension_mode":true,"campfire_choices":[{"floor":15.0,"key":"RECALL"},{"floor":32.0,"key":"DIG"},{"data":"AT_DiedThrough","floor":46,"key":"SMITH"},{"data":"MostiFishMod:UltimateDefense","floor":49,"key":"SMITH"},{"data":"MostiFishMod:UltimateDefense+1","floor":53,"key":"SMITH"}],"circlet_count":0,"master_deck":["AscendersBane","Defend_R+1","Defend_R+1","Defend_R","Bash","AT_ShadowStep+1","Pommel Strike","Body Slam","MostiFishMod:UltimateDefense+3","Power Through","Burning Pact","Evolve","AT_BodySlamDance","MostiFishMod:Chiaki","Shrug It Off","AT_BodySlamDance+1","Pommel Strike+1","Pommel Strike+1","True Grit+1","AT_GerminateFire+1","Exhume","AT_DiedThrough","Feel No Pain+1","Madness","Madness","AT_DiedThrough+1","testmod-Mystery","testmod-Arrangement"],"relics":["Burning Blood","DaveBox","testmod-TestBox","ThornShield","testmod-GiftOfSatan","SynthV:TestCard","Pear","Membership Card","Lizard Tail","Replay:Accelerometer","Simple Rune","CombinedTypeHook","FeatherPendant","AT_TimeSand","Ancient Tea Set","HornCleat","AT_BellowingDragoncrestRing","AT_BellDemon","Paper Frog","Self Forming Clay","Art of War","TungstenRod","Shuriken","ReplayTheSpireMod:Spearhead","CeramicFish","Omamori","testmod-IncinerationGenerator","Mummified Hand","Quantum Egg","testmod-AssaultLearning","testmod-CasingShield","CaptainsWheel","Chameleon Ring","Smiling Mask","Bag of Marbles","Ornamental Fan","testmod-HeartOfStrike","Divine Protection","Nunchaku","Replay:WaspNest","AT_SilvercatRing","Charon\u0027s Ashes","AT_EbonyIvory","testmod-Muramasa","TheAbacus","SynthV:C4","Replay:Mystery Machine"],"acts_visited":["Exordium","TheCity","TheBeyond","TheEnding"],"potions_floor_usage":[],"damage_taken":[{"damage":0.0,"enemies":"Small Slimes","floor":1.0,"turns":3.0},{"damage":0.0,"enemies":"Cultist","floor":2.0,"turns":2.0},{"damage":0.0,"enemies":"2 Louse","floor":3.0,"turns":1.0},{"damage":0.0,"enemies":"Large Slime","floor":4.0,"turns":2.0},{"damage":9.0,"enemies":"3 Sentries","floor":6.0,"turns":5.0},{"damage":8.0,"enemies":"Gremlin Nob","floor":8.0,"turns":4.0},{"damage":0.0,"enemies":"Lagavulin","floor":10.0,"turns":5.0},{"damage":25.0,"enemies":"3 Sentries","floor":11.0,"turns":6.0},{"damage":0.0,"enemies":"Exordium Thugs","floor":13.0,"turns":3.0},{"damage":0.0,"enemies":"Blue Slaver","floor":14.0,"turns":2.0},{"damage":10.0,"enemies":"Hexaghost","floor":16.0,"turns":4.0},{"damage":0.0,"enemies":"Spheric Guardian","floor":18.0,"turns":2.0},{"damage":0.0,"enemies":"2 Thieves","floor":20.0,"turns":2.0},{"damage":0.0,"enemies":"Sentry and Sphere","floor":22.0,"turns":3.0},{"damage":3.0,"enemies":"Gremlin Leader","floor":23.0,"turns":1.0},{"damage":0.0,"enemies":"Slavers","floor":25.0,"turns":1.0},{"damage":0.0,"enemies":"Book of Stabbing","floor":27.0,"turns":2.0},{"damage":0.0,"enemies":"Cultist and Chosen","floor":28.0,"turns":1.0},{"damage":0.0,"enemies":"Replay:Snechameleon","floor":29.0,"turns":2.0},{"damage":0.0,"enemies":"Shelled Parasite and Fungi","floor":30.0,"turns":2.0},{"damage":0.0,"enemies":"Champ","floor":33.0,"turns":1.0},{"damage":0.0,"enemies":"3 Darklings","floor":35.0,"turns":1.0},{"damage":0.0,"enemies":"3 Shapes","floor":36.0,"turns":1.0},{"damage":0.0,"enemies":"Spire Growth","floor":39.0,"turns":1.0},{"damage":0.0,"enemies":"Reptomancer","floor":40.0,"turns":1.0},{"damage":0.0,"enemies":"Jaw Worm Horde","floor":41.0,"turns":2.0},{"damage":0.0,"enemies":"R_Hoarder","floor":42.0,"turns":2.0},{"damage":0,"enemies":"Writhing Mass","floor":44,"turns":1},{"damage":0,"enemies":"Reptomancer","floor":45,"turns":1},{"damage":0,"enemies":"R_Hoarder","floor":48,"turns":2},{"damage":0,"enemies":"Donu and Deca","floor":50,"turns":1},{"damage":0,"enemies":"Awakened One","floor":51,"turns":3},{"damage":0,"enemies":"Shield and Spear","floor":55,"turns":1},{"damage":0,"enemies":"The Heart","floor":56,"turns":4}],"seed_played":"-9080374380592409180","potions_obtained":[{"floor":4.0,"key":"Fire Potion"},{"floor":8.0,"key":"Dexterity Potion"},{"floor":10.0,"key":"ColorlessPotion"},{"floor":27.0,"key":"testmod-EscapePotion"}],"is_trial":false,"path_per_floor":["M","M","M","M","?","E","$","E","T","E","?","?","M","M","R","B",null,"M","?","M","$","M","E","?","E","T","E","M","E","M","?","R","B",null,"M","M","?","?","M","E","M","E","T","M","E","R","?","E","R","B","B",null,"R","$","E","B",null],"character_chosen":"IRONCLAD","items_purchased":["Membership Card","Ancient Tea Set","AT_SilvercatRing","Charon\u0027s Ashes","AT_EbonyIvory","testmod-Muramasa","TheAbacus"],"campfire_rested":0,"item_purchase_floors":[7,21,54,54,54,54,54],"current_hp_per_floor":[56,68,74,75,68,95,95,93,93,100,93,83,95,112,112,108,111,112,112,122,122,127,127,127,127,127,127,127,127,127,127,127,127,127,127,127,127,105,111,117,127,127,127,127,127,127,118,124,124,127,127,127,127,127,127,127],"gold":476,"neow_bonus":"REMOVE_TWO","is_daily":false,"chose_seed":false,"campfire_upgraded":3,"win_rate":0.0,"timestamp":1608905650,"path_taken":["M","M","M","M","?","E","$","E","T","E","?","?","M","?","R","BOSS","M","?","M","$","M","E","?","E","T","E","M","E","?","?","R","BOSS","M","M","?","?","M","E","M","E","T","M","E","R","?","E","R","BOSS","BOSS","R","$","E","BOSS"],"items_purchased_type":["Relic","Relic","Relic","Relic","Relic","Relic","Relic"],"build_version":"2020-12-22","purchased_purges":2,"victory":true,"max_hp_per_floor":[75,75,75,75,75,95,95,95,95,100,107,107,107,112,112,112,112,112,112,122,122,127,127,127,127,127,127,127,127,127,127,127,127,127,127,127,127,127,127,127,127,127,127,127,127,127,127,127,127,127,127,127,127,127,127,127],"card_choices":[{"not_picked":["Flex","Twin Strike","AT_GerminateFire"],"picked":"SKIP","floor":1.0},{"not_picked":["Anger","Body Slam","AT_IchimonjiDouble","Carnage"],"picked":"Pommel Strike","floor":2.0},{"not_picked":["Rupture","Iron Wave","AT_IchimonjiDouble","Thunderclap"],"picked":"Body Slam","floor":3.0},{"not_picked":["Warcry","Headbutt","Body Slam","Burning Pact"],"picked":"MostiFishMod:UltimateDefense","floor":4.0},{"not_picked":["AT_GerminateFire","MostiFishMod:BrandingRite","MostiFishMod:FireWorks","Armaments"],"picked":"Power Through","floor":6.0},{"not_picked":["Body Slam","MostiFishMod:#F4004","Infernal Blade","Reaper"],"picked":"Burning Pact","floor":8.0},{"not_picked":["Havoc","Anger","Rupture","Heavy Blade","Combust"],"picked":"SKIP","floor":10.0},{"not_picked":["Clothesline","Warcry","Iron Wave","Inflame"],"picked":"Evolve","floor":11.0},{"not_picked":["Disarm","Warcry","Twin Strike","MostiFishMod:#F4004"],"picked":"AT_BodySlamDance","floor":13.0},{"not_picked":["Thunderclap","True Grit","Intimidate","Clash","Anger"],"picked":"SKIP","floor":14.0},{"not_picked":["MostiFishMod:PerfectStrikeMKII","MostiFishMod:CullingBlade","AT_Dispersion","MostiFishMod:WingOfPhoenix"],"picked":"MostiFishMod:Chiaki","floor":16.0},{"not_picked":["Clothesline","Pummel","Fire Breathing","Thunderclap"],"picked":"Shrug It Off","floor":18.0},{"not_picked":["Uppercut","Havoc","Flex","Immolate"],"picked":"AT_BodySlamDance+1","floor":20.0},{"not_picked":["AT_ManFootWork","MostiFishMod:#F4004","Headbutt+1","Entrench"],"picked":"Pommel Strike+1","floor":22.0},{"not_picked":["AT_ManFootWork","AT_BodySlamDance","Limit Break","MostiFishMod:#F4004+1"],"picked":"Pommel Strike+1","floor":23.0},{"not_picked":["Carnage","Pommel Strike","Headbutt+1","Entrench","Reckless Charge+1"],"picked":"SKIP","floor":25.0},{"not_picked":["Flex","Body Slam","Dual Wield","Disarm"],"picked":"True Grit+1","floor":27.0},{"not_picked":["Twin Strike","Battle Trance","Power Through","Clothesline+1","Dropkick"],"picked":"SKIP","floor":28.0},{"not_picked":["Fire Breathing","Inflame","AT_GerminateFire+1","Sword Boomerang","Uppercut"],"picked":"SKIP","floor":29.0},{"not_picked":["Fire Breathing","Inflame","Sword Boomerang","Uppercut"],"picked":"AT_GerminateFire+1","floor":29.0},{"not_picked":["True Grit","Bludgeon","Bloodletting","Combust","Seeing Red"],"picked":"SKIP","floor":30.0},{"not_picked":["AT_Dispersion","MostiFishMod:Chiaki","MostiFishMod:Mania","MostiFishMod:ChineseTea"],"picked":"Exhume","floor":33.0},{"not_picked":["AT_IchimonjiDouble+1","Warcry+1","AT_DiedThrough","MostiFishMod:#F4004+1","Shrug It Off+1"],"picked":"SKIP","floor":35.0},{"not_picked":["AT_IchimonjiDouble+1","Warcry+1","MostiFishMod:#F4004+1","Shrug It Off+1"],"picked":"AT_DiedThrough","floor":35.0},{"not_picked":["Power Through","Iron Wave","Body Slam","Headbutt"],"picked":"Feel No Pain+1","floor":36.0},{"not_picked":["Sword Boomerang","MostiFishMod:#F4004","Pommel Strike","Armaments","Heavy Blade"],"picked":"SKIP","floor":39.0},{"not_picked":["Body Slam","Anger+1","Power Through","Searing Blow+1"],"picked":"AT_DiedThrough","floor":40.0},{"not_picked":["Perfected Strike","Clothesline+1","MostiFishMod:DarkDeal","Headbutt","Heavy Blade"],"picked":"SKIP","floor":41.0},{"not_picked":["Anger","AT_CaressingTears","Seeing Red+1","Twin Strike+1","Armaments"],"picked":"SKIP","floor":42.0},{"not_picked":["Heavy Blade","Hemokinesis+1","Pummel+1","Wild Strike","Cleave"],"picked":"SKIP","floor":44},{"not_picked":["Perfected Strike","Inflame","Iron Wave","True Grit","Ghostly Armor+1"],"picked":"SKIP","floor":45},{"not_picked":["Trip","Forethought","testmod-AutoReboundSystem","Deep Breath"],"picked":"testmod-Mystery","floor":47},{"not_picked":["Jack Of All Trades","testmod-LifeRuler","Mayhem","Thinking Ahead"],"picked":"testmod-Arrangement","floor":47},{"not_picked":["Twin Strike","Headbutt+1","Wild Strike","Feel No Pain+1","Berserk"],"picked":"SKIP","floor":48},{"not_picked":["AT_GerminateFire","Rage","Armaments","Pommel Strike","Hemokinesis"],"picked":"SKIP","floor":55}],"player_experience":334756,"relics_obtained":[{"floor":1.0,"key":"SynthV:TestCard"},{"floor":6.0,"key":"Pear"},{"floor":8.0,"key":"Lizard Tail"},{"floor":9.0,"key":"Replay:Accelerometer"},{"floor":10.0,"key":"Simple Rune"},{"floor":11.0,"key":"CombinedTypeHook"},{"floor":23.0,"key":"HornCleat"},{"floor":25.0,"key":"AT_BellowingDragoncrestRing"},{"floor":26.0,"key":"AT_BellDemon"},{"floor":27.0,"key":"Paper Frog"},{"floor":27.0,"key":"Self Forming Clay"},{"floor":28.0,"key":"Art of War"},{"floor":29.0,"key":"TungstenRod"},{"floor":29.0,"key":"Shuriken"},{"floor":30.0,"key":"ReplayTheSpireMod:Spearhead"},{"floor":32.0,"key":"CeramicFish"},{"floor":33.0,"key":"Omamori"},{"floor":35.0,"key":"Mummified Hand"},{"floor":36.0,"key":"Quantum Egg"},{"floor":39.0,"key":"testmod-AssaultLearning"},{"floor":40.0,"key":"testmod-CasingShield"},{"floor":40.0,"key":"CaptainsWheel"},{"floor":41.0,"key":"Chameleon Ring"},{"floor":42.0,"key":"Smiling Mask"},{"floor":42.0,"key":"Bag of Marbles"},{"floor":44,"key":"Ornamental Fan"},{"floor":45,"key":"testmod-HeartOfStrike"},{"floor":45,"key":"Divine Protection"},{"floor":48,"key":"Nunchaku"},{"floor":48,"key":"Replay:WaspNest"},{"floor":55,"key":"SynthV:C4"},{"floor":55,"key":"Replay:Mystery Machine"}],"event_choices":[{"cards_removed":["Strike_R"],"damage_healed":0.0,"max_hp_gain":0.0,"max_hp_loss":0.0,"gold_gain":0.0,"event_name":"Golden Wing","player_choice":"Card Removal","floor":5.0,"gold_loss":0.0,"damage_taken":7.0},{"damage_healed":0.0,"max_hp_gain":0.0,"max_hp_loss":0.0,"gold_gain":0.0,"event_name":"Dead Adventurer","player_choice":"Searched \u00271\u0027 times","floor":11.0,"gold_loss":0.0,"damage_taken":0.0},{"damage_healed":0.0,"max_hp_gain":0.0,"max_hp_loss":0.0,"gold_gain":50.0,"event_name":"FaceTrader","player_choice":"Touch","floor":12.0,"gold_loss":0.0,"damage_taken":10.0},{"damage_healed":0.0,"max_hp_gain":0.0,"max_hp_loss":0.0,"gold_gain":0.0,"event_name":"Addict","player_choice":"Obtained Relic","floor":19.0,"gold_loss":85.0,"damage_taken":0.0,"relics_obtained":["AT_TimeSand"]},{"damage_healed":0.0,"max_hp_gain":0.0,"max_hp_loss":0.0,"gold_gain":0.0,"event_name":"Accursed Blacksmith","player_choice":"Forge","floor":24.0,"gold_loss":0.0,"damage_taken":0.0,"cards_upgraded":["AT_ShadowStep"]},{"cards_removed":["Strike_R"],"damage_healed":0.0,"max_hp_gain":0.0,"max_hp_loss":0.0,"gold_gain":0.0,"event_name":"Beggar","player_choice":"Gave Gold","floor":31.0,"gold_loss":75.0,"damage_taken":0.0},{"damage_healed":0.0,"max_hp_gain":0.0,"max_hp_loss":0.0,"gold_gain":400.0,"event_name":"¶÷ÂåË¹µÄÅÌ×Ó","player_choice":"Sell","floor":37.0,"relics_lost":["AT_ATBox"],"gold_loss":0.0,"damage_taken":0.0},{"damage_healed":0.0,"max_hp_gain":0.0,"max_hp_loss":0.0,"gold_gain":0.0,"event_name":"Winding Halls","player_choice":"Embrace Madness","floor":38.0,"gold_loss":0.0,"damage_taken":23.0,"cards_obtained":["Madness","Madness"]},{"damage_healed":0,"gold_gain":0,"player_choice":"Memory 3","damage_taken":10,"max_hp_gain":0,"max_hp_loss":0,"event_name":"SensoryStone","floor":47,"gold_loss":0}],"is_beta":false,"boss_relics":[{"not_picked":["JellyFishMachine","Electric Blood"],"picked":"FeatherPendant"},{"not_picked":["Ooze Armor","testmod-KeyOfTheVoid"],"picked":"testmod-IncinerationGenerator"}],"items_purged_floors":[21,54],"is_endless":false,"potions_floor_spawned":[4,8,10,14,16,22,23,27,30,33,36,39,42],"ascension_level":20}}