{"host":"e40jm352kjzixotw","time":1608925032,"event":{"mods":["Arknights The Spire","BaseMod","Better Altar","BetterRewards","Colored Map","Colored Powertips","DeckTracker","Dota2Spire","Minty Spire (QoL Compilation)","Rare Cards Sparkle","Relic Stats","Shade Mod","StSLib","The Animator","TheSwordswoman"],"gold_per_floor":[119,119,119,119,138,182,210,222,261,297,385,410,455,483,495,507,507],"floor_reached":16,"playtime":607,"items_purged":[],"score":137,"play_id":"6cd47571-7e0e-41a7-8434-b875831ecc29","local_time":"20201225203712","is_ascension_mode":false,"campfire_choices":[{"data":"ats:Armor Crushing Shot","floor":8,"key":"SMITH"},{"floor":15,"key":"REST"}],"circlet_count":0,"master_deck":["ats:Strike G","ats:Strike S","ats:Strike V","ats:Armor Crushing Shot+1","ats:Defend","ats:Defend","ats:Defend","ats:Defend","ats:Emotion Absorption","ats:Explosion Area Strengthen+1","ats:Consecutive Shot Auto","ats:Demon Strength","ats:Assault Order","ats:Powerful Strike","ats:Apocalypse"],"relics":["ats:Sanity","NeowsBlessing","Golden Idol","ats:Originium","MawBank","Dota2Spire:UrnOfShadows","ats:Originium","Oddly Smooth Stone"],"acts_visited":["Exordium"],"potions_floor_usage":[16,16],"damage_taken":[{"damage":0,"enemies":"Small Slimes","floor":1,"turns":1},{"damage":0,"enemies":"Jaw Worm","floor":5,"turns":1},{"damage":0,"enemies":"3 Sentries","floor":6,"turns":1},{"damage":0,"enemies":"2 Louse","floor":7,"turns":2},{"damage":6,"enemies":"Large Slime","floor":10,"turns":5},{"damage":2,"enemies":"2 Fungi Beasts","floor":12,"turns":3},{"damage":24,"enemies":"Gremlin Nob","floor":13,"turns":4},{"damage":23,"enemies":"Exordium Thugs","floor":14,"turns":6},{"damage":38,"enemies":"The Guardian","floor":16,"turns":11}],"seed_played":"1007647260044327138","potions_obtained":[{"floor":5,"key":"Dota2Spire:Clarity"},{"floor":10,"key":"FearPotion"}],"is_trial":false,"path_per_floor":["M","?","$","?","M","E","M","R","T","M","?","M","E","M","R","B"],"character_chosen":"DOCTOR_CLASS","items_purchased":[],"campfire_rested":1,"item_purchase_floors":[],"current_hp_per_floor":[72,65,65,65,65,65,65,65,65,59,59,57,33,14,34,0,0],"gold":507,"neow_bonus":"THREE_ENEMY_KILL","is_daily":false,"chose_seed":false,"campfire_upgraded":1,"win_rate":0.0,"timestamp":1608925032,"path_taken":["M","?","$","?","M","E","M","R","T","M","?","M","E","M","R","BOSS"],"items_purchased_type":[],"build_version":"2020-12-22","purchased_purges":0,"victory":false,"max_hp_per_floor":[72,72,72,67,67,67,67,67,67,67,67,67,67,67,67,67,67],"relic_stats":{"counters":[9,34],"Golden Idol":34,"MawBank":120,"obtain_stats":[{"Dota2Spire:UrnOfShadows":9,"NeowsBlessing":0,"ats:Originium":6,"Golden Idol":4,"Oddly Smooth Stone":13,"ats:Sanity":0,"MawBank":6},{"Dota2Spire:UrnOfShadows":4,"NeowsBlessing":0,"ats:Originium":3,"Golden Idol":1,"Oddly Smooth Stone":7,"ats:Sanity":0,"MawBank":3},{"Dota2Spire:UrnOfShadows":5,"NeowsBlessing":0,"ats:Originium":3,"Golden Idol":1,"Oddly Smooth Stone":17,"ats:Sanity":0,"MawBank":3}]},"card_choices":[{"not_picked":["ats:Curse Doll","ats:Childhood Dance"],"picked":"ats:Explosion Area Strengthen","floor":1},{"not_picked":["ats:Thermite Blade","ats:Apocalypse"],"picked":"ats:Consecutive Shot Auto","floor":5},{"not_picked":["ats:Flame Of Heaven","ats:Guardian Obelisk"],"picked":"ats:Demon Strength","floor":6},{"not_picked":["ats:Encircling Forest","ats:Part Time Job"],"picked":"ats:Assault Order","floor":7},{"not_picked":["ats:Hammer On","ats:Revitalization"],"picked":"ats:Powerful Strike","floor":10},{"not_picked":["ats:Collapsing Strike","ats:Childhood Dance","ats:Directed Diagnosis"],"picked":"SKIP","floor":12},{"not_picked":["ats:Volcano","ats:Consecutive Shot Auto"],"picked":"ats:Apocalypse","floor":13},{"not_picked":["ats:Flame Of Heaven","ats:Sunburst","ats:Flexible Camouflage"],"picked":"SKIP","floor":14}],"player_experience":1162542,"relics_obtained":[{"floor":6,"key":"ats:Originium"},{"floor":6,"key":"MawBank"},{"floor":9,"key":"Dota2Spire:UrnOfShadows"},{"floor":13,"key":"ats:Originium"},{"floor":13,"key":"Oddly Smooth Stone"}],"event_choices":[{"damage_healed":0,"gold_gain":0,"player_choice":"Lose Max HP","damage_taken":0,"relics_obtained":["Golden Idol"],"max_hp_gain":0,"max_hp_loss":5,"event_name":"Golden Idol","floor":4,"gold_loss":0},{"damage_healed":0,"gold_gain":76,"player_choice":"Gained Gold","damage_taken":0,"max_hp_gain":0,"max_hp_loss":0,"event_name":"Golden Wing","floor":11,"gold_loss":0}],"is_beta":false,"boss_relics":[],"items_purged_floors":[],"is_endless":false,"potions_floor_spawned":[5,10],"killed_by":"The Guardian","ascension_level":0}}