{"host":"5bdt6s51dmpd4l3v","time":1608889696,"event":{"mods":["AchievementEnabler","BaseMod","Colored Map","Colored Powertips","Highlight Path","Minty Spire (QoL Compilation)","Quick Restart","Rare Cards Sparkle","StSLib"],"gold_per_floor":[115,265,2,2,19,19,31,31,31,50,67,93,93,119,119,193,193,204,129,145,145,157,157,207,207,288,288,305,336,336,366,366,440,440,460,168,221,239,239,273,285,44,44,61,61,88,99,99,99,99],"floor_reached":51,"playtime":3448,"items_purged":["Doubt"],"score":1427,"play_id":"76ed0a5a-de7a-4391-bcdc-bd9238c6ba68","local_time":"20201225174816","is_ascension_mode":true,"campfire_choices":[{"data":"Armaments","floor":6.0,"key":"SMITH"},{"data":"Shockwave","floor":8.0,"key":"SMITH"},{"data":"Offering","floor":13.0,"key":"SMITH"},{"floor":15.0,"key":"REST"},{"data":"Inflame","floor":23.0,"key":"SMITH"},{"data":"Offering","floor":25.0,"key":"SMITH"},{"floor":27.0,"key":"REST"},{"data":"Rage","floor":30.0,"key":"SMITH"},{"floor":32.0,"key":"REST"},{"floor":41.0,"key":"REST"},{"floor":45,"key":"REST"},{"floor":49,"key":"REST"}],"circlet_count":0,"master_deck":["AscendersBane","Strike_R","Strike_R","Strike_R","Defend_R","Defend_R","Defend_R","Bash","Sword Boomerang","Shockwave+1","Offering+1","Armaments+1","Hemokinesis","Twin Strike","Rage+1","Offering+1","Battle Trance+1","Inflame+1","Seeing Red","Double Tap+1","Warcry+1","Apotheosis+1","Impatience+1","Spot Weakness+1","Warcry+1","Seeing Red+1","Rage+1","Burning Pact+1"],"relics":["Burning Blood","NeowsBlessing","Red Skull","Lantern","Pear","Mummified Hand","Mark of Pain","Kunai","Toxic Egg 2","MealTicket","SlaversCollar","Torii","MawBank","Bottled Lightning","Meat on the Bone","Oddly Smooth Stone"],"acts_visited":["Exordium","TheCity","TheBeyond"],"potions_floor_usage":[46,50,50],"damage_taken":[{"damage":0.0,"enemies":"Jaw Worm","floor":1.0,"turns":1.0},{"damage":0.0,"enemies":"2 Louse","floor":5.0,"turns":2.0},{"damage":0.0,"enemies":"Cultist","floor":7.0,"turns":1.0},{"damage":10.0,"enemies":"Exordium Wildlife","floor":10.0,"turns":3.0},{"damage":13.0,"enemies":"3 Louse","floor":11.0,"turns":3.0},{"damage":23.0,"enemies":"3 Sentries","floor":12.0,"turns":5.0},{"damage":19.0,"enemies":"Gremlin Nob","floor":14.0,"turns":3.0},{"damage":29.0,"enemies":"Hexaghost","floor":16.0,"turns":7.0},{"damage":27.0,"enemies":"Chosen","floor":18.0,"turns":5.0},{"damage":13.0,"enemies":"Shell Parasite","floor":20.0,"turns":3.0},{"damage":20.0,"enemies":"Centurion and Healer","floor":22.0,"turns":3.0},{"damage":8.0,"enemies":"Chosen and Byrds","floor":28.0,"turns":4.0},{"damage":8.0,"enemies":"Book of Stabbing","floor":29.0,"turns":2.0},{"damage":14.0,"enemies":"Slavers","floor":31.0,"turns":3.0},{"damage":41.0,"enemies":"Champ","floor":33.0,"turns":5.0},{"damage":17.0,"enemies":"Orb Walker","floor":35.0,"turns":3.0},{"damage":34.0,"enemies":"2 Orb Walkers","floor":37.0,"turns":3.0},{"damage":13.0,"enemies":"3 Darklings","floor":38.0,"turns":3.0},{"damage":28.0,"enemies":"Nemesis","floor":40.0,"turns":4.0},{"damage":47,"enemies":"4 Shapes","floor":44,"turns":3},{"damage":18,"enemies":"Giant Head","floor":46,"turns":3},{"damage":26,"enemies":"Sphere and 2 Shapes","floor":47,"turns":1},{"damage":66,"enemies":"Donu and Deca","floor":50,"turns":6}],"seed_played":"1679319370858152275","potions_obtained":[{"floor":1.0,"key":"FearPotion"},{"floor":10.0,"key":"DuplicationPotion"},{"floor":11.0,"key":"FearPotion"},{"floor":14.0,"key":"Energy Potion"},{"floor":29.0,"key":"EntropicBrew"},{"floor":33.0,"key":"BlessingOfTheForge"},{"floor":35.0,"key":"Regen Potion"},{"floor":44,"key":"Swift Potion"},{"floor":47,"key":"LiquidMemories"}],"is_trial":false,"path_per_floor":["M","?","$","?","M","R","M","R","T","M","M","E","R","E","R","B",null,"M","?","M","$","M","R","?","R","T","R","M","E","R","E","R","B",null,"M","$","?","M","?","E","R","$","T","M","R","E","M","?","R","B",null],"character_chosen":"IRONCLAD","items_purchased":["Shockwave","Red Skull","Apotheosis+1","Impatience+1","Bottled Lightning"],"campfire_rested":6,"item_purchase_floors":[3,3,36,36,42],"current_hp_per_floor":[74,74,74,74,75,75,75,75,75,71,64,57,57,44,69,46,75,54,54,47,47,33,33,33,33,33,58,56,54,54,46,71,36,73,62,77,58,51,51,29,54,69,69,40,65,53,45,45,70,22],"gold":99,"neow_bonus":"THREE_ENEMY_KILL","is_daily":false,"chose_seed":false,"campfire_upgraded":6,"win_rate":0.0,"timestamp":1608889696,"path_taken":["M","?","$","?","M","R","?","R","T","M","M","E","R","E","R","BOSS","M","?","M","$","M","R","?","R","T","R","M","E","R","E","R","BOSS","M","$","?","M","?","E","R","$","T","?","R","E","M","?","R","BOSS"],"items_purchased_type":["Card","Relic","Card","Card","Relic"],"build_version":"2020-12-22","purchased_purges":1,"victory":true,"max_hp_per_floor":[75,75,75,75,75,75,75,75,75,75,75,85,85,85,85,85,85,85,85,85,85,85,85,85,85,85,85,85,85,85,85,85,85,85,85,85,85,85,85,85,85,85,85,85,85,85,85,85,85,85],"card_choices":[{"not_picked":["Combust","Pommel Strike"],"picked":"Sword Boomerang","floor":1.0},{"not_picked":["Rampage","Burning Pact"],"picked":"Armaments","floor":5.0},{"not_picked":["Clothesline","Metallicize"],"picked":"Hemokinesis","floor":7.0},{"not_picked":["Blood for Blood","Sword Boomerang","Body Slam"],"picked":"SKIP","floor":10.0},{"not_picked":["Clothesline","Body Slam"],"picked":"Twin Strike","floor":11.0},{"not_picked":["Sword Boomerang","Second Wind"],"picked":"Rage","floor":12.0},{"not_picked":["Reckless Charge","Rage","Metallicize"],"picked":"SKIP","floor":14.0},{"not_picked":["Juggernaut","Immolate"],"picked":"Offering","floor":16.0},{"not_picked":["Flex","Headbutt"],"picked":"Battle Trance+1","floor":18.0},{"not_picked":["Rupture","Evolve"],"picked":"Inflame","floor":20.0},{"not_picked":["Sentinel","Shockwave","Clothesline"],"picked":"SKIP","floor":22.0},{"not_picked":["Shrug It Off+1","Ghostly Armor+1"],"picked":"Seeing Red","floor":28.0},{"not_picked":["Offering+1","Shrug It Off+1"],"picked":"Double Tap+1","floor":29.0},{"not_picked":["Fire Breathing","Evolve"],"picked":"Warcry+1","floor":31.0},{"not_picked":["Iron Wave","Cleave","Wild Strike"],"picked":"SKIP","floor":35.0},{"not_picked":["Evolve","Sentinel+1"],"picked":"Spot Weakness+1","floor":38.0},{"not_picked":["Sword Boomerang","Fiend Fire"],"picked":"Warcry+1","floor":40.0},{"not_picked":["Armaments+1","Reckless Charge+1"],"picked":"Seeing Red+1","floor":44},{"not_picked":["Entrench+1","Searing Blow"],"picked":"Rage+1","floor":46},{"not_picked":["Second Wind+1","Anger"],"picked":"Burning Pact+1","floor":47}],"player_experience":228555,"relics_obtained":[{"floor":9.0,"key":"Lantern"},{"floor":12.0,"key":"Pear"},{"floor":14.0,"key":"Mummified Hand"},{"floor":26.0,"key":"Kunai"},{"floor":29.0,"key":"Toxic Egg 2"},{"floor":31.0,"key":"MealTicket"},{"floor":37.0,"key":"Torii"},{"floor":40.0,"key":"MawBank"},{"floor":43,"key":"Meat on the Bone"},{"floor":46,"key":"Oddly Smooth Stone"}],"event_choices":[{"damage_healed":0.0,"max_hp_gain":0.0,"max_hp_loss":0.0,"gold_gain":150.0,"event_name":"Liars Game","player_choice":"AGREE","floor":2.0,"gold_loss":0.0,"damage_taken":0.0,"cards_obtained":["Doubt"]},{"damage_healed":0.0,"max_hp_gain":0.0,"max_hp_loss":0.0,"gold_gain":0.0,"event_name":"Match and Keep!","player_choice":"1 cards matched","floor":4.0,"gold_loss":0.0,"damage_taken":0.0,"cards_obtained":["Offering"]},{"cards_removed":["Defend_R"],"damage_healed":0.0,"max_hp_gain":0.0,"max_hp_loss":0.0,"gold_gain":0.0,"event_name":"Beggar","player_choice":"Gave Gold","floor":19.0,"gold_loss":75.0,"damage_taken":0.0},{"damage_healed":0.0,"max_hp_gain":0.0,"max_hp_loss":0.0,"gold_gain":50.0,"event_name":"Nest","player_choice":"Stole From Cult","floor":24.0,"gold_loss":0.0,"damage_taken":0.0},{"damage_healed":0.0,"max_hp_gain":0.0,"max_hp_loss":0.0,"gold_gain":0.0,"event_name":"Mysterious Sphere","player_choice":"Fight","floor":37.0,"gold_loss":0.0,"damage_taken":0.0},{"cards_removed":["Strike_R"],"damage_healed":0.0,"max_hp_gain":0.0,"max_hp_loss":0.0,"gold_gain":0.0,"event_name":"Purifier","player_choice":"Purged","floor":39.0,"gold_loss":0.0,"damage_taken":0.0},{"cards_removed":["Strike_R"],"damage_healed":0,"gold_gain":0,"player_choice":"Removed Attack","damage_taken":0,"max_hp_gain":0,"max_hp_loss":0,"event_name":"Falling","floor":48,"gold_loss":0}],"is_beta":false,"boss_relics":[{"not_picked":["Black Blood","Runic Pyramid"],"picked":"Mark of Pain"},{"not_picked":["Runic Cube","Coffee Dripper"],"picked":"SlaversCollar"}],"items_purged_floors":[3],"is_endless":false,"potions_floor_spawned":[1,10,11,14,18,29,33,35,44,47],"ascension_level":15}}