{"host":"avq773cl9g5msfol","time":1608895964,"event":{"mods":["AchievementEnabler","Act Like it!","Ascension Unlocker","Aspiration","Astrologer","Bard","Bartender","BaseMod","Better Altar","Better Match","Better Note","Better Sensory Stone","Better Skull","Better Third Choice","BetterRewards","CapriCore","Colored Map","Colored Powertips","Conspire","Dio Mod","Downfall","Elementarium","Energized Spire","Gensokyo","GifTheSpireLib","GungeonMod","Hallownest","Hermit","Highlight Path","Hubris","Humility","Infinite Spire","Jorbs\u0027s Wanderer Trilogy","Koishi","Magitek Elite","Marisa????????","Marked Mod","Menagerie","Minty Spire (QoL Compilation)","Pale of the Ancients","Potionbrewer","Quarter Circle Forward PUNCH!","Rare Cards Sparkle","Reimu??????","Relic Stats","Remilia??????","Replay The Spire","SacredBarkPlus","Somnambulant","Spicy Shops","StSLib","Synergy Search","The Blue Laboratory","The Bug Knight","The Construct","The Cursed","The Exalted","The Hayseed","The Hierophant","The Immortal","The Judge","The Marked","The Mystic","The Problem Sleuth","The Runesmith","The Senshi","The Vixen","The Wild Card","TheArtist","TheFirefly","TheVacant","Wandering Minibosses","vexMod"],"gold_per_floor":[32858,114,114,154,174,190,217,229,240,240,240,124,150,150,167,241,241,241,258,133,443,443,443,468,479,361,361,390,390,401,433,452,531,531,531,541,552,552,427,427,477,477,511,530,546,578,353,379,393,393],"floor_reached":51,"playtime":3665,"items_purged":["Master of Strategy+1"],"score":1974,"play_id":"ebb169c5-a368-4536-b0d0-46fdd1624040","local_time":"20201225183244","is_ascension_mode":true,"campfire_choices":[{"data":"champ:Taunt","floor":1,"key":"SMITH"},{"floor":18,"key":"RECALL"},{"floor":23,"key":"REST"},{"floor":35,"key":"REST"},{"floor":42,"key":"REST"},{"floor":47,"key":"REST"}],"circlet_count":0,"master_deck":["AscendersBane","champ:Execute+1","champ:Taunt+1","champ:Shatter+1","champ:Backstep+1","champ:RapidStrikes+1","champ:FocusedDefense+1","champ:GladiatorStyle+1","champ:PerfectForm+1","champ:SteelEdge+1","champ:HoldFirm+1","champ:IronFortress+1","champ:AdrenalArmor+1","champ:BringItOn+1","champ:BerserkerStyle+1","champ:CrookedStrike+1","champ:TornadoPunch+1","champ:FanOfKnives+1","champ:RisingSlash+1","champ:StanceDance+1","champ:DefensiveStyle+1","champ:FlashCut+1","expansioncontent:StudyTheSpire+1","champ:FaceSlap+1","champ:CalledShot+1","champ:CalledShot+1","champ:DeathBlow+1","champ:StanceDance+1","champ:IgnorePain+1","champ:ShieldSlam+1","champ:Duel+1","champ:HeavySlash+1","champ:LastStand+1","Poisoned Strike+1","champ:Encircle+1","Master of Strategy+1","champ:Devastate+1","champ:StrikeOfGenius+1","champ:EnGarde+1","champ:DancingMaster+1","champ:MurderStrike+1","champ:GutPunch+1","Hallownest:curseDreamersLament","champ:PerfectForm+1","champ:Improvising+1","Hallownest:curseDreamersLament","Madness+1","champ:FanOfKnives+1","champ:VampiricStrike+1","champ:HoldFirm+1","champ:EnchantShield+1","champ:CrownThrow+1"],"relics":["champ:ChampionCrown","Golden Egg","Quantum Egg","Oddly Smooth Stone","OrangePellets","hubris:EmptyBottle","ReplayTheSpireMod:TigerMarble","champ:FightingForDummies","theSenshi:SpiralHeartMoonRodRelic","Gremlin Food","theSenshi:SuperSailorFukuRelic","Lee\u0027s Waffle","Membership Card","Mummified Hand","DemoMod:SevenLeafClover","Juzu Bracelet","Thread and Needle","White_Cape","aspiration:RandomNobGenerator","wanderingMiniBosses:CarrionFlame","Hallownest:StagBellRelic1","aspiration:ChemicalBlood","TungstenRod","ReplayTheSpireMod:Shallot","Hallownest:WatcherSealRelic","aspiration:VileToxins","qcfpunch:Red_Beret","potionbrewer:DrinkingBird","aspiration:RunicSpoon","Hallownest:BeastSealRelic","vexMod:HeadHunter","qcfpunch:Broken_Tusk","Toy Ornithopter","conspire:GiftBox","downfall:HeartBlessingRed","downfall:HeartBlessingGreen","downfall:HeartBlessingBlue"],"acts_visited":["Hallownest:Greenpath","Hallownest:CityofTears","Hallownest:KingdomsEdge"],"potions_floor_usage":[28,33,33,33,50],"damage_taken":[{"damage":0,"enemies":"Hallownest:monsterHuskGuard","floor":2,"turns":2},{"damage":0,"enemies":"Hallownest:2_Baldur","floor":5,"turns":3},{"damage":0,"enemies":"Hallownest:2_MossCreeps","floor":6,"turns":2},{"damage":0,"enemies":"Hallownest:Wandering_and_Horned","floor":8,"turns":3},{"damage":21,"enemies":"Hallownest:1_Baldur_1_Crawlid_1_Warrior","floor":9,"turns":2},{"damage":0,"enemies":"downfall:FleeingMerchant","floor":12,"turns":4},{"damage":0,"enemies":"Hallownest:eliteVengeflyKing","floor":13,"turns":4},{"damage":0,"enemies":"Hallownest:monsterAspidMother","floor":14,"turns":2},{"damage":0,"enemies":"Hallownest:MossCreep_and_Mosskin","floor":15,"turns":2},{"damage":0,"enemies":"downfall:Silent","floor":16,"turns":4},{"damage":35,"enemies":"Hallownest:Guard_and_Sentry","floor":19,"turns":6},{"damage":0,"enemies":"Hallownest:Flukemon_and_Top","floor":25,"turns":3},{"damage":29,"enemies":"downfall:FleeingMerchant","floor":26,"turns":4},{"damage":4,"enemies":"Nightmare","floor":28,"turns":4},{"damage":22,"enemies":"Hallownest:monsterShrumalOgre","floor":30,"turns":4},{"damage":22,"enemies":"Hallownest:Nosk","floor":31,"turns":5},{"damage":0,"enemies":"Hallownest:2_Husk_Sentries","floor":32,"turns":2},{"damage":35,"enemies":"downfall:Defect","floor":33,"turns":4},{"damage":28,"enemies":"Hallownest:2_Littles","floor":36,"turns":3},{"damage":0,"enemies":"Hallownest:Shield_Heavy","floor":37,"turns":2},{"damage":0,"enemies":"Nightmare","floor":43,"turns":2},{"damage":0,"enemies":"Hallownest:Xero_Hu_Marmu","floor":44,"turns":1},{"damage":0,"enemies":"Hallownest:Shield_Sturdy","floor":45,"turns":1},{"damage":32,"enemies":"Hallownest:StalkingDevout","floor":46,"turns":2},{"damage":27,"enemies":"Hallownest:eliteCollector","floor":48,"turns":4},{"damage":33,"enemies":"Hallownest:Slobbering_and_Violent","floor":49,"turns":3},{"damage":24,"enemies":"downfall:Watcher","floor":50,"turns":5}],"seed_played":"5410370577569764126","potions_obtained":[{"floor":28,"key":"potionbrewer:FreezingPotion"},{"floor":30,"key":"blueLaboratory:Moonshine"},{"floor":30,"key":"blueLaboratory:FruitPunch"},{"floor":48,"key":"Swift Potion"},{"floor":50,"key":"blueLaboratory:BubblePotion"}],"is_trial":false,"path_per_floor":["R","M","?","?","M","M","T","M","M","?","?","$","E","M","M","B",null,"R","M","?","?","?","R","T","M","$","?","NM","?","M","E","M","B",null,"R","M","M","?","?","?","T","R","NM","M","M","E","R","E","M","B",null],"character_chosen":"THE_CHAMP","items_purchased":["champ:IronFortress","Oddly Smooth Stone","champ:AdrenalArmor+1","champ:BringItOn","champ:BerserkerStyle","OrangePellets","hubris:EmptyBottle","ReplayTheSpireMod:TigerMarble","Strength Potion","champ:CrookedStrike","champ:TornadoPunch","Reflective Coating","champ:FanOfKnives","champ:RisingSlash","champ:StanceDance","champ:DefensiveStyle","champ:FlashCut","champ:FightingForDummies","theSenshi:SpiralHeartMoonRodRelic","Gremlin Food","expansioncontent:StudyTheSpire","theSenshi:SuperSailorFukuRelic","champ:FaceSlap","champ:CalledShot","Lee\u0027s Waffle","champ:DeathBlow","Membership Card","Mummified Hand","champ:StanceDance","champ:IgnorePain","champ:ShieldSlam","champ:Duel","champ:HeavySlash","DemoMod:SevenLeafClover","Master of Strategy","Master of Strategy","ReplayTheSpireMod:Shallot","champ:GutPunch"],"campfire_rested":4,"item_purchase_floors":[0,0,0,0,0,0,0,0,0,0,0,0,0,0,0,0,0,0,0,0,0,0,0,0,0,0,0,0,0,0,0,0,0,0,12,26,26,26],"current_hp_per_floor":[88,88,83,83,87,88,88,88,88,88,88,88,88,88,88,88,88,88,88,88,88,83,88,88,88,88,88,88,88,88,88,88,92,92,92,92,92,92,92,95,95,95,95,95,95,95,105,105,105,105],"gold":393,"neow_bonus":"","is_daily":false,"chose_seed":false,"campfire_upgraded":1,"win_rate":0.0,"timestamp":1608895964,"path_taken":["R","M","?","?","M","M","T","M","M","?","?","$","E","M","M","BOSS","R","M","?","?","?","R","T","M","$","?","NM","?","M","E","M","BOSS","R","M","M","?","?","?","T","R","NM","M","M","E","R","E","M","BOSS"],"items_purchased_type":["Card","Relic","Card","Card","Card","Relic","Relic","Relic","Potion","Card","Card","Potion","Card","Card","Card","Card","Card","Relic","Relic","Relic","Card","Relic","Card","Card","Relic","Card","Relic","Relic","Card","Card","Card","Card","Card","Relic","Card","Card","Relic","Card"],"build_version":"2020-12-22","purchased_purges":1,"victory":true,"max_hp_per_floor":[88,88,88,88,88,88,88,88,88,88,88,88,88,88,88,88,88,88,88,88,88,88,88,88,88,88,88,88,88,88,88,88,92,92,92,92,92,92,92,95,95,95,95,95,95,95,105,105,105,105],"relic_stats":{"OrangePellets":[38],"Lee\u0027s Waffle":15,"counters":[101,296],"Mummified Hand":[153],"aspiration:RunicSpoon":[43],"Juzu Bracelet":3,"obtain_stats":[{"Golden Egg":1,"downfall:HeartBlessingGreen":47,"wanderingMiniBosses:OtherGremlinHorn":4,"Ginger":29,"qcfpunch:Red_Beret":35,"theSenshi:SpiralHeartMoonRodRelic":0,"Old Coin":41,"vexMod:InvisibilityCloak":0,"aspiration:PoetsPen":34,"Ribbon":0,"champ:FightingForDummies":0,"DemoMod:OrangeGuonStone":23,"potionbrewer:Torch":38,"DemoMod:GundromedaStrain":48,"qcfpunch:Broken_Tusk":41,"infinitespire:Broken Mirror":4,"Tintinnabulum":12,"Pandora\u0027s Box":4,"hubris:TenFootPole":14,"qcfpunch:Spiky_Bracers":0,"aspiration:Lifesprig":7,"Bromod:ArcanePistoleer":23,"champ:ChampionCrown":0,"hubris:EmptyBottle":0,"Ancient Tea Set":41,"Gensokyo:PortableGap":17,"White_Cape":13,"Pet Ghost":3,"Gensokyo:LunaticRedEyes":4,"Replay:Rubber Ducky":39,"hubris:Backtick":34,"Toolbox":37,"WingedGreaves":4,"aspiration:FutureDiary":0,"Guardian:BottledAnomaly":0,"aspiration:ChemicalBlood":24,"Potion Belt":31,"aspiration:VileToxins":28,"Lee\u0027s Waffle":0,"Slimebound:SelfDamagePreventRelic":22,"downfall:HeartBlessingRed":47,"DemoMod:WeirdEgg":0,"Thread and Needle":7,"PreservedInsect":4,"aspiration:RandomNobGenerator":17,"infinitespire:CheckeredPen":8,"infinitespire:Lucky Rock":13,"Hallownest:WatcherSealRelic":27,"Ornamental Fan":22,"CrazyTorch:ReiMu":45,"Slimebound:AbsorbEndCombat":0,"Garlic":26,"ReplayTheSpireMod:Lightbulb":37,"Toy Ornithopter":43,"Ice Cream":0,"DemoMod:BlueGuonStone":0,"hubris:CrystalStatue":34,"Tea:ReiMu":24,"DemoMod:GlassGuonStoneRelic":2,"DemoMod:RiddleOfLead":17,"DemoMod:MonsterBlood":42,"potionbrewer:DrinkingBird":31,"DemoMod:ClearGuonStone":0,"hexamod:SpiritBrand":0,"Guardian:BottledStasis":0,"Happy Flower":0,"Oddly Smooth Stone":44,"Guardian:ModeShifter":0,"hexamod:TheBrokenSeal":3,"potionbrewer:BhaskarasWheel":17,"War Paint":40,"Question Card":0,"hexamod:MatchstickCase":8,"OrangePellets":29,"Replay:Baseball":28,"conspire:GiftBox":46,"ReplayTheSpireMod:Shallot":26,"Shuriken":0,"infinitespire:EmpoweringShard":0,"ReplayTheSpireMod:TigerMarble":0,"aspiration:HatOfInfinitePower":11,"Meat on the Bone":9,"Bromod:ArcaneAvenger":44,"theSenshi:SuperSailorFukuRelic":0,"Hallownest:StagBellRelic1":21,"Juzu Bracelet":41,"Incense Burner":0,"hubris:SlimyHat":0,"DemoMod:WhiteGuonStone":40,"ClockworkSouvenir":45,"DemoMod:SevenLeafClover":26,"Frozen Eye":25,"Mummified Hand":0,"downfall:HeartBlessingBlue":47,"downfall:KnowingSkull":20,"Genji_Glove":26,"Hallownest:BeastSealRelic":38,"Gremlin Food":0,"hubris:DisguiseKit":45,"qcfpunch:Army_Boots":26,"ReplayTheSpireMod:Ninjato":22,"Replay:Towering Pillar of Hats":0,"aspiration:FetidBarrel":0,"Quantum Egg":1,"aspiration:RunicSpoon":34,"qcfpunch:White_Boots":0,"Pondfish Scales":0,"wanderingMiniBosses:CarrionFlame":19,"vexMod:HeadHunter":41,"qcfpunch:Red_Headband":24,"Bag of Marbles":43,"Membership Card":0,"DemoMod:WaxWing":17,"potionbrewer:Keyblade":19,"hexamod:IceCube":34,"hubris:Potato":0,"TungstenRod":24,"RuthlessExorcism:ReiMu":25},{"Golden Egg":0,"downfall:HeartBlessingGreen":98,"wanderingMiniBosses:OtherGremlinHorn":2,"Ginger":15,"qcfpunch:Red_Beret":43,"theSenshi:SpiralHeartMoonRodRelic":74,"Old Coin":45,"vexMod:InvisibilityCloak":25,"aspiration:PoetsPen":18,"Ribbon":51,"champ:FightingForDummies":74,"DemoMod:OrangeGuonStone":12,"potionbrewer:Torch":45,"DemoMod:GundromedaStrain":23,"qcfpunch:Broken_Tusk":94,"infinitespire:Broken Mirror":2,"Tintinnabulum":7,"Pandora\u0027s Box":2,"hubris:TenFootPole":32,"qcfpunch:Spiky_Bracers":51,"aspiration:Lifesprig":28,"Bromod:ArcanePistoleer":37,"champ:ChampionCrown":74,"hubris:EmptyBottle":25,"Ancient Tea Set":45,"Gensokyo:PortableGap":60,"White_Cape":81,"Pet Ghost":27,"Gensokyo:LunaticRedEyes":53,"Replay:Rubber Ducky":68,"hubris:Backtick":43,"Toolbox":68,"WingedGreaves":53,"aspiration:FutureDiary":0,"Guardian:BottledAnomaly":51,"aspiration:ChemicalBlood":85,"Potion Belt":41,"aspiration:VileToxins":88,"Lee\u0027s Waffle":74,"Slimebound:SelfDamagePreventRelic":11,"downfall:HeartBlessingRed":98,"DemoMod:WeirdEgg":51,"Thread and Needle":77,"PreservedInsect":27,"aspiration:RandomNobGenerator":84,"infinitespire:CheckeredPen":29,"infinitespire:Lucky Rock":57,"Hallownest:WatcherSealRelic":87,"Ornamental Fan":11,"CrazyTorch:ReiMu":22,"Slimebound:AbsorbEndCombat":0,"Garlic":39,"ReplayTheSpireMod:Lightbulb":68,"Toy Ornithopter":95,"Ice Cream":51,"DemoMod:BlueGuonStone":25,"hubris:CrystalStatue":43,"Tea:ReiMu":62,"DemoMod:GlassGuonStoneRelic":1,"DemoMod:RiddleOfLead":60,"DemoMod:MonsterBlood":69,"potionbrewer:DrinkingBird":90,"DemoMod:ClearGuonStone":25,"hexamod:SpiritBrand":51,"Guardian:BottledStasis":25,"Happy Flower":25,"Oddly Smooth Stone":22,"Guardian:ModeShifter":25,"hexamod:TheBrokenSeal":53,"potionbrewer:BhaskarasWheel":9,"War Paint":21,"Question Card":25,"hexamod:MatchstickCase":54,"OrangePellets":40,"Replay:Baseball":14,"conspire:GiftBox":98,"ReplayTheSpireMod:Shallot":87,"Shuriken":51,"infinitespire:EmpoweringShard":51,"ReplayTheSpireMod:TigerMarble":74,"aspiration:HatOfInfinitePower":56,"Meat on the Bone":30,"Bromod:ArcaneAvenger":72,"theSenshi:SuperSailorFukuRelic":25,"Hallownest:StagBellRelic1":85,"Juzu Bracelet":21,"Incense Burner":25,"hubris:SlimyHat":25,"DemoMod:WhiteGuonStone":21,"ClockworkSouvenir":22,"DemoMod:SevenLeafClover":39,"Frozen Eye":62,"Mummified Hand":74,"downfall:HeartBlessingBlue":98,"downfall:KnowingSkull":10,"Genji_Glove":39,"Hallownest:BeastSealRelic":94,"Gremlin Food":74,"hubris:DisguiseKit":22,"qcfpunch:Army_Boots":39,"ReplayTheSpireMod:Ninjato":62,"Replay:Towering Pillar of Hats":51,"aspiration:FetidBarrel":25,"Quantum Egg":0,"aspiration:RunicSpoon":92,"qcfpunch:White_Boots":51,"Pondfish Scales":25,"wanderingMiniBosses:CarrionFlame":85,"vexMod:HeadHunter":94,"qcfpunch:Red_Headband":12,"Bag of Marbles":71,"Membership Card":51,"DemoMod:WaxWing":34,"potionbrewer:Keyblade":60,"hexamod:IceCube":67,"hubris:Potato":74,"TungstenRod":85,"RuthlessExorcism:ReiMu":63},{"Golden Egg":0,"downfall:HeartBlessingGreen":284,"wanderingMiniBosses:OtherGremlinHorn":8,"Ginger":42,"qcfpunch:Red_Beret":120,"theSenshi:SpiralHeartMoonRodRelic":213,"Old Coin":126,"vexMod:InvisibilityCloak":71,"aspiration:PoetsPen":52,"Ribbon":143,"champ:FightingForDummies":213,"DemoMod:OrangeGuonStone":33,"potionbrewer:Torch":126,"DemoMod:GundromedaStrain":66,"qcfpunch:Broken_Tusk":278,"infinitespire:Broken Mirror":8,"Tintinnabulum":17,"Pandora\u0027s Box":8,"hubris:TenFootPole":86,"qcfpunch:Spiky_Bracers":143,"aspiration:Lifesprig":78,"Bromod:ArcanePistoleer":99,"champ:ChampionCrown":213,"hubris:EmptyBottle":71,"Ancient Tea Set":126,"Gensokyo:PortableGap":173,"White_Cape":233,"Pet Ghost":76,"Gensokyo:LunaticRedEyes":151,"Replay:Rubber Ducky":193,"hubris:Backtick":120,"Toolbox":193,"WingedGreaves":151,"aspiration:FutureDiary":0,"Guardian:BottledAnomaly":143,"aspiration:ChemicalBlood":247,"Potion Belt":110,"aspiration:VileToxins":258,"Lee\u0027s Waffle":213,"Slimebound:SelfDamagePreventRelic":28,"downfall:HeartBlessingRed":284,"DemoMod:WeirdEgg":143,"Thread and Needle":220,"PreservedInsect":76,"aspiration:RandomNobGenerator":241,"infinitespire:CheckeredPen":81,"infinitespire:Lucky Rock":163,"Hallownest:WatcherSealRelic":254,"Ornamental Fan":28,"CrazyTorch:ReiMu":64,"Slimebound:AbsorbEndCombat":0,"Garlic":107,"ReplayTheSpireMod:Lightbulb":193,"Toy Ornithopter":280,"Ice Cream":143,"DemoMod:BlueGuonStone":71,"hubris:CrystalStatue":120,"Tea:ReiMu":178,"DemoMod:GlassGuonStoneRelic":4,"DemoMod:RiddleOfLead":173,"DemoMod:MonsterBlood":197,"potionbrewer:DrinkingBird":267,"DemoMod:ClearGuonStone":71,"hexamod:SpiritBrand":143,"Guardian:BottledStasis":71,"Happy Flower":71,"Oddly Smooth Stone":64,"Guardian:ModeShifter":71,"hexamod:TheBrokenSeal":150,"potionbrewer:BhaskarasWheel":23,"War Paint":62,"Question Card":71,"hexamod:MatchstickCase":154,"OrangePellets":108,"Replay:Baseball":38,"conspire:GiftBox":284,"ReplayTheSpireMod:Shallot":254,"Shuriken":143,"infinitespire:EmpoweringShard":143,"ReplayTheSpireMod:TigerMarble":213,"aspiration:HatOfInfinitePower":158,"Meat on the Bone":83,"Bromod:ArcaneAvenger":207,"theSenshi:SuperSailorFukuRelic":71,"Hallownest:StagBellRelic1":247,"Juzu Bracelet":62,"Incense Burner":71,"hubris:SlimyHat":71,"DemoMod:WhiteGuonStone":62,"ClockworkSouvenir":64,"DemoMod:SevenLeafClover":107,"Frozen Eye":178,"Mummified Hand":213,"downfall:HeartBlessingBlue":284,"downfall:KnowingSkull":25,"Genji_Glove":107,"Hallownest:BeastSealRelic":278,"Gremlin Food":213,"hubris:DisguiseKit":64,"qcfpunch:Army_Boots":107,"ReplayTheSpireMod:Ninjato":178,"Replay:Towering Pillar of Hats":143,"aspiration:FetidBarrel":71,"Quantum Egg":0,"aspiration:RunicSpoon":273,"qcfpunch:White_Boots":143,"Pondfish Scales":71,"wanderingMiniBosses:CarrionFlame":247,"vexMod:HeadHunter":278,"qcfpunch:Red_Headband":33,"Bag of Marbles":203,"Membership Card":143,"DemoMod:WaxWing":91,"potionbrewer:Keyblade":173,"hexamod:IceCube":192,"hubris:Potato":213,"TungstenRod":247,"RuthlessExorcism:ReiMu":181}],"TungstenRod":68,"Toy Ornithopter":0},"card_choices":[{"not_picked":["champ:BringItOn","champ:ViciousMockery","champ:IronFortress"],"picked":"SKIP","floor":2},{"not_picked":["champ:GladiatorsShout","champ:GutPunch","champ:FightOn"],"picked":"SKIP","floor":5},{"not_picked":["champ:FanOfKnives","champ:BringItOn","champ:Backstep"],"picked":"SKIP","floor":6},{"not_picked":["champ:PerfectForm","champ:IgnorePain"],"picked":"champ:LastStand","floor":7},{"not_picked":["champ:Circumvent","champ:EnGarde","champ:BerserkersShout"],"picked":"SKIP","floor":8},{"not_picked":["champ:Haymaker","champ:EndlessRage","champ:BerserkersShout"],"picked":"SKIP","floor":9},{"not_picked":["expansioncontent:BronzeBeam","expansioncontent:QuickStudy"],"picked":"Poisoned Strike","floor":10},{"not_picked":["champ:SkillfulDodge","champ:BladeFlurry"],"picked":"champ:Encircle","floor":12},{"not_picked":["champ:CalledShot","champ:Haymaker"],"picked":"champ:Devastate","floor":13},{"not_picked":["champ:BerserkersShout","champ:FalseCounter","champ:RisingSlash"],"picked":"SKIP","floor":14},{"not_picked":["champ:BladeFlurry","champ:RisingSlash","champ:TornadoPunch"],"picked":"SKIP","floor":15},{"not_picked":["champ:ShieldThrow","champ:IgnorePain"],"picked":"champ:StrikeOfGenius","floor":16},{"not_picked":["champ:FaceSlap","champ:FocusedDefense","champ:PerfectedStrike+1"],"picked":"SKIP","floor":19},{"not_picked":["champ:Riposte+1","champ:BerserkerStyle+1"],"picked":"champ:EnGarde+1","floor":20},{"not_picked":["champ:ShieldThrow+1","champ:SwordThrow+1"],"picked":"champ:DancingMaster+1","floor":20},{"not_picked":["champ:SteelEdge","champ:ShieldThrow"],"picked":"champ:MurderStrike","floor":24},{"not_picked":["champ:DefensiveShout","champ:FocusedBerserking+1","champ:FocusedDefense+1"],"picked":"SKIP","floor":25},{"not_picked":["champ:StanceDance","champ:FanOfKnives","champ:HeartStrike"],"picked":"SKIP","floor":26},{"not_picked":["champ:BerserkersShout","champ:StanceDance+1","champ:PerfectedStrike"],"picked":"SKIP","floor":28},{"not_picked":["champ:DefensiveShout","champ:BringItOn+1","champ:Duel"],"picked":"SKIP","floor":30},{"not_picked":["champ:RapidStrikes","champ:Backstep"],"picked":"champ:PerfectForm","floor":31},{"not_picked":["champ:Haymaker+1","champ:BladeFlurry","champ:AdrenalArmor"],"picked":"SKIP","floor":32},{"not_picked":["champ:HeavySlash","champ:DancingMaster"],"picked":"champ:Improvising","floor":33},{"not_picked":["champ:PerfectedStrike","champ:EnGarde","champ:DefensiveShout+1"],"picked":"SKIP","floor":36},{"not_picked":["champ:Shatter+1","champ:CrookedStrike","champ:GutPunch"],"picked":"SKIP","floor":37},{"not_picked":["Specialist+1","conspire:Banana+1"],"picked":"Madness+1","floor":39},{"not_picked":["champ:Circumvent+1","champ:AdrenalArmor+1"],"picked":"champ:FanOfKnives+1","floor":39},{"not_picked":["champ:HoldFirm","champ:DancingMaster"],"picked":"champ:VampiricStrike","floor":41},{"not_picked":["champ:MurderStrike","champ:SteelEdge"],"picked":"champ:HoldFirm","floor":43},{"not_picked":["champ:StanceDance","champ:BerserkersShout","champ:LastStand"],"picked":"SKIP","floor":43},{"not_picked":["champ:StanceDance","champ:BerserkersShout+1","champ:Backstep"],"picked":"SKIP","floor":44},{"not_picked":["champ:StanceDance","champ:CalledShot","champ:DefensiveShout"],"picked":"SKIP","floor":45},{"not_picked":["champ:Devastate","champ:ShieldSlam"],"picked":"champ:EnchantShield","floor":46},{"not_picked":["champ:SteelEdge","champ:StrikeOfGenius"],"picked":"champ:CrownThrow","floor":46},{"not_picked":["champ:GladiatorStyle+1","champ:Circumvent","champ:DeathBlow"],"picked":"SKIP","floor":46},{"not_picked":["champ:DancingMaster","champ:ShieldSlam","champ:SwordThrow"],"picked":"SKIP","floor":48},{"not_picked":["champ:CrookedStrike","champ:FalseCounter","champ:ArenaPreparation"],"picked":"SKIP","floor":48},{"not_picked":["champ:Haymaker","champ:DefensiveShout","champ:Shatter"],"picked":"SKIP","floor":49}],"player_experience":1209374,"relics_obtained":[{"floor":7,"key":"Thread and Needle"},{"floor":13,"key":"White_Cape"},{"floor":19,"key":"wanderingMiniBosses:CarrionFlame"},{"floor":24,"key":"aspiration:ChemicalBlood"},{"floor":24,"key":"TungstenRod"},{"floor":28,"key":"aspiration:VileToxins"},{"floor":31,"key":"potionbrewer:DrinkingBird"},{"floor":41,"key":"vexMod:HeadHunter"},{"floor":41,"key":"qcfpunch:Broken_Tusk"},{"floor":43,"key":"Toy Ornithopter"},{"floor":46,"key":"conspire:GiftBox"}],"event_choices":[{"damage_healed":0,"gold_gain":1,"player_choice":"1","damage_taken":0,"max_hp_gain":0,"max_hp_loss":0,"event_name":"betterStone:BetterStone","floor":10,"gold_loss":0},{"damage_healed":0,"gold_gain":0,"player_choice":"2","damage_taken":0,"max_hp_gain":0,"max_hp_loss":0,"event_name":"betterMatch:BetterMatch","floor":20,"gold_loss":0,"cards_obtained":["betterMatch:UncommonCard","betterMatch:RareCard"]},{"damage_healed":0,"gold_gain":0,"player_choice":"Leave","damage_taken":0,"max_hp_gain":0,"max_hp_loss":0,"event_name":"conspire:Investor","floor":22,"gold_loss":0},{"damage_healed":0,"gold_gain":0,"player_choice":"2","damage_taken":0,"max_hp_gain":0,"max_hp_loss":0,"event_name":"betterMatch:BetterMatch","floor":39,"gold_loss":0,"cards_obtained":["betterMatch:ColorlessUncommonCard","betterMatch:CommonCard"]}],"is_beta":false,"boss_relics":[{"not_picked":["construct:ClawGrip","Fusion Hammer"],"picked":"aspiration:RandomNobGenerator"},{"not_picked":["Runic Dome","vexMod:BigBerry"],"picked":"aspiration:RunicSpoon"}],"items_purged_floors":[26],"is_endless":false,"potions_floor_spawned":[2,9,13,15,16,30,31,32,33,44,49],"ascension_level":18}}