{"host":"cij6922spxtbkai3","time":1608884015,"event":{"mods":["2.2 Compatiblity","AchievementEnabler","BaseMod","Colored Map","DeckTracker","Highlight Path","Keyboard Shortcuts","Minty Spire (QoL Compilation)","Permanent Neow","Quick Restart","Rare Cards Sparkle","SuperFastMode","everything is the same but u backflip on backflip"],"gold_per_floor":[113,113,63,81,81,0,21,69,94,107,123,123,136,150,150,280,280,293,218,20,20,34,34,78,112,112,112,137,137,160,181,181,312,312,330,230,563,613,488,488,503,534,557,557,557],"floor_reached":44,"playtime":1952,"items_purged":["Defend_R","Strike_R","Defend_R"],"score":498,"play_id":"0b288415-86bc-45a8-bcd6-ff9293999b53","local_time":"20201225171335","is_ascension_mode":false,"campfire_choices":[{"data":"Flex","floor":12,"key":"SMITH"},{"data":"Heavy Blade","floor":15,"key":"SMITH"},{"data":"Limit Break","floor":23,"key":"SMITH"},{"data":"Pommel Strike","floor":27,"key":"SMITH"},{"data":"Infernal Blade","floor":29,"key":"SMITH"},{"data":"Pommel Strike","floor":32,"key":"SMITH"},{"data":"Offering","floor":40,"key":"SMITH"}],"circlet_count":0,"master_deck":["Strike_R","Defend_R","Bash","Pummel","Flex+1","Inflame","Metallicize","Heavy Blade+1","Limit Break+1","Pommel Strike+1","Pommel Strike+1","Battle Trance","J.A.X.","Infernal Blade+1","Shrug It Off+1","Headbutt","Flex+1","Flex+1","Offering+1","Metallicize+1"],"relics":["Burning Blood","Pantograph","Pen Nib","Potion Belt","Velvet Choker","Red Mask","Bronze Scales","WingedGreaves","Runic Cube","Peace Pipe","Juzu Bracelet","Blood Vial"],"acts_visited":["Exordium","TheCity","TheBeyond"],"potions_floor_usage":[16,16,25,25,38,44,44,44],"damage_taken":[{"damage":0,"enemies":"Small Slimes","floor":1,"turns":3},{"damage":6,"enemies":"Jaw Worm","floor":4,"turns":3},{"damage":0,"enemies":"2 Louse","floor":7,"turns":3},{"damage":1,"enemies":"2 Fungi Beasts","floor":10,"turns":3},{"damage":2,"enemies":"Exordium Thugs","floor":11,"turns":4},{"damage":5,"enemies":"3 Louse","floor":13,"turns":4},{"damage":0,"enemies":"Blue Slaver","floor":14,"turns":4},{"damage":40,"enemies":"The Guardian","floor":16,"turns":8},{"damage":9,"enemies":"Shell Parasite","floor":18,"turns":4},{"damage":3,"enemies":"Spheric Guardian","floor":22,"turns":1},{"damage":10,"enemies":"Masked Bandits","floor":24,"turns":2},{"damage":35,"enemies":"Slavers","floor":25,"turns":6},{"damage":18,"enemies":"3 Cultists","floor":28,"turns":4},{"damage":3,"enemies":"Sentry and Sphere","floor":30,"turns":3},{"damage":6,"enemies":"Centurion and Healer","floor":31,"turns":3},{"damage":29,"enemies":"Champ","floor":33,"turns":5},{"damage":7,"enemies":"3 Shapes","floor":35,"turns":3},{"damage":3,"enemies":"Mind Bloom Boss Battle","floor":38,"turns":3},{"damage":19,"enemies":"3 Darklings","floor":41,"turns":3},{"damage":9,"enemies":"Giant Head","floor":42,"turns":5},{"damage":58,"enemies":"Nemesis","floor":44,"turns":4}],"seed_played":"4716404094822722126","potions_obtained":[{"floor":1,"key":"EssenceOfSteel"},{"floor":7,"key":"SkillPotion"},{"floor":16,"key":"Regen Potion"},{"floor":24,"key":"SkillPotion"},{"floor":31,"key":"Strength Potion"},{"floor":33,"key":"DuplicationPotion"},{"floor":35,"key":"AttackPotion"},{"floor":42,"key":"DistilledChaos"}],"is_trial":false,"path_per_floor":["M","?","?","M","?","$","M","T","T","M","M","R","M","M","R","B",null,"M","?","$","?","M","R","?","E","T","R","M","R","M","M","R","B",null,"M","$","?","?","$","R","M","E","T","E"],"character_chosen":"IRONCLAD","items_purchased":["Inflame","Pommel Strike","Battle Trance"],"campfire_rested":0,"item_purchase_floors":[6,20,20],"current_hp_per_floor":[72,54,54,54,36,36,42,42,42,47,51,51,52,58,58,38,72,69,69,69,69,72,72,68,53,53,53,41,41,44,44,44,46,72,71,71,71,72,72,72,59,56,56,0,0],"gold":557,"neow_bonus":"REMOVE_TWO","is_daily":false,"chose_seed":false,"campfire_upgraded":7,"win_rate":0.0,"timestamp":1608884015,"path_taken":["M","?","?","M","?","$","M","?","T","M","M","R","M","M","R","BOSS","M","?","$","?","M","R","?","E","T","R","?","R","M","M","R","BOSS","M","$","?","?","$","R","?","E","T","E"],"items_purchased_type":["Card","Card","Card"],"build_version":"2020-12-22","purchased_purges":3,"victory":false,"max_hp_per_floor":[72,72,72,72,72,72,72,72,72,72,72,72,72,72,72,72,72,72,72,72,72,72,72,72,72,72,72,72,72,72,72,72,72,72,72,72,72,72,72,72,72,72,72,72,72],"card_choices":[{"not_picked":["Headbutt","Power Through"],"picked":"Pummel","floor":1},{"not_picked":["Iron Wave","Searing Blow"],"picked":"Flex","floor":4},{"not_picked":["Wild Strike","Shrug It Off"],"picked":"Metallicize","floor":7},{"not_picked":["Thunderclap","Cleave","Sword Boomerang"],"picked":"SKIP","floor":10},{"not_picked":["Sword Boomerang","Twin Strike","Burning Pact"],"picked":"SKIP","floor":11},{"not_picked":["Carnage","Clash","Anger"],"picked":"SKIP","floor":13},{"not_picked":["Evolve","Rage"],"picked":"Heavy Blade","floor":14},{"not_picked":["Bludgeon","Corruption"],"picked":"Limit Break","floor":16},{"not_picked":["Combust","Dropkick+1"],"picked":"Pommel Strike","floor":18},{"not_picked":["Pummel","Blood for Blood"],"picked":"Infernal Blade","floor":22},{"not_picked":["Armaments","Uppercut"],"picked":"Shrug It Off+1","floor":24},{"not_picked":["Body Slam","Cleave"],"picked":"Headbutt","floor":25},{"not_picked":["Battle Trance","Anger+1"],"picked":"Flex+1","floor":28},{"not_picked":["Cleave+1","Body Slam+1"],"picked":"Flex+1","floor":30},{"not_picked":["Flex","Dark Embrace","Burning Pact+1"],"picked":"SKIP","floor":31},{"not_picked":["Juggernaut","Double Tap"],"picked":"Offering","floor":33},{"not_picked":["Blood for Blood","Clothesline+1"],"picked":"Metallicize+1","floor":35},{"not_picked":["Reckless Charge+1","Pommel Strike","Dropkick"],"picked":"SKIP","floor":41},{"not_picked":["Hemokinesis+1","Shockwave+1","Iron Wave+1"],"picked":"SKIP","floor":42}],"player_experience":15857,"relics_obtained":[{"floor":8,"key":"Pen Nib"},{"floor":9,"key":"Potion Belt"},{"floor":24,"key":"Red Mask"},{"floor":25,"key":"Bronze Scales"},{"floor":26,"key":"WingedGreaves"},{"floor":38,"key":"Peace Pipe"},{"floor":42,"key":"Juzu Bracelet"},{"floor":43,"key":"Blood Vial"}],"event_choices":[{"damage_healed":0,"gold_gain":0,"player_choice":"Success","damage_taken":18,"relics_obtained":["Pantograph"],"max_hp_gain":0,"max_hp_loss":0,"event_name":"Scrap Ooze","floor":2,"gold_loss":0},{"cards_removed":["Defend_R"],"damage_healed":0,"gold_gain":0,"player_choice":"Card Removal","damage_taken":0,"max_hp_gain":0,"max_hp_loss":0,"event_name":"The Cleric","floor":3,"gold_loss":50},{"damage_healed":0,"gold_gain":0,"player_choice":"Take Damage","damage_taken":18,"relics_obtained":["Golden Idol"],"max_hp_gain":0,"max_hp_loss":0,"event_name":"Golden Idol","floor":5,"gold_loss":0},{"cards_removed":["Strike_R"],"damage_healed":0,"gold_gain":0,"player_choice":"Gave Gold","damage_taken":0,"max_hp_gain":0,"max_hp_loss":0,"event_name":"Beggar","floor":19,"gold_loss":75},{"damage_healed":0,"gold_gain":0,"player_choice":"Obtain J.A.X.","damage_taken":0,"max_hp_gain":0,"max_hp_loss":0,"event_name":"Drug Dealer","floor":21,"gold_loss":0,"cards_obtained":["J.A.X."]},{"damage_healed":0,"gold_gain":0,"player_choice":"Fought Bandits","damage_taken":0,"max_hp_gain":0,"max_hp_loss":0,"event_name":"Masked Bandits","floor":24,"gold_loss":0},{"damage_healed":0,"gold_gain":333,"player_choice":"Gave Idol","damage_taken":0,"max_hp_gain":0,"max_hp_loss":0,"event_name":"The Moai Head","floor":37,"relics_lost":["Golden Idol"],"gold_loss":0},{"damage_healed":0,"gold_gain":0,"player_choice":"Fight","damage_taken":0,"max_hp_gain":0,"max_hp_loss":0,"event_name":"MindBloom","floor":38,"gold_loss":0}],"is_beta":false,"boss_relics":[{"not_picked":["Mark of Pain","Sozu"],"picked":"Velvet Choker"},{"not_picked":["Busted Crown","Black Star"],"picked":"Runic Cube"}],"items_purged_floors":[20,36,39],"is_endless":false,"potions_floor_spawned":[1,7,16,24,31,33,35,42],"killed_by":"Nemesis","ascension_level":0}}