{"host":"Melcetto","time":1608918575,"event":{"mods":["AlwaysNeverKeys","BaseMod","Better Vampires","Colored Map","Colored Powertips","DeckTracker","Emptier Cage","Minty Spire (QoL Compilation)","Permanent Neow","Quick Restart","Random Character Button","Rare Cards Sparkle","Relic Sorter","Relic Stats","StSLib","Transform Curses"],"gold_per_floor":[119,129,146,146,164,164,198,198,253,253,280,280,280,297,297,297,297],"floor_reached":16,"playtime":824,"items_purged":[],"score":320,"play_id":"da0f7998-eddf-4709-8601-d36b4aa8e20f","local_time":"20201225124935","is_ascension_mode":true,"campfire_choices":[{"data":"Bash","floor":6,"key":"SMITH"},{"data":"Twin Strike","floor":8,"key":"SMITH"},{"data":"Pommel Strike","floor":10,"key":"SMITH"},{"data":"Combust","floor":15,"key":"SMITH"}],"circlet_count":0,"master_deck":["AscendersBane","Strike_R","Strike_R+1","Strike_R","Strike_R","Defend_R+1","Defend_R","Defend_R","Defend_R+1","Bash+1","Twin Strike+1","Spot Weakness+1","Feel No Pain","Pommel Strike+1","Combust+1"],"relics":["Burning Blood","War Paint","Self Forming Clay","MealTicket","Orichalcum"],"acts_visited":["Exordium"],"potions_floor_usage":[7,11,16],"damage_taken":[{"damage":0,"enemies":"Jaw Worm","floor":1,"turns":4},{"damage":3,"enemies":"2 Louse","floor":2,"turns":2},{"damage":6,"enemies":"Small Slimes","floor":3,"turns":4},{"damage":8,"enemies":"3 Louse","floor":5,"turns":4},{"damage":19,"enemies":"3 Sentries","floor":7,"turns":9},{"damage":8,"enemies":"Gremlin Nob","floor":11,"turns":3},{"damage":4,"enemies":"Large Slime","floor":14,"turns":3},{"damage":48,"enemies":"Slime Boss","floor":16,"turns":6}],"seed_played":"-1446257414076108333","potions_obtained":[{"floor":2,"key":"Swift Potion"},{"floor":5,"key":"ColorlessPotion"},{"floor":7,"key":"SteroidPotion"}],"is_trial":false,"path_per_floor":["M","M","M","?","M","R","E","R","T","R","E","?","?","M","R","B"],"character_chosen":"IRONCLAD","items_purchased":[],"campfire_rested":0,"item_purchase_floors":[],"current_hp_per_floor":[74,75,75,52,50,50,37,37,37,37,35,35,35,37,37,0,0],"gold":297,"neow_bonus":"RANDOM_COMMON_RELIC","is_daily":false,"chose_seed":false,"campfire_upgraded":4,"win_rate":0.0,"timestamp":1608918575,"path_taken":["M","M","M","?","M","R","E","R","T","R","E","?","?","M","R","BOSS"],"items_purchased_type":[],"build_version":"2020-12-18","purchased_purges":0,"victory":false,"max_hp_per_floor":[75,75,75,75,75,75,75,75,75,75,75,75,75,75,75,75,75],"relic_stats":{"counters":[8,35],"Self Forming Clay":[27],"MealTicket":0,"War Paint":["Defend_R","Defend_R"],"Orichalcum":[12],"obtain_stats":[{"Self Forming Clay":7,"MealTicket":9,"War Paint":0,"Orichalcum":11,"Burning Blood":0},{"Self Forming Clay":5,"MealTicket":5,"War Paint":0,"Orichalcum":6,"Burning Blood":0},{"Self Forming Clay":23,"MealTicket":23,"War Paint":0,"Orichalcum":26,"Burning Blood":0}],"Burning Blood":40},"card_choices":[{"not_picked":["True Grit","Body Slam"],"picked":"Twin Strike","floor":1},{"not_picked":["Cleave","Havoc"],"picked":"Spot Weakness","floor":2},{"not_picked":["Rage","Havoc","Wild Strike"],"picked":"SKIP","floor":3},{"not_picked":["Thunderclap","Double Tap"],"picked":"Feel No Pain","floor":5},{"not_picked":["Pommel Strike","Second Wind","Warcry"],"picked":"SKIP","floor":7},{"not_picked":["Pommel Strike","Second Wind","Warcry"],"picked":"SKIP","floor":7},{"not_picked":["Second Wind","Warcry"],"picked":"Pommel Strike","floor":7},{"not_picked":["Perfected Strike","Pommel Strike","Dark Embrace"],"picked":"SKIP","floor":11},{"not_picked":["Perfected Strike","Burning Pact","Pommel Strike"],"picked":"SKIP","floor":14}],"player_experience":18830102,"relics_obtained":[{"floor":7,"key":"Self Forming Clay"},{"floor":9,"key":"MealTicket"},{"floor":11,"key":"Orichalcum"}],"event_choices":[{"damage_healed":0,"gold_gain":0,"player_choice":"Entered Light","damage_taken":23,"max_hp_gain":0,"max_hp_loss":0,"event_name":"Shining Light","floor":4,"gold_loss":0,"cards_upgraded":["Strike_R","Spot Weakness"]},{"damage_healed":0,"gold_gain":0,"player_choice":"Ignored","damage_taken":0,"max_hp_gain":0,"max_hp_loss":0,"event_name":"Liars Game","floor":12,"gold_loss":0},{"damage_healed":0,"gold_gain":0,"cards_transformed":["Strike_R"],"player_choice":"Change","damage_taken":0,"max_hp_gain":0,"max_hp_loss":0,"event_name":"Living Wall","floor":13,"gold_loss":0,"cards_obtained":["Combust"]}],"is_beta":true,"boss_relics":[],"items_purged_floors":[],"is_endless":false,"potions_floor_spawned":[2,5,7],"killed_by":"Slime Boss","ascension_level":20}}