{"host":"f5ezd1v29dtbwkzo","time":1608905401,"event":{"mods":["2.2 Compatiblity","BaseMod","Hermit","Minty Spire (QoL Compilation)","Rare Cards Sparkle","Replay The Spire","StSLib"],"gold_per_floor":[12,30,30,41,58,88,88,104,104,138,201,201,218,218,218,322,622,635,647,52,72,40,69,69,88,113,131,131,156,167,180,180,285,285,298,54,71,88,98,98,126,141,192,217,217,217,217,229,229,229],"floor_reached":51,"playtime":3502,"items_purged":["Looming Evil"],"score":1038,"play_id":"622ae6d0-9852-4068-b507-882f496d4bf1","local_time":"20201225171001","is_ascension_mode":false,"campfire_choices":[{"data":"Ghostly Armor","floor":7,"key":"SMITH"},{"data":"Life Link","floor":12,"key":"SMITH"},{"floor":15,"key":"REST"},{"data":"Replay:Many Hands","floor":28,"key":"SMITH"},{"data":"Trip","floor":40,"key":"SMITH"},{"data":"Metallicize","floor":45,"key":"SMITH"},{"data":"Metallicize","floor":47,"key":"SMITH"},{"data":"Demon Form","floor":49,"key":"SMITH"}],"circlet_count":0,"master_deck":["Strike_R","Strike_R","Strike_R","Strike_R","Defend_R","Defend_R","Defend_R","Defend_R","Bash","Warcry","Iron Wave","Replay:Many Hands+1","Spot Weakness","Ghostly Armor+1","True Grit+1","Life Link+1","Replay:Undeath\u0027s Touch","Demon Form+1","Hallucinations","Injury","Sever Soul","Trip+1","Sadistic Nature","Armaments+1","Blood for Blood+1","Iron Wave+1","Metallicize+1","Body Slam+1","Metallicize+1","Reaper+1","Intimidate+1","Parasite","Writhe","Replay:Undeath\u0027s Touch+1"],"relics":["Burning Blood","Mango","HornCleat","Orichalcum","Bag of Preparation","Quantum Egg","Anchor","Replay:Ancient Bell","Boot","The Courier","Old Coin","BargainBundle","Snack Pack","Molten Egg 2","InkBottle","Ring of Misfortune","ReplayTheSpireMod:Ring of Collecting","ReplayTheSpireMod:Ring of Addiction","Pet Ghost","Toy Ornithopter","SacredBark","Bottled Flame","Philosopher\u0027s Stone","ReplayTheSpireMod:TigerMarble","King of Hearts","Pantograph","Ring of Peace","Pen Nib","Centennial Puzzle"],"acts_visited":["Exordium","TheCity","TheBeyond"],"potions_floor_usage":[10,16,19,23,29,33,33,41,41,48],"damage_taken":[{"damage":5,"enemies":"Cultist","floor":1,"turns":4},{"damage":2,"enemies":"2 Louse","floor":2,"turns":3},{"damage":6,"enemies":"Jaw Worm","floor":4,"turns":4},{"damage":16,"enemies":"Large Slime","floor":5,"turns":5},{"damage":38,"enemies":"Lagavulin","floor":6,"turns":9},{"damage":4,"enemies":"Blue Slaver","floor":8,"turns":5},{"damage":8,"enemies":"Replay:BlueRogue","floor":10,"turns":9},{"damage":18,"enemies":"Lagavulin Event","floor":11,"turns":5},{"damage":2,"enemies":"Exordium Wildlife","floor":13,"turns":4},{"damage":46,"enemies":"Slime Boss","floor":16,"turns":14},{"damage":18,"enemies":"Spheric Guardian","floor":18,"turns":5},{"damage":21,"enemies":"2 Thieves","floor":19,"turns":5},{"damage":14,"enemies":"Snake Plant","floor":21,"turns":4},{"damage":61,"enemies":"Gremlin Leader","floor":23,"turns":6},{"damage":3,"enemies":"3 Cultists","floor":25,"turns":7},{"damage":0,"enemies":"Centurion and Healer","floor":27,"turns":4},{"damage":1,"enemies":"Book of Stabbing","floor":29,"turns":6},{"damage":0,"enemies":"Cultist and Chosen","floor":30,"turns":6},{"damage":11,"enemies":"Sentry and Sphere","floor":31,"turns":5},{"damage":13,"enemies":"Pondfish","floor":33,"turns":10},{"damage":0,"enemies":"Orb Walker","floor":35,"turns":3},{"damage":0,"enemies":"3 Shapes","floor":37,"turns":3},{"damage":6,"enemies":"Writhing Mass","floor":38,"turns":5},{"damage":0,"enemies":"Jaw Worm Horde","floor":39,"turns":3},{"damage":2,"enemies":"Nemesis","floor":41,"turns":3},{"damage":0,"enemies":"Spire Growth","floor":42,"turns":5},{"damage":0,"enemies":"R_Hoarder","floor":44,"turns":4},{"damage":0,"enemies":"Sphere and 2 Shapes","floor":48,"turns":4},{"damage":69,"enemies":"Awakened One","floor":50,"turns":10}],"seed_played":"-357275812563062321","potions_obtained":[{"floor":2,"key":"Dexterity Potion"},{"floor":5,"key":"Strength Potion"},{"floor":8,"key":"SpeedPotion"},{"floor":10,"key":"Swift Potion"},{"floor":18,"key":"BloodPotion"},{"floor":25,"key":"LiquidMemories"},{"floor":26,"key":"Toxic Potion"},{"floor":29,"key":"SneckoOil"},{"floor":33,"key":"BlessingOfTheForge"},{"floor":39,"key":"SteroidPotion"},{"floor":41,"key":"Explosive Potion"},{"floor":42,"key":"Adrenaline Potion"}],"is_trial":false,"path_per_floor":["M","M","?","M","M","E","R","M","T","E","?","R","M","T","R","B",null,"M","M","$","M","$","E","?","M","T","M","R","E","M","M","R","B",null,"M","$","M","M","M","R","E","M","T","E","R","?","R","M","R","B",null],"character_chosen":"IRONCLAD","items_purchased":["BargainBundle","Snack Pack","Molten Egg 2","Trip","Sadistic Nature","Blood for Blood+1","ReplayTheSpireMod:TigerMarble","King of Hearts"],"campfire_rested":1,"item_purchase_floors":[20,20,20,20,20,22,36,36],"current_hp_per_floor":[94,94,94,94,84,52,52,54,54,52,40,40,44,44,72,32,94,82,67,67,59,59,26,26,31,31,43,43,57,67,68,94,89,92,92,92,90,90,90,88,88,88,88,88,86,86,86,84,84,55],"gold":229,"neow_bonus":"ONE_RARE_RELIC","is_daily":false,"chose_seed":false,"campfire_upgraded":7,"win_rate":0.0,"timestamp":1608905401,"path_taken":["M","?","?","M","M","E","R","?","T","E","?","R","M","?","R","BOSS","M","M","$","M","$","E","?","M","T","M","R","E","M","M","R","BOSS","M","$","M","M","M","R","E","M","T","E","R","?","R","M","R","BOSS"],"items_purchased_type":["Relic","Relic","Relic","Card","Card","Card","Relic","Relic"],"build_version":"2020-12-22","purchased_purges":1,"victory":true,"max_hp_per_floor":[94,94,94,94,94,94,94,94,94,94,94,94,94,94,94,94,94,94,94,94,94,94,94,94,94,94,94,94,94,94,94,94,92,92,92,92,90,90,90,88,88,88,88,88,86,86,86,84,84,84],"card_choices":[{"not_picked":["Cleave","Sword Boomerang"],"picked":"Warcry","floor":1},{"not_picked":["Warcry","ReplayTheSpireMod:LeadingStrike"],"picked":"Iron Wave","floor":2},{"not_picked":["Armaments","Dropkick"],"picked":"Spot Weakness","floor":4},{"not_picked":["Flex","Carnage"],"picked":"Ghostly Armor","floor":5},{"not_picked":["Combust","Rage"],"picked":"True Grit","floor":6},{"not_picked":["Dropkick","True Grit"],"picked":"Life Link","floor":8},{"not_picked":["ReplayTheSpireMod:Corrosion Curse","Burning Pact"],"picked":"Replay:Undeath\u0027s Touch","floor":10},{"not_picked":["ReplayTheSpireMod:LeadingStrike","Wild Strike","Heavy Blade"],"picked":"SKIP","floor":13},{"not_picked":["Immolate","Double Tap"],"picked":"Demon Form","floor":16},{"not_picked":["hermit:ImpendingDoom","Spreading Infection"],"picked":"Looming Evil","floor":17},{"not_picked":["CurseOfTheBell","Normality"],"picked":"Hallucinations","floor":17},{"not_picked":["ReplayTheSpireMod:Restless Dread","CurseOfTheBell"],"picked":"Injury","floor":17},{"not_picked":["Hemogenesis","ReplayTheSpireMod:Strike From Hell+1"],"picked":"Sever Soul","floor":18},{"not_picked":["Twin Strike","Pommel Strike","Clash+1"],"picked":"SKIP","floor":19},{"not_picked":["Defy Death","Shrug It Off"],"picked":"Armaments+1","floor":21},{"not_picked":["Defy Death+1","Armaments","ReplayTheSpireMod:Limb From Limb+1"],"picked":"SKIP","floor":23},{"not_picked":["Demonic Infusion","Cleave+1"],"picked":"Iron Wave+1","floor":25},{"not_picked":["Shrug It Off+1","Defy Death+1"],"picked":"Metallicize","floor":27},{"not_picked":["Thunderclap+1","Battle Trance+1","Feel No Pain"],"picked":"SKIP","floor":29},{"not_picked":["Perfected Strike+1","Blood for Blood+1"],"picked":"Body Slam+1","floor":30},{"not_picked":["Defy Death","ReplayTheSpireMod:LeadingStrike+1"],"picked":"Metallicize","floor":31},{"not_picked":["Berserk","Fiend Fire+1"],"picked":"Reaper+1","floor":33},{"not_picked":["Iron Wave+1","Shrug It Off","True Grit"],"picked":"SKIP","floor":35},{"not_picked":["Bloodletting+1","Intimidate+1","Headbutt+1"],"picked":"SKIP","floor":37},{"not_picked":["Bloodletting+1","Headbutt+1"],"picked":"Intimidate+1","floor":37},{"not_picked":["True Grit+1","Iron Wave+1","Sever Soul+1"],"picked":"SKIP","floor":38},{"not_picked":["Pommel Strike+1","Clothesline+1","Run Through+1"],"picked":"SKIP","floor":39},{"not_picked":["Dual Wield+1","Headbutt+1","Wild Strike+1"],"picked":"SKIP","floor":41},{"not_picked":["Life Link+1","Run Through+1","Disarm+1"],"picked":"SKIP","floor":42},{"not_picked":["Second Wind+1","Uppercut+1","Massacre+1"],"picked":"SKIP","floor":44},{"not_picked":["Flex+1","Intimidate+1"],"picked":"Replay:Undeath\u0027s Touch+1","floor":48}],"player_experience":279433,"relics_obtained":[{"floor":6,"key":"HornCleat"},{"floor":9,"key":"Orichalcum"},{"floor":10,"key":"Bag of Preparation"},{"floor":11,"key":"Quantum Egg"},{"floor":14,"key":"Anchor"},{"floor":23,"key":"InkBottle"},{"floor":24,"key":"Ring of Misfortune"},{"floor":24,"key":"ReplayTheSpireMod:Ring of Collecting"},{"floor":26,"key":"ReplayTheSpireMod:Ring of Addiction"},{"floor":26,"key":"Pet Ghost"},{"floor":26,"key":"Toy Ornithopter"},{"floor":26,"key":"SacredBark"},{"floor":29,"key":"Bottled Flame"},{"floor":41,"key":"Pantograph"},{"floor":43,"key":"Ring of Peace"},{"floor":43,"key":"Pen Nib"},{"floor":44,"key":"Centennial Puzzle"}],"event_choices":[{"damage_healed":0,"gold_gain":0,"cards_transformed":["Strike_R"],"player_choice":"Transformed","damage_taken":0,"max_hp_gain":0,"max_hp_loss":0,"event_name":"Transmorgrifier","floor":3,"gold_loss":0,"cards_obtained":["Replay:Many Hands"]},{"damage_healed":0,"gold_gain":0,"player_choice":"Searched \u00271\u0027 times","damage_taken":0,"max_hp_gain":0,"max_hp_loss":0,"event_name":"Dead Adventurer","floor":11,"gold_loss":0},{"damage_healed":22,"gold_gain":0,"player_choice":"Writhe","damage_taken":0,"max_hp_gain":0,"max_hp_loss":0,"event_name":"Winding Halls","floor":46,"gold_loss":0,"cards_obtained":["Writhe"]}],"is_beta":false,"boss_relics":[{"not_picked":["Electric Blood","Replay:Bronze Core"],"picked":"Replay:Ancient Bell"},{"not_picked":["Nunchaku","PreservedInsect"],"picked":"Boot"},{"not_picked":["Divine Protection","Mirror"],"picked":"The Courier"},{"not_picked":["Replay:Kaleidoscope","CaptainsWheel"],"picked":"Old Coin"},{"not_picked":["ReplayTheSpireMod:DimensionalGlitch","Empty Cage"],"picked":"Philosopher\u0027s Stone"}],"items_purged_floors":[20],"is_endless":false,"potions_floor_spawned":[2,5,8,10,18,25,29,33,39,41,42],"ascension_level":0}}