{"host":"baymyijz6sxaqj5s","time":1608891942,"event":{"mods":["AchievementEnabler","BaseMod","Colored Map","Colored Powertips","DeckTracker","KOR Keyword Fix","Keyboard Shortcuts","Minty Spire (QoL Compilation)","Quick Restart","StSLib","SuperFastMode"],"gold_per_floor":[113,127,144,160,178,178,205,205,258,272,287,287,287,287,287,287,287],"floor_reached":16,"playtime":551,"items_purged":[],"score":114,"play_id":"0db08bb0-8ceb-4a4f-be19-ab313f032cb4","local_time":"20201225192542","is_ascension_mode":true,"campfire_choices":[{"data":"Entrench","floor":6,"key":"SMITH"},{"floor":8,"key":"REST"},{"floor":12,"key":"REST"},{"floor":15,"key":"REST"}],"circlet_count":0,"master_deck":["Strike_R","Strike_R","Strike_R","Strike_R","Strike_R","Defend_R","Defend_R","Defend_R","Defend_R","Bash","Sword Boomerang","Heavy Blade","Entrench+1","Seeing Red+1","Battle Trance","Impervious"],"relics":["Burning Blood","PreservedInsect","Happy Flower","Pantograph"],"acts_visited":["Exordium"],"potions_floor_usage":[5,5,11],"damage_taken":[{"damage":5,"enemies":"2 Louse","floor":1,"turns":4},{"damage":3,"enemies":"Small Slimes","floor":2,"turns":3},{"damage":8,"enemies":"Jaw Worm","floor":3,"turns":6},{"damage":19,"enemies":"3 Louse","floor":4,"turns":4},{"damage":4,"enemies":"2 Fungi Beasts","floor":5,"turns":3},{"damage":55,"enemies":"3 Sentries","floor":7,"turns":12},{"damage":26,"enemies":"Lots of Slimes","floor":10,"turns":5},{"damage":23,"enemies":"Exordium Thugs","floor":11,"turns":5},{"damage":84,"enemies":"The Guardian","floor":16,"turns":11}],"seed_played":"-2635756776426168469","potions_obtained":[{"floor":2,"key":"SkillPotion"},{"floor":3,"key":"ColorlessPotion"},{"floor":4,"key":"GamblersBrew"},{"floor":10,"key":"Block Potion"}],"is_trial":false,"path_per_floor":["M","M","M","M","M","R","E","R","T","M","M","R","?","?","R","B"],"character_chosen":"IRONCLAD","items_purchased":[],"campfire_rested":3,"item_purchase_floors":[],"current_hp_per_floor":[88,88,86,73,75,75,26,52,52,32,15,41,41,29,55,0,0],"gold":287,"neow_bonus":"TEN_PERCENT_HP_BONUS","is_daily":false,"chose_seed":false,"campfire_upgraded":1,"win_rate":0.0,"timestamp":1608891942,"path_taken":["M","M","M","M","M","R","E","R","T","M","M","R","?","?","R","BOSS"],"items_purchased_type":[],"build_version":"2020-12-22","purchased_purges":0,"victory":false,"max_hp_per_floor":[88,88,88,88,88,88,88,88,88,88,88,88,88,88,88,88,88],"card_choices":[{"not_picked":["True Grit","Perfected Strike","Burning Pact"],"picked":"SKIP","floor":1},{"not_picked":["Dark Embrace","Clothesline","True Grit"],"picked":"SKIP","floor":2},{"not_picked":["Sentinel","Carnage"],"picked":"Sword Boomerang","floor":3},{"not_picked":["Pommel Strike","Rampage"],"picked":"Heavy Blade","floor":4},{"not_picked":["True Grit","Clothesline"],"picked":"Entrench","floor":5},{"not_picked":["Hemokinesis","Havoc"],"picked":"Seeing Red","floor":7},{"not_picked":["Searing Blow","Cleave"],"picked":"Battle Trance","floor":10},{"not_picked":["Thunderclap","Headbutt"],"picked":"Impervious","floor":11}],"player_experience":242883,"relics_obtained":[{"floor":7,"key":"PreservedInsect"},{"floor":9,"key":"Happy Flower"}],"event_choices":[{"damage_healed":0,"gold_gain":0,"player_choice":"Grow","damage_taken":0,"max_hp_gain":0,"max_hp_loss":0,"event_name":"Living Wall","floor":13,"gold_loss":0,"cards_upgraded":["Seeing Red"]},{"damage_healed":0,"gold_gain":0,"player_choice":"Success","damage_taken":12,"relics_obtained":["Pantograph"],"max_hp_gain":0,"max_hp_loss":0,"event_name":"Scrap Ooze","floor":14,"gold_loss":0}],"is_beta":false,"boss_relics":[],"items_purged_floors":[],"is_endless":false,"potions_floor_spawned":[2,3,4,10],"killed_by":"The Guardian","ascension_level":2}}