{"host":"vc42n08di9czm3e7","time":1608929133,"event":{"mods":["AchievementEnabler","Act Like it!","BaseMod","Colored Powertips","Downfall","Friendly Minions","GifTheSpireLib","Minty Spire (QoL Compilation)","Rare Cards Sparkle","StSLib"],"gold_per_floor":[99,113,124,141,10,10,10,10,23,23,8,23,23,41,51,149,149,99,113,133,133,133,83,83,97,115,133,148,167,180,192,206,302,302,252,263,92,92,92,232,256,90,119,69,88,103,53,53,68,68],"floor_reached":51,"playtime":2461,"items_purged":["Slimebound:Chomp","Slimebound:Tackle","Slimebound:CorrosiveSpit"],"score":727,"play_id":"db07f3b6-baae-4494-9f02-371dd7249678","local_time":"20201225154533","is_ascension_mode":false,"campfire_choices":[{"data":"Slimebound:SplitBruiser","floor":1,"key":"SMITH"},{"data":"Slimebound:SplitMire","floor":13,"key":"SMITH"},{"data":"Slimebound:LevelUp","floor":18,"key":"SMITH"},{"data":"Slimebound:MinionMaster","floor":23,"key":"SMITH"},{"floor":35,"key":"RECALL"},{"data":"Slimebound:MassRepurpose","floor":44,"key":"SMITH"},{"data":"Slimebound:MassRepurpose","floor":47,"key":"SMITH"}],"circlet_count":0,"master_deck":["Slimebound:Split","Slimebound:SplitBruiser+1","Slimebound:Equalize","Slimebound:SlimeSpikes","Slimebound:SplitMire+1","Slimebound:SlimeBrawl","Slimebound:LevelUp+1","Slimebound:MegaLick","Slimebound:MegaLick","Parasite","Slimebound:OneTwoCombo","Slimebound:SamplingLick","Slimebound:MegaLick","Slimebound:OozeBath","Slimebound:MassRepurpose","Slimebound:HauntingLick","Slimebound:MinionMaster+1","Slimebound:SlimeBarrage+1","Slimebound:RejuvenatingLick","Slimebound:SamplingLick","Slimebound:WasteNot","Slimebound:Dissolve","Slimebound:SlimeTap","Slimebound:MassRepurpose+1","Slimebound:MassRepurpose+1","Slimebound:HauntingLick","Slimebound:LevelUp","Slimebound:MassRepurpose","Slimebound:Nibble","Slimebound:Prepare","Slimebound:SplitBruiser+1","Slimebound:HauntingLick+1","Slimebound:LevelUp","Slimebound:OneTwoCombo","Slimebound:SamplingLick","Slimebound:Replication"],"relics":["Slimebound:AbsorbEndCombat","Slimebound:GreedOozeRelic","Coffee Dripper","downfall:RedIOU","Calipers","Pandora\u0027s Box","Membership Card"],"acts_visited":["Exordium","TheCity","TheBeyond"],"potions_floor_usage":[16,25,29,33,36],"damage_taken":[{"damage":9,"enemies":"Jaw Worm","floor":2,"turns":3},{"damage":8,"enemies":"2 Louse","floor":3,"turns":2},{"damage":8,"enemies":"Cultist","floor":4,"turns":2},{"damage":12,"enemies":"downfall:FleeingMerchant","floor":5,"turns":4},{"damage":16,"enemies":"3 Louse","floor":9,"turns":2},{"damage":8,"enemies":"downfall:FleeingMerchant","floor":11,"turns":4},{"damage":4,"enemies":"Exordium Wildlife","floor":12,"turns":2},{"damage":8,"enemies":"Blue Slaver","floor":14,"turns":2},{"damage":9,"enemies":"Red Slaver","floor":15,"turns":2},{"damage":33,"enemies":"downfall:Ironclad","floor":16,"turns":7},{"damage":7,"enemies":"3 Byrds","floor":19,"turns":3},{"damage":8,"enemies":"Spheric Guardian","floor":20,"turns":3},{"damage":43,"enemies":"Shelled Parasite and Fungi","floor":25,"turns":4},{"damage":15,"enemies":"Sentry and Sphere","floor":26,"turns":3},{"damage":10,"enemies":"Cultist and Chosen","floor":27,"turns":4},{"damage":18,"enemies":"Centurion and Healer","floor":28,"turns":5},{"damage":8,"enemies":"Snake Plant","floor":29,"turns":3},{"damage":19,"enemies":"Snecko","floor":30,"turns":3},{"damage":13,"enemies":"Cultist and Chosen","floor":31,"turns":3},{"damage":0,"enemies":"Chosen and Byrds","floor":32,"turns":4},{"damage":65,"enemies":"downfall:Watcher","floor":33,"turns":7},{"damage":19,"enemies":"3 Darklings","floor":36,"turns":3},{"damage":20,"enemies":"downfall:FleeingMerchant","floor":37,"turns":4},{"damage":7,"enemies":"downfall:FleeingMerchant","floor":40,"turns":3},{"damage":11,"enemies":"Nemesis","floor":43,"turns":3},{"damage":2,"enemies":"Orb Walker","floor":45,"turns":2},{"damage":16,"enemies":"Spire Growth","floor":46,"turns":2},{"damage":12,"enemies":"Transient","floor":49,"turns":5},{"damage":15,"enemies":"downfall:Defect","floor":50,"turns":3}],"seed_played":"3452677593482735743","potions_obtained":[{"floor":2,"key":"Block Potion"},{"floor":14,"key":"CultistPotion"},{"floor":15,"key":"GamblersBrew"},{"floor":19,"key":"DistilledChaos"},{"floor":26,"key":"FearPotion"},{"floor":27,"key":"hexamod:EctoCoolerPotion"},{"floor":30,"key":"GamblersBrew"},{"floor":33,"key":"LiquidMemories"},{"floor":46,"key":"Explosive Potion"}],"is_trial":false,"path_per_floor":["R","M","M","M","$","?","T","?","M","?","$","M","R","M","M","B",null,"R","M","M","?","?","R","T","M","M","M","M","M","M","M","M","B",null,"R","M","$","?","?","?","T","$","E","R","M","M","R","$","M","B",null],"character_chosen":"SLIMEBOUND","items_purchased":["Slimebound:LevelUp","Slimebound:MegaLick","Slimebound:LevelUp","Membership Card","Slimebound:OneTwoCombo","Slimebound:SamplingLick"],"campfire_rested":0,"item_purchase_floors":[5,5,37,40,42,42],"current_hp_per_floor":[60,59,59,60,60,60,60,60,52,60,60,60,60,60,59,50,60,60,60,60,60,60,60,60,33,32,40,52,54,51,54,60,28,60,60,57,58,58,58,55,55,55,59,59,60,50,50,50,60,50],"gold":68,"neow_bonus":"THREE_CARDS","is_daily":false,"chose_seed":false,"campfire_upgraded":6,"win_rate":0.0,"timestamp":1608929133,"path_taken":["R","M","M","M","$","?","T","?","M","?","?","M","R","M","M","BOSS","R","M","M","?","?","R","T","M","M","M","M","?","M","M","M","BOSS","R","M","$","?","?","?","T","?","E","R","M","?","R","$","M","BOSS"],"items_purchased_type":["Card","Card","Card","Relic","Card","Card"],"build_version":"2020-12-22","purchased_purges":3,"victory":true,"max_hp_per_floor":[60,60,60,60,60,60,60,60,60,60,60,60,60,60,60,60,60,60,60,60,60,60,60,60,60,60,60,60,60,60,60,60,60,60,60,60,60,60,60,60,60,60,60,60,60,60,60,60,60,60],"card_choices":[{"not_picked":["Slimebound:GoopSpray","Slimebound:SplitAcid"],"picked":"Slimebound:SplitBruiser","floor":0},{"not_picked":["Slimebound:HauntingLick","Slimebound:SplitAcid"],"picked":"Slimebound:Equalize","floor":2},{"not_picked":["Slimebound:SplitAcid","Slimebound:LeechEnergy"],"picked":"Slimebound:SlimeSpikes","floor":3},{"not_picked":["Slimebound:SplitLeeching","Slimebound:HauntingLick"],"picked":"Slimebound:SplitMire","floor":4},{"not_picked":["Slimebound:BestDefense","Slimebound:AcidTongue"],"picked":"Slimebound:SlimeBrawl","floor":5},{"not_picked":["Slimebound:GoopTackle","Slimebound:LivingWall"],"picked":"Slimebound:MegaLick","floor":9},{"not_picked":["Slimebound:LeechingTouch","Slimebound:BestDefense"],"picked":"Slimebound:OneTwoCombo","floor":11},{"not_picked":["Slimebound:SpikyOuterGoop","Slimebound:RollThrough"],"picked":"Slimebound:SamplingLick","floor":12},{"not_picked":["Slimebound:RollThrough","Slimebound:LeechEnergy"],"picked":"Slimebound:MegaLick","floor":14},{"not_picked":["Slimebound:Nibble","Slimebound:ViciousTackle"],"picked":"Slimebound:OozeBath","floor":15},{"not_picked":["Slimebound:Teamwork","Slimebound:SelfFormingGoo"],"picked":"Slimebound:MassRepurpose","floor":16},{"not_picked":["Slimebound:LeechEnergy","Slimebound:GoopSpray","Slimebound:ItLooksTasty"],"picked":"SKIP","floor":19},{"not_picked":["Slimebound:ViciousTackle+1","Slimebound:RollThrough"],"picked":"Slimebound:HauntingLick","floor":20},{"not_picked":["Slimebound:FlameTackle","Slimebound:GoopSpray"],"picked":"Slimebound:SlimeBarrage+1","floor":25},{"not_picked":["Slimebound:Schlurp+1","Slimebound:Chomp"],"picked":"Slimebound:RejuvenatingLick","floor":26},{"not_picked":["Slimebound:FlameTackle","Slimebound:PressTheAttack"],"picked":"Slimebound:SamplingLick","floor":27},{"not_picked":["Slimebound:GoopSpray","Slimebound:DisruptingSlam"],"picked":"Slimebound:WasteNot","floor":28},{"not_picked":["Slimebound:RollThrough","Slimebound:SpikyOuterGoop"],"picked":"Slimebound:Gluttony","floor":29},{"not_picked":["Slimebound:DisruptingSlam","Slimebound:AcidTongue","Slimebound:LeechEnergy"],"picked":"SKIP","floor":30},{"not_picked":["Slimebound:GoopSpray+1","Slimebound:SplitLeeching"],"picked":"Slimebound:Dissolve","floor":31},{"not_picked":["Slimebound:GoopSpray+1","Slimebound:RainOfGoop"],"picked":"Slimebound:SlimeTap","floor":32},{"not_picked":["Slimebound:SelfFormingGoo","Slimebound:DouseInSlime"],"picked":"Slimebound:MassRepurpose","floor":33},{"not_picked":["Slimebound:ViciousTackle","Slimebound:LeechEnergy+1"],"picked":"Slimebound:SplitBruiser+1","floor":36},{"not_picked":["Slimebound:PressTheAttack+1","Slimebound:LeechingTouch+1"],"picked":"Slimebound:HauntingLick+1","floor":37},{"not_picked":["Slimebound:Chomp+1","Slimebound:SpikyOuterGoop","Slimebound:ComboTackle+1"],"picked":"SKIP","floor":40},{"not_picked":["Slimebound:Gluttony","Slimebound:PressTheAttack+1"],"picked":"Slimebound:Replication","floor":43},{"not_picked":["Slimebound:SlimeBarrage+1","Slimebound:SlimeTap+1","Slimebound:BestDefense+1"],"picked":"SKIP","floor":45},{"not_picked":["Slimebound:Grow+1","Slimebound:ViciousTackle","Slimebound:LeechingTouch+1"],"picked":"SKIP","floor":46},{"not_picked":["Slimebound:Prepare","Slimebound:Chomp","Slimebound:LeechLife"],"picked":"SKIP","floor":49}],"player_experience":232138,"relics_obtained":[{"floor":7,"key":"Bottled Flame"},{"floor":24,"key":"Calipers"}],"event_choices":[{"damage_healed":15,"gold_gain":0,"player_choice":"Healed and dodged fight","damage_taken":0,"max_hp_gain":0,"max_hp_loss":0,"event_name":"Mushrooms","floor":10,"gold_loss":0,"cards_obtained":["Parasite"]},{"damage_healed":0,"gold_gain":0,"player_choice":"Ignored","damage_taken":0,"max_hp_gain":0,"max_hp_loss":0,"event_name":"Mysterious Sphere","floor":38,"gold_loss":0},{"cards_removed":["Slimebound:Gluttony"],"damage_healed":0,"gold_gain":0,"player_choice":"Removed Power","damage_taken":0,"max_hp_gain":0,"max_hp_loss":0,"event_name":"Falling","floor":39,"gold_loss":0}],"is_beta":false,"boss_relics":[{"not_picked":["Cursed Key","downfall:Hecktoplasm"],"picked":"Coffee Dripper"},{"not_picked":["Philosopher\u0027s Stone","Calling Bell"],"picked":"Pandora\u0027s Box"}],"items_purged_floors":[37,40,42],"is_endless":false,"potions_floor_spawned":[2,14,15,19,26,27,30,32,33,46,49],"ascension_level":0}}