{"host":"od099uxc49ip1k8b","time":1608889647,"event":{"mods":["Act Like it!","BaseMod","Downfall","Gensokyo","Hermit","Highlight Path","Koishi","Marisa????????","Minty Spire (QoL Compilation)","Rare Cards Sparkle","Remilia??????","StSLib","Td1madao Mod","The Administrix","The Animator","The Cursed","The Gatherer","The Servant 0.9.4","The Wild Card","Waifu the Spire","WarShipGirlsR/????R mod","Yuyuko"],"gold_per_floor":[111,128,141,161,161,161,179,179,179,6,21,50,70,31,31,130,180,193,193,205,222,222,222,238,238,287,306,306,321,332,5,5,5,5],"floor_reached":33,"playtime":2893,"items_purged":[],"score":303,"play_id":"568036b2-3290-4c64-a24e-27e09208141e","local_time":"20201225044727","is_ascension_mode":false,"campfire_choices":[{"data":"rmod:diamondstrike","floor":6,"key":"SMITH"},{"data":"rmod:generalist","floor":8,"key":"SMITH"},{"data":"rmod:diamondstrike","floor":15,"key":"SMITH"},{"floor":23,"key":"REST"},{"data":"rmod:acesubmarine","floor":25,"key":"SMITH"},{"data":"rmod:steelsupply","floor":28,"key":"SMITH"},{"floor":32,"key":"REST"}],"circlet_count":0,"master_deck":["rmod:strick","rmod:strick","rmod:strick","rmod:strick","rmod:defend","rmod:defend","rmod:defend","rmod:defend+1","rmod:basicallowance","rmod:maingunfire","rmod:aggressivemary","rmod:diamondstrike+1","rmod:ammunitionsupply+1","rmod:firesupport","rmod:generalist+1","rmod:salvage+1","rmod:acesubmarine+1","rmod:gendarmerie","rmod:diamondstrike+1","rmod:fletcherpendant","rmod:firesupport","rmod:launchingtorpedo","rmod:fletcherpendant","rmod:saltedfish","rmod:diaomin","rmod:fletcherpendant","rmod:selfconfidence","rmod:lonelyqueen","rmod:garrisonisland+1","rmod:fletcherpendant+1","rmod:luckystar+1","rmod:steelsupply+1","rmod:chargemoney+1"],"relics":["rmod:firstchargereward","Frozen Egg 2","Bottled Flame","Tiny House","NlothsMask","Toxic Egg 2"],"acts_visited":["Exordium","TheCity"],"potions_floor_usage":[7,33,33,33],"damage_taken":[{"damage":0,"enemies":"Jaw Worm","floor":1,"turns":3},{"damage":0,"enemies":"Cultist","floor":2,"turns":3},{"damage":0,"enemies":"2 Louse","floor":3,"turns":2},{"damage":13,"enemies":"Red Slaver","floor":4,"turns":3},{"damage":0,"enemies":"3 Louse","floor":7,"turns":2},{"damage":3,"enemies":"2 Fungi Beasts","floor":11,"turns":2},{"damage":2,"enemies":"Gremlin Nob","floor":12,"turns":3},{"damage":0,"enemies":"Large Slime","floor":13,"turns":3},{"damage":17,"enemies":"Hexaghost","floor":16,"turns":6},{"damage":10,"enemies":"Chosen","floor":18,"turns":3},{"damage":23,"enemies":"3 Byrds","floor":20,"turns":4},{"damage":12,"enemies":"Snake Plant","floor":21,"turns":4},{"damage":10,"enemies":"Chosen and Byrds","floor":24,"turns":3},{"damage":5,"enemies":"Centurion and Healer","floor":27,"turns":4},{"damage":18,"enemies":"Snake Plant","floor":29,"turns":3},{"damage":14,"enemies":"Shelled Parasite and Fungi","floor":30,"turns":6},{"damage":69,"enemies":"Collector","floor":33,"turns":7}],"seed_played":"5742295743824544801","potions_obtained":[{"floor":2,"key":"Dexterity Potion"},{"floor":3,"key":"PowerPotion"},{"floor":7,"key":"Fruit Juice"},{"floor":13,"key":"Regen Potion"}],"is_trial":false,"path_per_floor":["M","M","M","M","?","R","M","R","T","$","M","E","M","$","R","B",null,"M","?","M","M","?","R","M","R","T","M","R","M","M","$","R","B"],"character_chosen":"PRAEFECT","items_purchased":["rmod:salvage","rmod:acesubmarine","rmod:launchingtorpedo","rmod:chargemoney+1","Toxic Egg 2"],"campfire_rested":2,"item_purchase_floors":[10,10,14,31,31],"current_hp_per_floor":[82,82,82,69,69,69,74,74,74,74,71,69,69,69,69,52,92,82,82,59,47,47,74,64,64,64,59,59,41,27,27,54,0,0],"gold":5,"neow_bonus":"TEN_PERCENT_HP_BONUS","is_daily":false,"chose_seed":false,"campfire_upgraded":5,"win_rate":0.0,"timestamp":1608889647,"path_taken":["M","M","M","M","?","R","M","R","T","$","M","E","?","?","R","BOSS","M","?","M","?","?","R","?","R","T","M","R","M","M","$","R","BOSS"],"items_purchased_type":["Card","Card","Card","Card","Relic"],"build_version":"2020-12-22","purchased_purges":0,"victory":false,"max_hp_per_floor":[82,82,82,82,82,82,87,87,87,87,87,87,87,87,87,87,92,92,92,92,92,92,92,92,92,92,92,92,92,92,92,92,92,92],"card_choices":[{"not_picked":["rmod:luckystar","rmod:spoils"],"picked":"rmod:aggressivemary","floor":1},{"not_picked":["rmod:combined","rmod:unsinkable"],"picked":"rmod:diamondstrike","floor":2},{"not_picked":["rmod:smokecover","rmod:tearstotiara"],"picked":"rmod:ammunitionsupply","floor":3},{"not_picked":["rmod:sl","rmod:goodfighter"],"picked":"rmod:firesupport","floor":4},{"not_picked":["rmod:victimresponsibility","rmod:firesupport"],"picked":"rmod:generalist","floor":7},{"not_picked":["rmod:garrisonisland","rmod:maintain"],"picked":"rmod:gendarmerie","floor":11},{"not_picked":["rmod:garrisonisland","rmod:victimresponsibility"],"picked":"rmod:diamondstrike","floor":12},{"not_picked":["rmod:combined","rmod:circuitoustactics"],"picked":"rmod:firesupport","floor":13},{"not_picked":["rmod:u235","rmod:secretscript+1"],"picked":"rmod:saltedfish","floor":16},{"not_picked":["rmod:fuelsupply","rmod:luckystar"],"picked":"rmod:diaomin","floor":17},{"not_picked":["rmod:unsinkable+1","rmod:victimresponsibility"],"picked":"rmod:selfconfidence","floor":18},{"not_picked":["rmod:aluminumsupply","rmod:fletcherpendant+1"],"picked":"rmod:lonelyqueen","floor":20},{"not_picked":["rmod:diamondstrike","rmod:fletcherpendant+1"],"picked":"rmod:garrisonisland+1","floor":21},{"not_picked":["rmod:capitalist","rmod:fuelsupply"],"picked":"rmod:luckystar+1","floor":24},{"not_picked":["rmod:supportescort","rmod:wolves"],"picked":"rmod:steelsupply","floor":27},{"not_picked":["rmod:fuelsupply","rmod:diamondstrike","rmod:supportescort+1"],"picked":"SKIP","floor":29},{"not_picked":["rmod:circuitoustactics","rmod:luckystar","rmod:fletcherpendant"],"picked":"SKIP","floor":30}],"player_experience":63283,"relics_obtained":[{"floor":9,"key":"Frozen Egg 2"},{"floor":12,"key":"Bottled Flame"}],"event_choices":[{"damage_healed":0,"gold_gain":0,"player_choice":"Upgraded","damage_taken":0,"max_hp_gain":0,"max_hp_loss":0,"event_name":"Upgrade Shrine","floor":5,"gold_loss":0,"cards_upgraded":["rmod:ammunitionsupply"]},{"damage_healed":0,"gold_gain":0,"player_choice":"Trade","damage_taken":0,"relics_obtained":["NlothsMask"],"max_hp_gain":0,"max_hp_loss":0,"event_name":"FaceTrader","floor":19,"gold_loss":0},{"damage_healed":0,"gold_gain":0,"player_choice":"Upgraded","damage_taken":0,"max_hp_gain":0,"max_hp_loss":0,"event_name":"Upgrade Shrine","floor":22,"gold_loss":0,"cards_upgraded":["rmod:salvage"]}],"is_beta":false,"boss_relics":[{"not_picked":["SacredBark","Cursed Key"],"picked":"Tiny House"}],"items_purged_floors":[],"is_endless":false,"potions_floor_spawned":[2,3,7,13,16,18,30],"killed_by":"Collector","ascension_level":0}}