{"host":"tm3ghj8mno6gwywm","time":1608898239,"event":{"mods":["2.2 Compatiblity","AchievementEnabler","Bard","BaseMod","Beaked The Cultist","Better Third Choice","Colored Map","Colored Powertips","Conspire","Downfall","Glutton Mod","GungeonMod","Halation","Hermit","Hubris","Infinite Spire","Jorbs\u0027s Wanderer Trilogy","Lobotomy","Mad Scientist","Marisa????????","Marked Mod","Mimic Mod","Minty Spire (QoL Compilation)","Potionbrewer","Quick Restart","READ ME - Guardian Mod","Replay The Spire","Shade Mod","Shop Mod","Somnambulant","Spicy Shops","StSLib","SuperFastMode","The Bug Knight","The Construct","The Cursed","The Disciple","The Factory","The Hierophant","The IronCluck","The Judge","The Jungle","The Necromancer","The Runesmith","The Servant 0.9.4","egg"],"gold_per_floor":[117,38,38,38,52,52,78,78,103,68,68,96,96,107,107,212,212,223,223,243,260,94,94,113,113,113,126,126,126,142,18,18,116,116,129,129,145,170,170],"floor_reached":38,"playtime":1273,"items_purged":[],"score":382,"play_id":"8b60cde3-f7a7-4261-8642-049005b8050b","local_time":"20201225071039","is_ascension_mode":false,"campfire_choices":[{"floor":6,"key":"RECALL"},{"floor":8,"key":"REST"},{"data":"hermit:Snapshot","floor":11,"key":"SMITH"},{"floor":13,"key":"REST"},{"data":"hermit:Covet","floor":15,"key":"SMITH"},{"floor":23,"key":"REST"},{"floor":25,"key":"REST"},{"floor":29,"key":"REST"},{"data":"hermit:Defend_Hermit","floor":32,"key":"SMITH"}],"circlet_count":0,"master_deck":["hermit:Strike_Hermit","hermit:Strike_Hermit+1","hermit:Strike_Hermit","hermit:Strike_Hermit+1","hermit:Defend_Hermit+1","hermit:Defend_Hermit","hermit:Defend_Hermit","hermit:Defend_Hermit","hermit:Snapshot+1","hermit:Covet+1","hermit:Quickdraw+1","hermit:TakeAim+1","hermit:WideOpen+1","hermit:LuckOfTheDraw+1","hermit:Brawl+1","hermit:Determination+1","hermit:OverwhelmingPower+1","hermit:Determination+1","hubris:NaturalOne","hermit:Dive+1","hermit:Enervate+1","hermit:CalledShot+1","hermit:ItchyTrigger+1","hermit:TrackingShot+1","hermit:NoHoldsBarred+1","hermit:Magnum+1","hermit:Enervate+1","hermit:Gambit+1"],"relics":["hermit:Momento","Lizard Tail","Mummified Hand","Black Star","Molten Egg 2","Toxic Egg 2","Frozen Egg 2","Quantum Egg","Membership Card","WingedGreaves","hubris:Towel","Blood Vial","hermit:CharredGlove","DemoMod:WhiteGuonStone","Darkstone Periapt","conspire:DeflatedDodgeball","hubris:Icosahedron","Replay:Wax Seal","Bag of Preparation","Whetstone","hubris:MobiusCoin","halation:PinkSoulGem","infinitespire:Beetle Shell"],"acts_visited":["Exordium","TheCity","TheBeyond"],"potions_floor_usage":[16,21,33],"damage_taken":[{"damage":5,"enemies":"Cultist","floor":1,"turns":4},{"damage":0,"enemies":"conspire:RoseBush","floor":5,"turns":3},{"damage":32,"enemies":"3 Sentries","floor":7,"turns":13},{"damage":30,"enemies":"Gremlin Nob","floor":12,"turns":4},{"damage":2,"enemies":"2 Louse","floor":14,"turns":2},{"damage":21,"enemies":"Fading Forest","floor":16,"turns":11},{"damage":18,"enemies":"Chosen","floor":18,"turns":5},{"damage":14,"enemies":"Shell Parasite","floor":20,"turns":4},{"damage":26,"enemies":"Centurion and Healer","floor":21,"turns":7},{"damage":8,"enemies":"Snake Plant","floor":24,"turns":4},{"damage":23,"enemies":"Shelled Parasite and Fungi","floor":27,"turns":4},{"damage":5,"enemies":"Centurion and Healer","floor":30,"turns":5},{"damage":32,"enemies":"Champ","floor":33,"turns":8},{"damage":15,"enemies":"Orb Walker","floor":35,"turns":4},{"damage":49,"enemies":"3 Shapes","floor":37,"turns":3},{"damage":63,"enemies":"conspire:MimicChest","floor":38,"turns":6}],"seed_played":"5789426986349168166","potions_obtained":[{"floor":14,"key":"potionbrewer:AcidPotion"},{"floor":24,"key":"champ:CounterPotion"},{"floor":33,"key":"Toxic Potion"}],"is_trial":false,"path_per_floor":["M","$","?","?","M","R","E","R","T","?","R","E","R","M","R","B",null,"M","?","M","M","$","R","M","R","T","M","?","R","M","$","R","B",null,"M","?","M","?"],"character_chosen":"HERMIT","items_purchased":["hermit:TakeAim+1","Replay:Wax Seal","Bag of Preparation","Whetstone","hermit:CalledShot+1","hermit:ItchyTrigger+1","hubris:MobiusCoin"],"campfire_rested":5,"item_purchase_floors":[2,22,22,22,22,22,31],"current_hp_per_floor":[77,77,77,70,72,72,42,66,66,82,82,52,76,76,76,57,82,64,64,58,34,34,60,54,80,80,59,59,85,82,82,82,52,88,73,73,26,11,11],"gold":170,"neow_bonus":"TEN_PERCENT_HP_BONUS","is_daily":false,"chose_seed":false,"campfire_upgraded":3,"win_rate":0.0,"timestamp":1608898239,"path_taken":["M","$","?","?","M","R","E","R","T","?","R","E","R","M","R","BOSS","M","?","M","M","$","R","M","R","T","M","?","R","?","$","R","BOSS","M","?","M","?"],"items_purchased_type":["Card","Relic","Relic","Relic","Card","Card","Relic"],"build_version":"2020-12-22","purchased_purges":0,"victory":false,"max_hp_per_floor":[82,82,82,82,82,82,82,82,82,82,82,82,82,82,82,82,82,82,82,88,88,88,88,88,88,88,88,88,88,88,88,88,88,88,88,88,88,88,88],"card_choices":[{"not_picked":["hermit:BigShot+1","hermit:Headshot+1"],"picked":"hermit:Quickdraw+1","floor":1},{"not_picked":["hermit:Shortfuse+1","hermit:Roulette+1"],"picked":"hermit:WideOpen+1","floor":5},{"not_picked":["hermit:Coalescence+1","hermit:CursedWeapon+1"],"picked":"hermit:LuckOfTheDraw+1","floor":7},{"not_picked":["hermit:Purgatory+1","hermit:Roulette+1"],"picked":"hermit:Brawl+1","floor":12},{"not_picked":["hermit:Roulette+1","hermit:SprayPray+1"],"picked":"hermit:Determination+1","floor":14},{"not_picked":["hermit:Purgatory+1","hermit:DeadOrAlive+1"],"picked":"hermit:OverwhelmingPower+1","floor":16},{"not_picked":["hermit:LowProfile+1","hermit:Roulette+1"],"picked":"hermit:Determination+1","floor":18},{"not_picked":["hermit:Snipe+1","hermit:CursedWeapon+1"],"picked":"hermit:Dive+1","floor":20},{"not_picked":["hermit:Combo+1","hermit:EyeOfTheStorm+1"],"picked":"hermit:Enervate+1","floor":21},{"not_picked":["hermit:Feint+1","hermit:FullyLoaded+1"],"picked":"hermit:TrackingShot+1","floor":24},{"not_picked":["hermit:Dissolve+1","hermit:Grudge+1","hermit:CalledShot+1"],"picked":"SKIP","floor":27},{"not_picked":["hermit:GhostlyPresence+1","hermit:Grudge+1"],"picked":"hermit:NoHoldsBarred+1","floor":30},{"not_picked":["hermit:HighNoon+1","hermit:RoundhouseKick+1"],"picked":"hermit:Magnum+1","floor":33},{"not_picked":["hermit:Desperado+1","hermit:Quickdraw+1"],"picked":"hermit:Enervate+1","floor":35},{"not_picked":["hermit:SprayPray+1","hermit:Snipe+1"],"picked":"hermit:Gambit+1","floor":37}],"player_experience":791416,"relics_obtained":[{"floor":7,"key":"hermit:CharredGlove"},{"floor":9,"key":"DemoMod:WhiteGuonStone"},{"floor":12,"key":"Darkstone Periapt"},{"floor":12,"key":"conspire:DeflatedDodgeball"},{"floor":38,"key":"infinitespire:Beetle Shell"}],"event_choices":[{"damage_healed":0,"gold_gain":0,"player_choice":"Relic ","damage_taken":7,"max_hp_gain":0,"max_hp_loss":0,"event_name":"betterThird:BetterScrap","floor":4,"gold_loss":0,"cards_obtained":["Fiend Fire"]},{"damage_healed":20,"gold_gain":0,"player_choice":"Healed","damage_taken":0,"max_hp_gain":0,"max_hp_loss":0,"event_name":"The Cleric","floor":10,"gold_loss":35},{"damage_healed":0,"gold_gain":0,"player_choice":"Ignored","damage_taken":0,"max_hp_gain":0,"max_hp_loss":0,"event_name":"NoteForYourself","floor":28,"gold_loss":0}],"is_beta":false,"boss_relics":[{"not_picked":["hubris:CrackedHourglass","halation:Yufonium","Snecko Eye"]},{"not_picked":["Replay:Grab Bag","infinitespire:Cupcake","halation:Prosthetics"]}],"items_purged_floors":[],"is_endless":false,"potions_floor_spawned":[12,14,21,24,33],"killed_by":"conspire:MimicChest","ascension_level":0}}