{"host":"gglig5t0wntczcri","time":1608888585,"event":{"mods":["BaseMod","BetterRewards","Colored Map","Colored Powertips","Minty Spire (QoL Compilation)"],"gold_per_floor":[112,131,185,197,15,50,50,50,50,85,101,111,139,155,155,255,255,274,274,285,297,310,340,340,340,365,400,400,413,74,74,74,175,175,191,0,53,64,75,100,100,128,174,194,208,208,228,261,261,261,261,261,22,22,22],"floor_reached":54,"playtime":5775,"items_purged":["Strike_P"],"score":1246,"play_id":"22c946e3-8b80-4a74-9969-4688d2a546c6","local_time":"20201225042945","is_ascension_mode":true,"campfire_choices":[{"floor":7,"key":"REST"},{"floor":15,"key":"RECALL"},{"floor":24,"key":"REST"},{"floor":32,"key":"REST"},{"floor":41,"key":"REST"},{"floor":46,"key":"REST"},{"floor":49,"key":"REST"},{"data":"Apotheosis","floor":52,"key":"SMITH"}],"circlet_count":0,"master_deck":["Strike_P","Strike_P","Strike_P","Defend_P+1","Defend_P","Defend_P","Defend_P","Eruption","Vigilance+1","Perseverance","CutThroughFate","Prostrate+1","FollowUp+1","Worship","WheelKick","CutThroughFate","WindmillStrike","Devotion","ClearTheMind","LikeWater","FlyingSleeves","Weave+1","ThirdEye","Devotion","Nirvana","Apotheosis+1","Scrawl","WaveOfTheHand+1","Prostrate","FollowUp+1","EmptyFist","LikeWater+1","Sanctity+1"],"relics":["PureWater","Bronze Scales","Strange Spoon","Orichalcum","GoldenEye","MawBank","Membership Card","Vajra","Shuriken","Blue Candle","VioletLotus","War Paint","Potion Belt","Pen Nib","Regal Pillow","Oddly Smooth Stone","MutagenicStrength","Runic Pyramid","Red Mask","StoneCalendar","Art of War","MealTicket","Blood Vial","Ginger","Happy Flower","Lantern"],"acts_visited":["TheCity","TheBeyond","TheEnding"],"potions_floor_usage":[6,10,10,10,13,13,16,20,23,27,33,33,33,40,40,40,54,54],"damage_taken":[{"damage":0,"enemies":"Cultist","floor":1,"turns":3},{"damage":7,"enemies":"Jaw Worm","floor":2,"turns":3},{"damage":0,"enemies":"Lagavulin","floor":6,"turns":5},{"damage":3,"enemies":"Gremlin Nob","floor":10,"turns":3},{"damage":0,"enemies":"Small Slimes","floor":11,"turns":2},{"damage":0,"enemies":"Blue Slaver","floor":12,"turns":3},{"damage":0,"enemies":"Lagavulin","floor":13,"turns":3},{"damage":0,"enemies":"Looter","floor":14,"turns":2},{"damage":0,"enemies":"Slime Boss","floor":16,"turns":4},{"damage":1,"enemies":"3 Byrds","floor":18,"turns":3},{"damage":18,"enemies":"2 Thieves","floor":20,"turns":3},{"damage":13,"enemies":"Chosen and Byrds","floor":21,"turns":5},{"damage":0,"enemies":"Sentry and Sphere","floor":22,"turns":3},{"damage":34,"enemies":"Gremlin Leader","floor":23,"turns":4},{"damage":17,"enemies":"Book of Stabbing","floor":27,"turns":5},{"damage":8,"enemies":"3 Cultists","floor":29,"turns":5},{"damage":26,"enemies":"Collector","floor":33,"turns":7},{"damage":25,"enemies":"3 Shapes","floor":35,"turns":3},{"damage":11,"enemies":"2 Orb Walkers","floor":37,"turns":2},{"damage":6,"enemies":"Orb Walker","floor":38,"turns":4},{"damage":0,"enemies":"Maw","floor":39,"turns":6},{"damage":24,"enemies":"Reptomancer","floor":40,"turns":5},{"damage":0,"enemies":"Giant Head","floor":42,"turns":6},{"damage":3,"enemies":"Sphere and 2 Shapes","floor":44,"turns":6},{"damage":16,"enemies":"Jaw Worm Horde","floor":45,"turns":4},{"damage":14,"enemies":"Writhing Mass","floor":47,"turns":4},{"damage":29,"enemies":"Reptomancer","floor":48,"turns":6},{"damage":16,"enemies":"Time Eater","floor":50,"turns":6},{"damage":82,"enemies":"Shield and Spear","floor":54,"turns":5}],"seed_played":"-5441418822500609657","potions_obtained":[{"floor":1,"key":"Block Potion"},{"floor":2,"key":"EntropicBrew"},{"floor":11,"key":"ColorlessPotion"},{"floor":12,"key":"Swift Potion"},{"floor":18,"key":"Weak Potion"},{"floor":22,"key":"PowerPotion"},{"floor":23,"key":"EssenceOfSteel"},{"floor":27,"key":"Explosive Potion"},{"floor":33,"key":"BottledMiracle"},{"floor":35,"key":"Ancient Potion"},{"floor":37,"key":"FearPotion"},{"floor":39,"key":"Regen Potion"},{"floor":47,"key":"Ancient Potion"}],"is_trial":false,"path_per_floor":["M","M","T","?","$","E","R","?","T","E","M","M","E","M","R","B",null,"M","?","M","M","M","E","R","?","T","E","?","M","$","?","R","B",null,"M","?","?","M","M","E","R","E","T","M","M","R","M","E","R","B",null,"R","$","E"],"character_chosen":"WATCHER","items_purchased":["Bronze Scales","Strange Spoon","Orichalcum","Perseverance","CutThroughFate","Membership Card","Worship","Regal Pillow","Oddly Smooth Stone","Apotheosis","Weak Potion","AttackPotion","Happy Flower","Lantern","AttackPotion","Weak Potion","GamblersBrew"],"campfire_rested":6,"item_purchase_floors":[0,0,0,0,0,5,5,30,30,30,30,30,53,53,53,53,53],"current_hp_per_floor":[32,25,25,49,49,49,70,56,56,53,53,53,53,53,53,53,72,71,71,53,40,40,6,27,27,27,10,10,2,2,2,38,12,72,47,47,36,30,30,20,56,56,56,55,41,72,58,31,67,53,72,72,72,0,0],"gold":22,"neow_bonus":"","is_daily":false,"chose_seed":false,"campfire_upgraded":1,"win_rate":0.0,"timestamp":1608888585,"path_taken":["M","?","?","?","?","E","R","?","T","E","?","M","E","M","R","BOSS","M","?","M","M","M","E","R","?","T","E","?","?","$","?","R","BOSS","M","?","?","M","M","E","R","E","T","M","?","R","M","E","R","BOSS","R","$","E"],"items_purchased_type":["Relic","Relic","Relic","Card","Card","Relic","Card","Relic","Relic","Card","Potion","Potion","Relic","Relic","Potion","Potion","Potion"],"build_version":"2020-12-22","purchased_purges":1,"victory":false,"max_hp_per_floor":[72,72,72,72,72,72,72,72,72,72,72,72,72,72,72,72,72,72,72,72,72,72,72,72,72,72,72,72,72,72,72,72,72,72,72,72,72,72,72,72,72,72,72,72,72,72,72,72,72,72,72,72,72,72,72],"card_choices":[{"not_picked":["FlurryOfBlows","Halt"],"picked":"Prostrate","floor":1},{"not_picked":["SignatureMove","Protect"],"picked":"FollowUp","floor":2},{"not_picked":["Swivel","FearNoEvil","Vengeance"],"picked":"SKIP","floor":6},{"not_picked":["Perseverance","TalkToTheHand"],"picked":"WheelKick","floor":10},{"not_picked":["Vengeance","BowlingBash","Consecrate"],"picked":"SKIP","floor":11},{"not_picked":["CarveReality","SignatureMove"],"picked":"CutThroughFate","floor":12},{"not_picked":["BowlingBash","Judgement"],"picked":"WindmillStrike","floor":13},{"not_picked":["Crescendo","Tantrum","WindmillStrike"],"picked":"SKIP","floor":14},{"not_picked":["Ragnarok","Establishment"],"picked":"Devotion","floor":16},{"not_picked":["CutThroughFate","Wireheading"],"picked":"ClearTheMind","floor":18},{"not_picked":["CutThroughFate","Sanctity"],"picked":"FlyingSleeves","floor":20},{"not_picked":["Wireheading","EmptyMind"],"picked":"Weave+1","floor":21},{"not_picked":["CrushJoints","DeceiveReality"],"picked":"ThirdEye","floor":22},{"not_picked":["Judgement","FlyingSleeves","Study"],"picked":"SKIP","floor":23},{"not_picked":["Fasting2","SandsOfTime+1","EmptyBody"],"picked":"SKIP","floor":27},{"not_picked":["Tantrum+1","Study"],"picked":"Nirvana","floor":29},{"not_picked":["Judgement","Ragnarok"],"picked":"Scrawl","floor":33},{"not_picked":["PathToVictory+1","Tantrum+1","CutThroughFate"],"picked":"SKIP","floor":35},{"not_picked":["ThirdEye","FlyingSleeves"],"picked":"WaveOfTheHand+1","floor":37},{"not_picked":["WaveOfTheHand","Adaptation+1"],"picked":"Prostrate","floor":38},{"not_picked":["InnerPeace","Prostrate"],"picked":"FollowUp+1","floor":39},{"not_picked":["Judgement","SashWhip+1","Blasphemy"],"picked":"SKIP","floor":40},{"not_picked":["FlurryOfBlows","Tantrum+1","Prostrate+1"],"picked":"SKIP","floor":42},{"not_picked":["WheelKick","Worship+1"],"picked":"EmptyFist","floor":44},{"not_picked":["EmptyBody+1","PathToVictory+1","InnerPeace+1"],"picked":"SKIP","floor":45},{"not_picked":["SashWhip+1","CarveReality"],"picked":"LikeWater+1","floor":47},{"not_picked":["EmptyBody","Vault"],"picked":"Sanctity+1","floor":48}],"player_experience":919488,"relics_obtained":[{"floor":3,"key":"MawBank"},{"floor":6,"key":"Vajra"},{"floor":10,"key":"Shuriken"},{"floor":13,"key":"Blue Candle"},{"floor":23,"key":"War Paint"},{"floor":26,"key":"Potion Belt"},{"floor":27,"key":"Pen Nib"},{"floor":37,"key":"StoneCalendar"},{"floor":40,"key":"Art of War"},{"floor":42,"key":"MealTicket"},{"floor":43,"key":"Blood Vial"},{"floor":48,"key":"Ginger"}],"event_choices":[{"damage_healed":24,"gold_gain":0,"player_choice":"Banana","damage_taken":0,"max_hp_gain":0,"max_hp_loss":0,"event_name":"Big Fish","floor":4,"gold_loss":0},{"damage_healed":0,"gold_gain":0,"player_choice":"Entered Light","damage_taken":14,"max_hp_gain":0,"max_hp_loss":0,"event_name":"Shining Light","floor":8,"gold_loss":0,"cards_upgraded":["Defend_P","FollowUp"]},{"damage_healed":0,"gold_gain":0,"player_choice":"Read","damage_taken":0,"max_hp_gain":0,"max_hp_loss":0,"event_name":"The Library","floor":19,"gold_loss":0,"cards_obtained":["LikeWater"]},{"damage_healed":0,"gold_gain":0,"player_choice":"Ignored","damage_taken":0,"max_hp_gain":0,"max_hp_loss":0,"event_name":"Ghosts","floor":25,"gold_loss":0},{"damage_healed":0,"gold_gain":0,"player_choice":"Copied","damage_taken":0,"max_hp_gain":0,"max_hp_loss":0,"event_name":"Duplicator","floor":28,"gold_loss":0,"cards_obtained":["Devotion"]},{"damage_healed":0,"gold_gain":0,"player_choice":"Inject Mutagens","damage_taken":0,"relics_obtained":["MutagenicStrength"],"max_hp_gain":0,"max_hp_loss":0,"event_name":"Drug Dealer","floor":31,"gold_loss":0},{"damage_healed":0,"gold_gain":0,"player_choice":"Paid","damage_taken":0,"relics_obtained":["Red Mask"],"max_hp_gain":0,"max_hp_loss":0,"event_name":"Tomb of Lord Red Mask","floor":36,"gold_loss":191},{"damage_healed":0,"gold_gain":0,"player_choice":"Fight","damage_taken":0,"max_hp_gain":0,"max_hp_loss":0,"event_name":"Mysterious Sphere","floor":37,"gold_loss":0}],"is_beta":false,"boss_relics":[{"not_picked":["Pandora\u0027s Box","SlaversCollar"],"picked":"VioletLotus"},{"not_picked":["Snecko Eye","Sozu"],"picked":"Runic Pyramid"}],"items_purged_floors":[30],"is_endless":false,"potions_floor_spawned":[1,2,11,12,18,22,23,27,33,35,37,39,47],"killed_by":"Shield and Spear","ascension_level":2}}