{"host":"so437kwitdq4epbi","time":1608876845,"event":{"mods":["AchievementEnabler","BaseMod","Decade(王小明)","KinomotoSakuraMod(木之本樱)","Koishi","KomeijiMod","Lobotomy","LobotomyExtend","Marisa（F雨　魔理沙）","Minty Spire (QoL Compilation)","Quick Restart","READ ME - Snecko Mod","Replay The Spire","StSLib","The Alterego","The Bladedancer","The Bug Knight","The Construct","The Mystic","The Poker Player","Yuyuko","[IsaacMod]以撒尖塔","[地精首领爬塔]The Maniac","vexMod"],"gold_per_floor":[119,130,147,161,161,189,202,202,202],"floor_reached":8,"playtime":804,"items_purged":[],"score":60,"play_id":"b3467417-d5ac-495c-8c0d-0fb9c57f068c","local_time":"20201225141405","is_ascension_mode":false,"campfire_choices":[],"circlet_count":0,"master_deck":["maniac:Strike","maniac:Strike","maniac:Strike","maniac:Strike","maniac:Strike","maniac:Defend","maniac:Defend","maniac:Defend","maniac:Defend","maniac:BurnBlood","maniac:AbyssShackle+1","maniac:UndyingDesire","maniac:FanTheHammer","maniac:WardAndDefend","maniac:BladesInCloak","maniac:ObscuredAttack","maniac:BladeEnd"],"relics":["maniac:DamagedAnvil","maniac:BrokenHorn","HushsDoor","PunchingBag","LetterFromLob","Matryoshka"],"acts_visited":["Exordium"],"potions_floor_usage":[],"damage_taken":[{"damage":1,"enemies":"Small Slimes","floor":1,"turns":2},{"damage":0,"enemies":"Jaw Worm","floor":2,"turns":1},{"damage":6,"enemies":"Cultist","floor":3,"turns":2},{"damage":10,"enemies":"Exordium Wildlife","floor":4,"turns":5},{"damage":32,"enemies":"3 Sentries","floor":6,"turns":7},{"damage":16,"enemies":"Looter","floor":7,"turns":3},{"damage":6,"enemies":"Gremlin Nob","floor":8,"turns":2}],"seed_played":"-6008001049350523600","potions_obtained":[{"floor":1,"key":"SteroidPotion"},{"floor":6,"key":"FearPotion"}],"is_trial":false,"path_per_floor":["M","M","M","M","M","E","M","E"],"character_chosen":"THE_MANIAC","items_purchased":[],"campfire_rested":0,"item_purchase_floors":[],"current_hp_per_floor":[79,79,73,63,63,31,15,9,9],"gold":202,"neow_bonus":"UPGRADE_CARD","is_daily":false,"chose_seed":false,"campfire_upgraded":0,"win_rate":0.0,"timestamp":1608876845,"path_taken":["M","M","M","M","M","E","M","E"],"items_purchased_type":[],"build_version":"2020-12-22","purchased_purges":0,"victory":false,"max_hp_per_floor":[80,80,80,80,80,80,80,80,80],"card_choices":[{"not_picked":[],"picked":"Bomb","floor":0},{"not_picked":["maniac:FindAShortcut","maniac:Assassinate"],"picked":"maniac:UndyingDesire","floor":1},{"not_picked":["maniac:SpectralKnives","maniac:Confront"],"picked":"maniac:FanTheHammer","floor":2},{"not_picked":["maniac:Intimidate","maniac:Blastwave"],"picked":"maniac:WardAndDefend","floor":3},{"not_picked":["maniac:ShiftingShadows","maniac:DashForward"],"picked":"maniac:BladesInCloak","floor":4},{"not_picked":["maniac:MeleeStrike","maniac:ListenToNone"],"picked":"maniac:ObscuredAttack","floor":6},{"not_picked":["maniac:Retrospect","maniac:SecretBackups"],"picked":"maniac:BladeEnd","floor":7}],"player_experience":105163,"relics_obtained":[{"floor":1,"key":"LetterFromLob"},{"floor":6,"key":"Matryoshka"}],"event_choices":[],"is_beta":false,"boss_relics":[],"items_purged_floors":[],"is_endless":false,"potions_floor_spawned":[1,6],"killed_by":"Gremlin Nob","ascension_level":0}}