{"host":"odz7g4gpgch153rb","time":1608922238,"event":{"mods":["AchievementEnabler","BaseMod","Better Match","Better Third Choice","BetterRewards","GifTheSpireLib","Infinite Spire","Jedi Mod","Minty Spire (QoL Compilation)","Quick Restart","Replay The Spire","Spikes Relics","StSLib","Stuff the Spire","The Blue Laboratory","Trackpad"],"gold_per_floor":[111,0,75,75,0,32,32,32,113,130,149,169,169,69,69,150,150,165,19,40,40,40,40,40,65,65,65,169,169,169,169],"floor_reached":30,"playtime":1289,"items_purged":["Strike_B","Strike_B"],"score":427,"play_id":"6c48e4c9-eed5-4f2f-a54a-4a68c52a13dd","local_time":"20201225135038","is_ascension_mode":true,"campfire_choices":[{"data":"jedi:locknload","floor":8.0,"key":"SMITH"},{"floor":13.0,"key":"REST"},{"data":"Zap","floor":15.0,"key":"SMITH"},{"data":"Defragment","floor":24,"key":"SMITH"},{"floor":27,"key":"REST"}],"circlet_count":0,"master_deck":["AscendersBane","Strike_B","Defend_B","Defend_B","Defend_B","Defend_B","Zap+1","Dualcast","Enlightenment+1","Cold Snap","jedi:locknload+1","Chaos","Core Surge","Leap","Defragment+1","jedi:markofdeath","FIFO Queue"],"relics":["Cracked Core","NeowsBlessing","Replay:Antivirus Software","Oddly Smooth Stone","infinitespire:Midas Blood","MutagenicStrength","infinitespire:Beetle Shell","jedi:ominousloannote","Divine Protection"],"acts_visited":["Exordium","TheCity"],"potions_floor_usage":[],"damage_taken":[{"damage":0.0,"enemies":"Jaw Worm","floor":1.0,"turns":1.0},{"damage":0.0,"enemies":"3 Sentries","floor":6.0,"turns":1.0},{"damage":0.0,"enemies":"2 Louse","floor":10.0,"turns":1.0},{"damage":4.0,"enemies":"Small Slimes","floor":11.0,"turns":3.0},{"damage":22.0,"enemies":"3 Louse","floor":12.0,"turns":2.0},{"damage":32.0,"enemies":"Slime Boss","floor":16.0,"turns":8.0},{"damage":0.0,"enemies":"Chosen","floor":18.0,"turns":4.0},{"damage":31.0,"enemies":"2 Thieves","floor":20.0,"turns":4.0},{"damage":29,"enemies":"Centurion and Healer","floor":25,"turns":6},{"damage":19,"enemies":"Shelled Parasite and Fungi","floor":29,"turns":5},{"damage":12,"enemies":"Sentry and Sphere","floor":30,"turns":3}],"seed_played":"9211999082670614441","potions_obtained":[{"floor":1.0,"key":"CultistPotion"},{"floor":10.0,"key":"blueLaboratory:LouseDecoction"},{"floor":11.0,"key":"blueLaboratory:CreativityPotion"}],"is_trial":false,"path_per_floor":["M","?","?","?","$","E","?","R","T","M","M","M","R","$","R","B",null,"M","$","M","?","?","?","R","M","T","R","$","M","M"],"character_chosen":"DEFECT","items_purchased":["Defragment","jedi:markofdeath","jedi:ominousloannote","Divine Protection","FIFO Queue"],"campfire_rested":2,"item_purchase_floors":[19,19,28,28,28],"current_hp_per_floor":[64,70,59,52,52,52,52,52,52,52,48,26,49,49,49,17,62,62,62,31,31,31,31,31,2,2,25,25,6,0,0],"gold":169,"neow_bonus":"THREE_ENEMY_KILL","is_daily":false,"chose_seed":false,"campfire_upgraded":3,"win_rate":0.0,"timestamp":1608922238,"path_taken":["M","?","?","?","?","E","?","R","T","M","?","M","R","$","R","BOSS","M","$","M","?","?","?","R","M","T","R","?","M","?"],"items_purchased_type":["Card","Card","Relic","Relic","Card"],"build_version":"2020-12-22","purchased_purges":2,"victory":false,"max_hp_per_floor":[71,77,77,77,77,77,77,77,77,77,77,77,77,77,77,77,77,77,77,77,77,77,77,77,77,77,77,77,77,77,77],"card_choices":[{"not_picked":["StuffTheSpire:LoadUp","Panic Button","Storm"],"picked":"SKIP","floor":1.0},{"not_picked":["Go for the Eyes","Scrape"],"picked":"Cold Snap","floor":6.0},{"not_picked":["Crystallizer","Beam Cell"],"picked":"Chaos","floor":10.0},{"not_picked":["BasicCrystalCard","Streamline","Time Bomb"],"picked":"SKIP","floor":11.0},{"not_picked":["ReplayTheSpireMod:Calculation Training","ReplayTheSpireMod:System Scan","Turbo"],"picked":"SKIP","floor":12.0},{"not_picked":["ReplayTheSpireMod:Calculation Training","ReplayTheSpireMod:System Scan","Turbo"],"picked":"SKIP","floor":12.0},{"not_picked":["jedi:studyfrost","Buffer"],"picked":"Core Surge","floor":16.0},{"not_picked":["Genetic Algorithm","Compile Driver"],"picked":"Leap","floor":18.0},{"not_picked":["Beam Cell","Rip and Tear","jedi:BurstFrost"],"picked":"SKIP","floor":20},{"not_picked":["Reinforced Body+1","Go for the Eyes","ReplayGash+1"],"picked":"SKIP","floor":25},{"not_picked":["jedi:BurstFrost","Beam Cell","Go for the Eyes"],"picked":"SKIP","floor":29}],"player_experience":936047,"relics_obtained":[{"floor":6.0,"key":"Oddly Smooth Stone"},{"floor":9.0,"key":"infinitespire:Midas Blood"},{"floor":26,"key":"infinitespire:Beetle Shell"}],"event_choices":[{"damage_healed":0.0,"max_hp_gain":0.0,"max_hp_loss":0.0,"gold_gain":0.0,"event_name":"betterThird:BetterSerpent","player_choice":"RENOUNCE","floor":2.0,"gold_loss":111.0,"damage_taken":111.0,"cards_obtained":["Enlightenment"]},{"damage_healed":0.0,"max_hp_gain":0.0,"max_hp_loss":0.0,"gold_gain":75.0,"event_name":"betterThird:BetterGoop","player_choice":"Gold","floor":3.0,"gold_loss":0.0,"damage_taken":11.0},{"damage_healed":0.0,"max_hp_gain":0.0,"max_hp_loss":0.0,"gold_gain":0.0,"event_name":"betterThird:BetterScrap","player_choice":"Relic ","floor":4.0,"gold_loss":0.0,"damage_taken":7.0,"cards_obtained":["StuffTheSpire:Sprint"]},{"damage_healed":0.0,"max_hp_gain":0.0,"max_hp_loss":0.0,"gold_gain":0.0,"cards_transformed":["Strike_B"],"event_name":"Transmorgrifier","player_choice":"Transformed","floor":7.0,"gold_loss":0.0,"damage_taken":0.0,"cards_obtained":["jedi:locknload"]},{"damage_healed":0,"gold_gain":0,"player_choice":"Inject Mutagens","damage_taken":0,"relics_obtained":["MutagenicStrength"],"max_hp_gain":0,"max_hp_loss":0,"event_name":"Drug Dealer","floor":21,"gold_loss":0},{"damage_healed":0,"gold_gain":0,"player_choice":"Serpent","damage_taken":0,"max_hp_gain":0,"max_hp_loss":0,"event_name":"BanditSerpent","floor":22,"gold_loss":0}],"is_beta":false,"boss_relics":[{"not_picked":["Kintsugi","trackpad:Coffee","Replay:Drink Me"]}],"items_purged_floors":[5,14],"is_endless":false,"potions_floor_spawned":[1,10,11,20],"killed_by":"Sentry and Sphere","ascension_level":14}}