{"host":"6he3f0ic6yesrium","time":1608868359,"event":{"mods":["BaseMod","Colored Map","Downfall","Minty Spire (QoL Compilation)","StSLib"],"gold_per_floor":[99,119,136,149,149,160,160,179,210,210,230,230,241,241,258,354,354,354,354,368,368,381,381,453,453,453,453],"floor_reached":25,"playtime":1152,"items_purged":[],"score":294,"play_id":"43762128-79b5-41ad-97b5-87bcd3ee707c","local_time":"20201224225239","is_ascension_mode":true,"campfire_choices":[{"data":"champ:Taunt","floor":1,"key":"SMITH"},{"data":"champ:RecklessLeap","floor":12,"key":"SMITH"},{"data":"champ:SkillfulDodge","floor":18,"key":"SMITH"}],"circlet_count":0,"master_deck":["champ:Strike","champ:Strike","champ:Strike","champ:Defend","champ:Defend","champ:Defend","champ:Defend","champ:Execute","champ:Taunt+1","champ:FalseCounter+1","champ:AdrenalArmor","champ:Backstep","champ:RisingSlash","champ:RecklessLeap+1","champ:Encircle","champ:ShieldSigil","champ:SkillfulDodge+1","champ:LastStand","champ:ShieldSlam","champ:DefensiveStyle","champ:StanceDance+1","champ:RapidStrikes+1"],"relics":["champ:ChampionCrown","Bag of Marbles","White Beast Statue","Sozu","Sundial"],"acts_visited":["Exordium","TheCity"],"potions_floor_usage":[9,9,15,16,20,22],"damage_taken":[{"damage":10,"enemies":"Cultist","floor":2,"turns":4},{"damage":5,"enemies":"2 Louse","floor":3,"turns":3},{"damage":14,"enemies":"Jaw Worm","floor":4,"turns":5},{"damage":27,"enemies":"Large Slime","floor":6,"turns":8},{"damage":22,"enemies":"Gremlin Gang","floor":8,"turns":5},{"damage":22,"enemies":"Gremlin Nob","floor":9,"turns":3},{"damage":25,"enemies":"Exordium Wildlife","floor":11,"turns":3},{"damage":15,"enemies":"2 Fungi Beasts","floor":13,"turns":4},{"damage":51,"enemies":"Lots of Slimes","floor":15,"turns":5},{"damage":29,"enemies":"downfall:Defect","floor":16,"turns":4},{"damage":0,"enemies":"Chosen","floor":19,"turns":1},{"damage":40,"enemies":"3 Byrds","floor":20,"turns":4},{"damage":27,"enemies":"Snecko","floor":22,"turns":5},{"damage":64,"enemies":"Chosen and Byrds","floor":25,"turns":6}],"seed_played":"-4879998739106572102","potions_obtained":[{"floor":2,"key":"SteroidPotion"},{"floor":4,"key":"SteroidPotion"},{"floor":11,"key":"GamblersBrew"},{"floor":13,"key":"Swift Potion"},{"floor":15,"key":"DistilledChaos"},{"floor":16,"key":"AttackPotion"}],"is_trial":false,"path_per_floor":["R","M","M","M","?","M","T","M","E","?","M","R","M","?","M","B",null,"R","M","M","?","M","?","T","M"],"character_chosen":"THE_CHAMP","items_purchased":[],"campfire_rested":0,"item_purchase_floors":[],"current_hp_per_floor":[99,94,89,84,84,71,71,61,61,61,61,61,55,55,35,35,99,99,99,83,83,78,58,58,0,0,0],"gold":453,"neow_bonus":"TEN_PERCENT_HP_BONUS","is_daily":false,"chose_seed":false,"campfire_upgraded":3,"win_rate":0.0,"timestamp":1608868359,"path_taken":["R","M","M","M","?","M","T","M","E","?","?","R","M","?","M","BOSS","R","M","M","?","?","?","T","M"],"items_purchased_type":[],"build_version":"2020-12-22","purchased_purges":0,"victory":false,"max_hp_per_floor":[99,99,99,99,99,99,99,99,99,99,99,99,99,99,99,99,99,99,99,99,99,99,104,104,104,104,104],"card_choices":[{"not_picked":["champ:RageSigil","champ:Haymaker"],"picked":"champ:FalseCounter","floor":2},{"not_picked":["champ:BladeFlurry","champ:CheapShot"],"picked":"champ:AdrenalArmor","floor":3},{"not_picked":["champ:ViciousMockery","champ:Balance"],"picked":"champ:Backstep","floor":4},{"not_picked":["champ:BerserkersShout","champ:Balance"],"picked":"champ:RisingSlash","floor":6},{"not_picked":["champ:CrookedStrike","champ:DeathBlow"],"picked":"champ:RecklessLeap","floor":8},{"not_picked":["champ:TornadoPunch","champ:AdrenalArmor"],"picked":"champ:Encircle","floor":9},{"not_picked":["champ:FanOfKnives","champ:Haymaker"],"picked":"champ:ShieldSigil","floor":11},{"not_picked":["champ:Aggression","champ:Haymaker"],"picked":"champ:SkillfulDodge","floor":13},{"not_picked":["champ:EndlessRage","champ:BerserkersShout"],"picked":"champ:LastStand","floor":15},{"not_picked":["champ:CrownThrow","champ:SwordThrow"],"picked":"champ:ShieldSlam","floor":16},{"not_picked":["champ:FocusedBerserking+1","champ:Lariat"],"picked":"champ:DefensiveStyle","floor":19},{"not_picked":["champ:GutPunch","champ:FlashCut"],"picked":"champ:StanceDance","floor":20},{"not_picked":["champ:BerserkersShout","champ:HeartStrike"],"picked":"champ:RapidStrikes+1","floor":22}],"player_experience":272657,"relics_obtained":[{"floor":7,"key":"Bag of Marbles"},{"floor":9,"key":"White Beast Statue"},{"floor":24,"key":"Sundial"}],"event_choices":[{"damage_healed":0,"gold_gain":0,"player_choice":"Grow","damage_taken":0,"max_hp_gain":0,"max_hp_loss":0,"event_name":"Living Wall","floor":5,"gold_loss":0,"cards_upgraded":["champ:FalseCounter"]},{"cards_removed":["champ:Strike"],"damage_healed":0,"gold_gain":0,"player_choice":"Purged","damage_taken":0,"max_hp_gain":0,"max_hp_loss":0,"event_name":"Purifier","floor":10,"gold_loss":0},{"damage_healed":0,"gold_gain":0,"player_choice":"Forge","damage_taken":0,"max_hp_gain":0,"max_hp_loss":0,"event_name":"Accursed Blacksmith","floor":21,"gold_loss":0,"cards_upgraded":["champ:StanceDance"]}],"is_beta":false,"boss_relics":[{"not_picked":["Runic Dome","Black Star"],"picked":"Sozu"}],"items_purged_floors":[],"is_endless":false,"potions_floor_spawned":[2,4,11,13,15,16,19,20,22],"killed_by":"Chosen and Byrds","ascension_level":1}}