{"host":"bq4pt811tk9yrmjl","time":1608858988,"event":{"mods":["AchievementEnabler","BaseMod","Colored Map","Colored Powertips","Defuse TimeMaze Blight","Minty Spire (QoL Compilation)","StSLib","SuperFastMode","UnlockEverythingMod"],"gold_per_floor":[117,95,114,114,114,114,140,140,140,154,189,209,229,240,240,342,342,357,374,374,374,374],"floor_reached":21,"playtime":346,"items_purged":[],"score":279,"play_id":"f232343c-1d54-42e1-a774-bb7d2593358d","local_time":"20201224231628","is_ascension_mode":true,"campfire_choices":[{"data":"Dualcast","floor":6,"key":"SMITH"},{"data":"Streamline","floor":8,"key":"SMITH"},{"floor":15,"key":"REST"}],"circlet_count":0,"master_deck":["Strike_B","Strike_B","Defend_B","Defend_B","Defend_B","Defend_B","Zap+1","Dualcast+1","Gash","Conserve Battery","Leap","Streamline+1","Gash","Loop","Reinforced Body","Ball Lightning","Seek","Scrape+1"],"relics":["Cracked Core","NeowsBlessing","Ancient Tea Set","Omamori","The Courier","Empty Cage","MutagenicStrength"],"acts_visited":["Exordium","TheCity"],"potions_floor_usage":[11,13,16],"damage_taken":[{"damage":0,"enemies":"Cultist","floor":1,"turns":1},{"damage":0,"enemies":"2 Louse","floor":3,"turns":1},{"damage":0,"enemies":"Gremlin Nob","floor":7,"turns":1},{"damage":0,"enemies":"Small Slimes","floor":10,"turns":3},{"damage":23,"enemies":"Lagavulin","floor":11,"turns":5},{"damage":2,"enemies":"2 Fungi Beasts","floor":12,"turns":2},{"damage":5,"enemies":"Lots of Slimes","floor":13,"turns":3},{"damage":0,"enemies":"Large Slime","floor":14,"turns":4},{"damage":0,"enemies":"Slime Boss","floor":16,"turns":7},{"damage":5,"enemies":"Spheric Guardian","floor":18,"turns":4},{"damage":17,"enemies":"3 Byrds","floor":19,"turns":5},{"damage":10,"enemies":"Shelled Parasite and Fungi","floor":21,"turns":3}],"seed_played":"-297226520787443889","potions_obtained":[{"floor":1,"key":"Ancient Potion"},{"floor":11,"key":"Strength Potion"},{"floor":12,"key":"Fire Potion"},{"floor":13,"key":"Energy Potion"},{"floor":19,"key":"Ancient Potion"}],"is_trial":false,"path_per_floor":["M","$","M","T","?","R","E","R","T","M","E","M","M","M","R","B",null,"M","M","?","M"],"character_chosen":"DEFECT","items_purchased":["Conserve Battery"],"campfire_rested":1,"item_purchase_floors":[2],"current_hp_per_floor":[75,75,75,75,75,75,75,75,75,75,52,50,45,45,67,67,75,70,53,53,43,43],"gold":374,"neow_bonus":"THREE_ENEMY_KILL","is_daily":false,"chose_seed":false,"campfire_upgraded":2,"win_rate":0.0,"timestamp":1608858988,"path_taken":["M","$","M","?","?","R","E","R","T","?","E","?","M","M","R","BOSS","M","M","?","M"],"items_purchased_type":["Card"],"build_version":"2020-12-22","purchased_purges":0,"victory":false,"max_hp_per_floor":[75,75,75,75,75,75,75,75,75,75,75,75,75,75,75,75,75,75,75,75,75,75],"card_choices":[{"not_picked":["Fusion","Force Field"],"picked":"Gash","floor":1},{"not_picked":["Hologram","Darkness"],"picked":"Leap","floor":3},{"not_picked":["Biased Cognition","Force Field"],"picked":"Streamline","floor":7},{"not_picked":["Rebound","Force Field"],"picked":"Gash","floor":10},{"not_picked":["Biased Cognition","Sweeping Beam"],"picked":"Loop","floor":11},{"not_picked":["Coolheaded","Hello World"],"picked":"Reinforced Body","floor":12},{"not_picked":["Genetic Algorithm","Scrape","Storm"],"picked":"SKIP","floor":13},{"not_picked":["Beam Cell","Steam"],"picked":"Ball Lightning","floor":14},{"not_picked":["Buffer","Thunder Strike"],"picked":"Seek","floor":16},{"not_picked":["Reinforced Body","Steam","Chaos"],"picked":"SKIP","floor":18},{"not_picked":["Chill","Doom and Gloom"],"picked":"Scrape+1","floor":19}],"player_experience":107734,"relics_obtained":[{"floor":7,"key":"Ancient Tea Set"},{"floor":9,"key":"Omamori"},{"floor":11,"key":"The Courier"}],"event_choices":[{"damage_healed":0,"gold_gain":0,"player_choice":"Upgraded","damage_taken":0,"max_hp_gain":0,"max_hp_loss":0,"event_name":"Upgrade Shrine","floor":5,"gold_loss":0,"cards_upgraded":["Zap"]},{"damage_healed":0,"gold_gain":0,"player_choice":"Inject Mutagens","damage_taken":0,"relics_obtained":["MutagenicStrength"],"max_hp_gain":0,"max_hp_loss":0,"event_name":"Drug Dealer","floor":20,"gold_loss":0}],"is_beta":false,"boss_relics":[{"not_picked":["Inserter","FrozenCore"],"picked":"Empty Cage"}],"items_purged_floors":[],"is_endless":false,"potions_floor_spawned":[1,11,12,13,19],"killed_by":"Shelled Parasite and Fungi","ascension_level":1}}