{"host":"9ndbo4kgsfoemf7y","time":1608859878,"event":{"mods":["AchievementEnabler","BaseMod","Colored Map","DeckTracker","Keyboard Shortcuts","Minty Spire (QoL Compilation)","Permanent Neow","Quick Restart","Relic Stats","StSLib","SuperFastMode"],"gold_per_floor":[112,112,112,129,147,147,147],"floor_reached":6,"playtime":114,"items_purged":[],"score":70,"play_id":"a7176b28-5dd5-45c0-99fc-e46d8ed3a00d","local_time":"20201225103118","is_ascension_mode":true,"campfire_choices":[],"circlet_count":0,"master_deck":["AscendersBane","Strike_G","Strike_G","Strike_G","Strike_G","Defend_G","Defend_G","Defend_G","Defend_G","Survivor","Neutralize","Masterful Stab","Catalyst","Backflip","Crippling Poison","Prepared"],"relics":["Ring of the Snake","Matryoshka","Omamori","Ginger"],"acts_visited":["Exordium"],"potions_floor_usage":[],"damage_taken":[{"damage":0,"enemies":"Small Slimes","floor":1,"turns":3},{"damage":2,"enemies":"Jaw Worm","floor":4,"turns":4},{"damage":6,"enemies":"2 Louse","floor":5,"turns":3},{"damage":29,"enemies":"Gremlin Nob","floor":6,"turns":3}],"seed_played":"-5531674074066859441","potions_obtained":[],"is_trial":false,"path_per_floor":["M","?","T","M","M","E"],"character_chosen":"THE_SILENT","items_purchased":[],"campfire_rested":0,"item_purchase_floors":[],"current_hp_per_floor":[44,18,18,16,10,0,0],"gold":147,"neow_bonus":"TRANSFORM_TWO_CARDS","is_daily":false,"chose_seed":false,"campfire_upgraded":0,"win_rate":0.0,"timestamp":1608859878,"path_taken":["M","?","?","M","M","E"],"items_purchased_type":[],"build_version":"2020-12-22","purchased_purges":0,"victory":false,"max_hp_per_floor":[66,66,66,66,66,66,66],"relic_stats":{"counters":[4,13],"Ginger":[2],"obtain_stats":[{"Matryoshka":2,"Omamori":3,"Ginger":3,"Ring of the Snake":0},{"Matryoshka":1,"Omamori":1,"Ginger":1,"Ring of the Snake":0},{"Matryoshka":3,"Omamori":3,"Ginger":3,"Ring of the Snake":0}],"Ring of the Snake":[8]},"card_choices":[{"not_picked":["Outmaneuver","Flying Knee"],"picked":"Backflip","floor":1},{"not_picked":["Dagger Throw","Quick Slash"],"picked":"Crippling Poison","floor":4},{"not_picked":["Riddle With Holes","Acrobatics"],"picked":"Prepared","floor":5}],"player_experience":740426,"relics_obtained":[{"floor":3,"key":"Omamori"},{"floor":3,"key":"Ginger"}],"event_choices":[{"damage_healed":0,"gold_gain":0,"player_choice":"Success","damage_taken":26,"relics_obtained":["Matryoshka"],"max_hp_gain":0,"max_hp_loss":0,"event_name":"Scrap Ooze","floor":2,"gold_loss":0}],"is_beta":false,"boss_relics":[],"items_purged_floors":[],"is_endless":false,"potions_floor_spawned":[],"killed_by":"Gremlin Nob","ascension_level":19}}