{"host":"bnvydzxv0mtigk43","time":1608940643,"event":{"mods":["BaseMod","Colored Map","Downfall","Highlight Path","Minty Spire (QoL Compilation)","Permanent Neow","Relic Stats","StSLib","The Blackbeard"],"gold_per_floor":[99,99,84,100,116,129,179,86,106,121,46,95,95,109,125,125,125,125],"floor_reached":16,"playtime":808,"items_purged":[],"score":94,"play_id":"0a12e912-631e-4e15-8c0c-79581a44d3ef","local_time":"20201226005723","is_ascension_mode":false,"campfire_choices":[{"floor":1,"key":"RECALL"},{"data":"champ:Taunt","floor":11,"key":"SMITH"},{"data":"expansioncontent:TimeRipple","floor":13,"key":"SMITH"}],"circlet_count":0,"master_deck":["champ:Strike","champ:Strike","champ:Strike","champ:Strike","champ:Defend","champ:Defend","champ:Defend","champ:Execute","champ:Taunt+1","expansioncontent:TimeRipple+1","champ:AdrenalArmor","champ:AdrenalArmor","champ:GutPunch","champ:BringItOn","champ:HeartStrike","champ:StanceDance"],"relics":["champ:ChampionCrown","Potion Belt","downfall:HeartBlessingRed","Juzu Bracelet"],"acts_visited":["Exordium"],"potions_floor_usage":[16,16,16],"damage_taken":[{"damage":10,"enemies":"downfall:FleeingMerchant","floor":3,"turns":4},{"damage":5,"enemies":"Small Slimes","floor":4,"turns":3},{"damage":9,"enemies":"Cultist","floor":5,"turns":4},{"damage":21,"enemies":"Jaw Worm","floor":6,"turns":4},{"damage":19,"enemies":"downfall:FleeingMerchant","floor":8,"turns":4},{"damage":43,"enemies":"Gremlin Gang","floor":9,"turns":4},{"damage":0,"enemies":"3 Louse","floor":10,"turns":1},{"damage":14,"enemies":"Lots of Slimes","floor":14,"turns":3},{"damage":7,"enemies":"Exordium Wildlife","floor":15,"turns":4},{"damage":24,"enemies":"downfall:Silent","floor":16,"turns":4}],"seed_played":"-7377885890320403239","potions_obtained":[{"floor":5,"key":"Guardian:BlockOnCardUsePotion"},{"floor":10,"key":"AttackPotion"},{"floor":15,"key":"BlessingOfTheForge"}],"is_trial":false,"path_per_floor":["R","?","$","M","M","M","T","$","M","M","R","T","R","M","M","B"],"character_chosen":"THE_CHAMP","items_purchased":["champ:HeartStrike"],"campfire_rested":0,"item_purchase_floors":[8],"current_hp_per_floor":[90,90,90,89,82,70,70,70,34,34,34,34,34,25,22,0,0,0],"gold":125,"neow_bonus":"RANDOM_COLORLESS","is_daily":false,"chose_seed":false,"campfire_upgraded":2,"win_rate":0.0,"timestamp":1608940643,"path_taken":["R","?","?","?","M","M","T","$","M","M","R","?","R","M","M","BOSS"],"items_purchased_type":["Card"],"build_version":"2020-12-22","purchased_purges":0,"victory":false,"max_hp_per_floor":[90,90,90,90,90,90,90,90,90,90,90,90,90,90,90,90,90],"relic_stats":{"counters":[10,35],"Juzu Bracelet":0,"obtain_stats":[{"Potion Belt":7,"downfall:HeartBlessingRed":11,"champ:ChampionCrown":0,"Juzu Bracelet":12},{"Potion Belt":4,"downfall:HeartBlessingRed":7,"champ:ChampionCrown":0,"Juzu Bracelet":7},{"Potion Belt":15,"downfall:HeartBlessingRed":24,"champ:ChampionCrown":0,"Juzu Bracelet":24}]},"card_choices":[{"not_picked":["Flash of Steel","expansioncontent:GuardianWhirl"],"picked":"expansioncontent:TimeRipple","floor":0},{"not_picked":["champ:EndlessRage","champ:HeavySlash"],"picked":"champ:AdrenalArmor","floor":3},{"not_picked":["champ:BringItOn","champ:TornadoPunch","champ:RisingSlash"],"picked":"SKIP","floor":4},{"not_picked":["champ:BringItOn","champ:FocusedGladiator"],"picked":"champ:AdrenalArmor","floor":5},{"not_picked":["champ:TornadoPunch","champ:CrookedStrike"],"picked":"champ:GutPunch","floor":6},{"not_picked":["champ:Haymaker","champ:FlashCut"],"picked":"champ:BringItOn","floor":8},{"not_picked":["champ:DefensiveShout","champ:HeartStrike","champ:Lariat"],"picked":"SKIP","floor":9},{"not_picked":["champ:FocusedDefense","champ:FocusedBerserking","champ:EnGarde"],"picked":"SKIP","floor":10},{"not_picked":["champ:BringItOn","champ:DefensiveShout"],"picked":"champ:StanceDance","floor":14},{"not_picked":["champ:ViciousMockery","champ:FaceSlap","champ:BerserkersShout"],"picked":"SKIP","floor":15}],"player_experience":543724,"relics_obtained":[{"floor":7,"key":"Potion Belt"},{"floor":12,"key":"Juzu Bracelet"}],"event_choices":[{"cards_removed":["champ:Defend"],"damage_healed":0,"gold_gain":0,"player_choice":"Purged","damage_taken":0,"max_hp_gain":0,"max_hp_loss":0,"event_name":"Purifier","floor":2,"gold_loss":0}],"is_beta":false,"boss_relics":[],"items_purged_floors":[],"is_endless":false,"potions_floor_spawned":[5,10,15],"killed_by":"downfall:Silent","ascension_level":0}}