{"host":"g7xvyycavwkoojg3","time":1608864521,"event":{"mods":["Astrologer","BaseMod","Challenge The Spire","Exacting","GifTheSpireLib","HexUI Lib","Marisa????????","Minty Spire (QoL Compilation)","Replay The Spire","Shop Mod","StSLib","The Animator","The Bug Knight","The Hierophant","The Necromancer","The Runesmith"],"gold_per_floor":[125,30,46,78,78,78,117,117,117,150,163,163,163,194,194,325,325,361,386,311,327,348,379,393,413,413,438,462,491,491,491],"floor_reached":30,"playtime":1832,"items_purged":[],"score":268,"play_id":"356fe5f4-9e63-4670-a4be-59b2751106bd","local_time":"20201224214841","daily_mods":["Draft"],"is_ascension_mode":false,"campfire_choices":[{"data":"Inflame","floor":6,"key":"SMITH"},{"floor":8,"key":"REST"},{"data":"Fire Breathing","floor":13,"key":"SMITH"},{"data":"Offering","floor":15,"key":"SMITH"}],"circlet_count":0,"master_deck":["Infernal Blade","Wild Strike","Armaments","Wild Strike","Flame Barrier","Power Through","Life Link","Heavy Blade","Headbutt+1","Shrug It Off","Ghostly Armor","Anger","Combust","Power Through","Inflame+1","Fire Breathing+1","Warcry","Whirlwind+1","ReplayTheSpireMod:Muscle Training","Injury","Offering+1","Anger","Reckless Charge","Feed","Anger","Battle Trance","Infernal Blade","Power Through","ReplayTheSpireMod:Corrosion Curse","ReplayTheSpireMod:Corrosion Curse","Iron Wave+1","Fire Breathing","Run Through"],"relics":["Burning Blood","Golden Idol","Whetstone","Divine Protection","Bottled Flame","Painkiller Herb","Juzu Bracelet","Tiny Chest"],"acts_visited":["Exordium","TheCity"],"potions_floor_usage":[23,27,28,29],"damage_taken":[{"damage":1,"enemies":"2 Louse","floor":1,"turns":2},{"damage":0,"enemies":"Jaw Worm","floor":3,"turns":3},{"damage":1,"enemies":"Small Slimes","floor":4,"turns":5},{"damage":21,"enemies":"3 Sentries","floor":7,"turns":5},{"damage":10,"enemies":"Gremlin Nob","floor":10,"turns":4},{"damage":0,"enemies":"2 Fungi Beasts","floor":11,"turns":3},{"damage":2,"enemies":"Lots of Slimes","floor":14,"turns":2},{"damage":51,"enemies":"The Guardian","floor":16,"turns":6},{"damage":32,"enemies":"Spheric Guardian","floor":18,"turns":5},{"damage":3,"enemies":"Chosen","floor":19,"turns":3},{"damage":18,"enemies":"Snake Plant","floor":21,"turns":3},{"damage":20,"enemies":"Cultist and Chosen","floor":22,"turns":3},{"damage":7,"enemies":"Gremlin Leader","floor":23,"turns":3},{"damage":0,"enemies":"Centurion and Healer","floor":24,"turns":4},{"damage":27,"enemies":"Snecko","floor":25,"turns":4},{"damage":18,"enemies":"Snake Plant","floor":27,"turns":4},{"damage":6,"enemies":"3 Cultists","floor":28,"turns":5},{"damage":26,"enemies":"Snecko","floor":29,"turns":6},{"damage":36,"enemies":"Shelled Parasite and Fungi","floor":30,"turns":4}],"seed_played":"-3696717671420561176","potions_obtained":[{"floor":1,"key":"BloodPotion"},{"floor":3,"key":"Death Potion"},{"floor":10,"key":"BloodPotion"},{"floor":19,"key":"Fire Potion"},{"floor":21,"key":"Toxic Potion"},{"floor":25,"key":"BlessingOfTheForge"},{"floor":28,"key":"SteroidPotion"}],"is_trial":true,"path_per_floor":["M","$","M","M","?","R","E","R","T","E","M","?","R","M","R","B",null,"?","?","?","?","?","E","?","?","T","?","?","?","?"],"character_chosen":"IRONCLAD","items_purchased":["Fire Breathing","Warcry"],"campfire_rested":1,"item_purchase_floors":[2,2],"current_hp_per_floor":[80,80,80,80,80,80,65,80,80,76,80,85,85,85,85,40,85,59,62,62,50,36,52,61,40,40,48,51,31,0,0],"gold":491,"neow_bonus":"","is_daily":false,"chose_seed":false,"campfire_upgraded":3,"win_rate":0.0,"timestamp":1608864521,"path_taken":["M","$","M","M","?","R","E","R","T","E","M","?","R","M","R","BOSS","?","?","?","?","?","E","?","?","T","?","?","?","?"],"items_purchased_type":["Card","Card"],"build_version":"2020-12-22","purchased_purges":0,"victory":false,"max_hp_per_floor":[80,80,80,80,80,80,80,80,80,80,80,85,85,85,85,85,85,85,85,85,85,85,85,88,88,88,91,94,94,94,94],"card_choices":[{"not_picked":["Rupture","Body Slam"],"picked":"Infernal Blade","floor":0},{"not_picked":["Sword Boomerang","True Grit"],"picked":"Wild Strike","floor":0},{"not_picked":["Wild Strike","Run Through"],"picked":"Armaments","floor":0},{"not_picked":["Clothesline","Perfected Strike"],"picked":"Headbutt","floor":0},{"not_picked":["Rupture","Armaments"],"picked":"Wild Strike","floor":0},{"not_picked":["Havoc","Pommel Strike"],"picked":"Flame Barrier","floor":0},{"not_picked":["Sever Soul","ReplayTheSpireMod:Limb From Limb"],"picked":"Power Through","floor":0},{"not_picked":["Second Wind","Pommel Strike"],"picked":"Life Link","floor":0},{"not_picked":["Clash","Warcry"],"picked":"Heavy Blade","floor":0},{"not_picked":["Clothesline","Sword Boomerang"],"picked":"Headbutt","floor":0},{"not_picked":["Dropkick","Cleave"],"picked":"Shrug It Off","floor":0},{"not_picked":["Perfected Strike","Wild Strike"],"picked":"Ghostly Armor","floor":0},{"not_picked":["Pommel Strike","Disarm"],"picked":"Anger","floor":0},{"not_picked":["Flex","Sword Boomerang"],"picked":"Combust","floor":0},{"not_picked":["Havoc","Abandon"],"picked":"Power Through","floor":0},{"not_picked":["Replay:Undeath\u0027s Touch","Spot Weakness"],"picked":"Inflame","floor":1},{"not_picked":["Wild Strike","ReplayTheSpireMod:Stacked"],"picked":"Whirlwind","floor":3},{"not_picked":["Pommel Strike","Heavy Blade"],"picked":"ReplayTheSpireMod:Muscle Training","floor":4},{"not_picked":["Clothesline","Reckless Charge"],"picked":"Offering","floor":7},{"not_picked":["Infernal Blade","Abandon"],"picked":"Anger","floor":10},{"not_picked":["Disarm","Uppercut","Clash"],"picked":"SKIP","floor":11},{"not_picked":["Infernal Blade","Pummel"],"picked":"Reckless Charge","floor":14},{"not_picked":["Replay:Many Hands","Corruption"],"picked":"Feed","floor":16},{"not_picked":["ReplayTheSpireMod:LeadingStrike","Second Wind"],"picked":"Anger","floor":18},{"not_picked":["Clothesline","Inflame"],"picked":"Battle Trance","floor":19},{"not_picked":["Havoc","Defy Death"],"picked":"Infernal Blade","floor":21},{"not_picked":["Armaments","Flex"],"picked":"Power Through","floor":22},{"not_picked":["Iron Wave","Burning Pact"],"picked":"ReplayTheSpireMod:Corrosion Curse","floor":23},{"not_picked":["Replay:Undeath\u0027s Touch","True Grit"],"picked":"ReplayTheSpireMod:Corrosion Curse","floor":24},{"not_picked":["Cleave","Pommel Strike"],"picked":"Iron Wave+1","floor":25},{"not_picked":["Clash","Twin Strike+1","True Grit"],"picked":"SKIP","floor":27},{"not_picked":["Feel No Pain+1","Pummel+1"],"picked":"Fire Breathing","floor":28},{"not_picked":["Disarm","Sword Boomerang"],"picked":"Run Through","floor":29}],"player_experience":85261,"relics_obtained":[{"floor":7,"key":"Whetstone"},{"floor":9,"key":"Divine Protection"},{"floor":10,"key":"Bottled Flame"},{"floor":23,"key":"Juzu Bracelet"},{"floor":26,"key":"Tiny Chest"}],"event_choices":[{"damage_healed":0,"gold_gain":0,"player_choice":"Take Wound","damage_taken":0,"relics_obtained":["Golden Idol"],"max_hp_gain":0,"max_hp_loss":0,"event_name":"Golden Idol","floor":5,"gold_loss":0,"cards_obtained":["Injury"]},{"damage_healed":0,"gold_gain":0,"player_choice":"Donut","damage_taken":0,"max_hp_gain":5,"max_hp_loss":0,"event_name":"Big Fish","floor":12,"gold_loss":0},{"cards_removed":["Headbutt"],"damage_healed":0,"gold_gain":0,"player_choice":"Gave Gold","damage_taken":0,"max_hp_gain":0,"max_hp_loss":0,"event_name":"Beggar","floor":20,"gold_loss":75}],"is_beta":false,"boss_relics":[{"not_picked":["Replay:Wanted Poster","Fusion Hammer"],"picked":"Painkiller Herb"}],"items_purged_floors":[],"is_endless":false,"potions_floor_spawned":[1,3,10,11,19,21,23,25,28],"killed_by":"Shelled Parasite and Fungi","ascension_level":0}}