{"host":"gk9qdtkqd8dwfeg2","time":1608901255,"event":{"mods":["Aspiration","BaseMod","Colored Powertips","Minty Spire (QoL Compilation)","Quick Restart","Replay The Spire","Shop Mod","StSLib","TestMod","The Servant 0.9.4","Waifu the Spire","vexMod"],"gold_per_floor":[109,109,34,46,46,46,81,81,81,107,124,124,104,136,136,241,241,256,274,285,63,63,98,98,129,129,160,60,77,88,113,113,216,216,231,231,231,231,246,170,195,213,239,251,251,271,271,286,286,286,286,286,2,30,30],"floor_reached":56,"playtime":6848,"items_purged":["Strike_R","Strike_R"],"score":2029,"play_id":"1e19160e-2a6a-4b0c-8aa3-ce2db7c15c65","local_time":"20201225210055","is_ascension_mode":true,"campfire_choices":[{"data":"Bash","floor":6.0,"key":"SMITH"},{"floor":8.0,"key":"RECALL"},{"data":"Power Through","floor":12.0,"key":"SMITH"},{"data":"Fire Breathing","floor":15.0,"key":"SMITH"},{"data":"Burning Pact","floor":24.0,"key":"SMITH"},{"data":"Barricade","floor":32.0,"key":"SMITH"},{"floor":45,"key":"DIG"},{"floor":47,"key":"DIG"},{"floor":49,"key":"DIG"},{"floor":52,"key":"DIG"}],"circlet_count":0,"master_deck":["Strike_R","Strike_R","Defend_R","Defend_R","Defend_R","Bash+1","Pommel Strike+1","Reckless Charge","Power Through+1","Offering","Fire Breathing+1","Offering","Burning Pact+1","Rampage","Corruption+1","Dark Embrace+1","Barricade+1","Second Wind+1","Shrug It Off","Eclipse","Seeing Red","Immolate","Voices","Decay","CurseOfTheBell","Masterful Stab","Dagger Throw","Draining Mist","Power Through+1","Demon Form+1","Hemogenesis","Body Slam","Replay:Many Hands","Fire Breathing+1","Demon Form"],"relics":["Burning Blood","testmod-TestBox","testmod-ConstraintPeriapt","NeowsBlessing","Orichalcum","Another Sword","vexMod:HeadHunter","Paper Frog","aspiration:PoetsPen","MerchantsRug","Magic Flower","aspiration:Stabinomicon","Pear","Garlic","Replay:Ancient Bell","Replay:Rubber Ducky","aspiration:FrozenJewel","Shovel","vexMod:ScavengeHelm","Centennial Puzzle","Happy Flower","testmod-LifeArmor","Replay:Bottled Snecko","Guide Book","Pocketwatch","Oddly Smooth Stone"],"acts_visited":["Exordium","TheCity","TheBeyond","TheEnding"],"potions_floor_usage":[55,55,55],"damage_taken":[{"damage":0.0,"enemies":"Jaw Worm","floor":1.0,"turns":1.0},{"damage":0.0,"enemies":"Cultist","floor":4.0,"turns":1.0},{"damage":0.0,"enemies":"Gremlin Nob","floor":7.0,"turns":1.0},{"damage":15.0,"enemies":"Lagavulin","floor":10.0,"turns":5.0},{"damage":0.0,"enemies":"Small Slimes","floor":11.0,"turns":2.0},{"damage":0.0,"enemies":"Gremlin Nob","floor":14.0,"turns":2.0},{"damage":6.0,"enemies":"Fading Forest","floor":16.0,"turns":11.0},{"damage":0.0,"enemies":"3 Byrds","floor":18.0,"turns":2.0},{"damage":6.0,"enemies":"Shell Parasite","floor":19.0,"turns":2.0},{"damage":12.0,"enemies":"Cultist and Chosen","floor":20.0,"turns":2.0},{"damage":12.0,"enemies":"Slavers","floor":23.0,"turns":1.0},{"damage":12.0,"enemies":"Book of Stabbing","floor":25.0,"turns":1.0},{"damage":12.0,"enemies":"Gremlin Leader","floor":27.0,"turns":1.0},{"damage":6.0,"enemies":"Snake Plant","floor":29.0,"turns":1.0},{"damage":12.0,"enemies":"3 Cultists","floor":30.0,"turns":3.0},{"damage":27.0,"enemies":"Book of Stabbing","floor":31.0,"turns":2.0},{"damage":12.0,"enemies":"Pondfish","floor":33.0,"turns":4.0},{"damage":12.0,"enemies":"3 Darklings","floor":35.0,"turns":2.0},{"damage":10,"enemies":"3 Shapes","floor":39,"turns":2},{"damage":12,"enemies":"Giant Head","floor":41,"turns":2},{"damage":12,"enemies":"Sphere and 2 Shapes","floor":42,"turns":3},{"damage":6,"enemies":"Maw","floor":44,"turns":2},{"damage":12,"enemies":"4 Shapes","floor":46,"turns":1},{"damage":6,"enemies":"3 Darklings","floor":48,"turns":1},{"damage":20,"enemies":"Donu and Deca","floor":50,"turns":3},{"damage":12,"enemies":"Shield and Spear","floor":54,"turns":3},{"damage":13,"enemies":"The Heart","floor":55,"turns":4}],"seed_played":"-7546902280430200327","potions_obtained":[{"floor":10.0,"key":"Weak Potion"},{"floor":11.0,"key":"SpeedPotion"},{"floor":13.0,"key":"SkillPotion"},{"floor":16.0,"key":"DistilledChaos"},{"floor":23.0,"key":"Swift Potion"},{"floor":30.0,"key":"Elixir"},{"floor":39,"key":"ColorlessPotion"}],"is_trial":false,"path_per_floor":["M","?","$","M","$","R","E","R","T","E","M","R","?","E","R","B",null,"M","M","M","$","?","E","R","E","T","E","$","M","M","E","R","B",null,"M","$","?","T","M","$","E","M","T","M","R","M","R","M","R","B",null,"R","$","E","B",null],"character_chosen":"IRONCLAD","items_purchased":["MerchantsRug","Rampage","Demon Form","Guide Book","Pocketwatch"],"campfire_rested":0,"item_purchase_floors":[21,21,40,53,53],"current_hp_per_floor":[80,80,80,80,80,80,80,80,80,73,80,80,80,80,80,80,80,80,80,80,80,72,69,69,76,76,90,90,90,87,69,69,90,90,89,89,89,89,90,90,90,90,90,90,90,90,90,90,90,85,90,90,90,89,90],"gold":30,"neow_bonus":"THREE_ENEMY_KILL","is_daily":false,"chose_seed":false,"campfire_upgraded":5,"win_rate":0.0,"timestamp":1608901255,"path_taken":["M","?","$","M","$","R","E","R","T","E","?","R","?","E","R","BOSS","M","M","M","?","?","E","R","E","T","E","$","?","M","E","R","BOSS","M","$","?","?","M","$","E","M","T","M","R","M","R","?","R","BOSS","R","$","E","BOSS"],"items_purchased_type":["Relic","Card","Card","Relic","Relic"],"build_version":"2020-12-22","purchased_purges":2,"victory":true,"max_hp_per_floor":[80,80,80,80,80,80,80,80,80,80,80,80,80,80,80,80,80,80,80,80,80,80,80,80,80,80,90,90,90,90,90,90,90,90,90,90,90,90,90,90,90,90,90,90,90,90,90,90,90,90,90,90,90,90,90],"card_choices":[{"not_picked":["Shrug It Off","Havoc"],"picked":"Pommel Strike","floor":1.0},{"not_picked":["Clothesline","Spot Weakness"],"picked":"Reckless Charge","floor":4.0},{"not_picked":["Replay:Undeath\u0027s Touch","Entrench","Rage"],"picked":"SKIP","floor":7.0},{"not_picked":["ReplayTheSpireMod:LeadingStrike","Whirlwind"],"picked":"Power Through","floor":10.0},{"not_picked":["Wild Strike","Intimidate","Brutality"],"picked":"SKIP","floor":11.0},{"not_picked":["Intimidate","Brutality"],"picked":"Wild Strike","floor":11.0},{"not_picked":["Corruption","Replay:Many Hands"],"picked":"Offering","floor":14.0},{"not_picked":["Perfected Strike","Wild Strike"],"picked":"Fire Breathing","floor":14.0},{"not_picked":["Exhume","Reaper"],"picked":"Offering","floor":16.0},{"not_picked":["Cleave","Disarm","Sentinel"],"picked":"SKIP","floor":18.0},{"not_picked":["ReplayTheSpireMod:Strike From Hell+1","Wild Strike","Clash"],"picked":"SKIP","floor":19.0},{"not_picked":["Wild Strike","Body Slam"],"picked":"Burning Pact","floor":20.0},{"not_picked":["Offering","Replay:Many Hands"],"picked":"Corruption","floor":23.0},{"not_picked":["Rage","Havoc"],"picked":"Dark Embrace+1","floor":23.0},{"not_picked":["Replay:Many Hands","Demon Form","Immolate"],"picked":"SKIP","floor":25.0},{"not_picked":["ReplayTheSpireMod:Stacked","Flex","Thunderclap+1"],"picked":"SKIP","floor":25.0},{"not_picked":["Exhume","Corruption"],"picked":"Barricade","floor":27.0},{"not_picked":["Whirlwind","Intimidate","Sever Soul"],"picked":"SKIP","floor":27.0},{"not_picked":["Cleave+1","Rampage"],"picked":"Second Wind+1","floor":29.0},{"not_picked":["ReplayTheSpireMod:Corrosion Curse","Thunderclap+1"],"picked":"Shrug It Off","floor":30.0},{"not_picked":["Limit Break","Juggernaut"],"picked":"Eclipse","floor":31.0},{"not_picked":["Intimidate","Demonic Infusion"],"picked":"Seeing Red","floor":31.0},{"not_picked":["Feed","Offering"],"picked":"Immolate","floor":33.0},{"not_picked":["vexMod:UltimateCard","Regret"],"picked":"Voices","floor":34.0},{"not_picked":["vexMod:UltimateCard","Pain"],"picked":"Decay","floor":34.0},{"not_picked":["Doubt","Delirium"],"picked":"CurseOfTheBell","floor":34.0},{"not_picked":["Thunderclap+1","Wild Strike+1","ReplayTheSpireMod:Limb From Limb+1"],"picked":"SKIP","floor":35.0},{"not_picked":["Sword Boomerang+1","Anger"],"picked":"Power Through+1","floor":39},{"not_picked":["Offering","Replay:Many Hands"],"picked":"Hemogenesis","floor":41},{"not_picked":["Havoc+1","Reckless Charge","Combust+1"],"picked":"SKIP","floor":41},{"not_picked":["Thunderclap+1","ReplayTheSpireMod:Strike From Hell"],"picked":"Body Slam","floor":42},{"not_picked":["Shrug It Off","Pommel Strike+1"],"picked":"Replay:Many Hands","floor":44},{"not_picked":["Rupture+1","Anger+1","Thunderclap+1"],"picked":"SKIP","floor":46},{"not_picked":["Defy Death","Thunderclap"],"picked":"Fire Breathing+1","floor":48},{"not_picked":["Berserk","Juggernaut"],"picked":"Demon Form","floor":54},{"not_picked":["Twin Strike+1","Wild Strike","ReplayTheSpireMod:Strike From Hell"],"picked":"SKIP","floor":54}],"player_experience":559604,"relics_obtained":[{"floor":7.0,"key":"Orichalcum"},{"floor":9.0,"key":"Another Sword"},{"floor":10.0,"key":"vexMod:HeadHunter"},{"floor":14.0,"key":"Paper Frog"},{"floor":23.0,"key":"Magic Flower"},{"floor":25.0,"key":"aspiration:Stabinomicon"},{"floor":27.0,"key":"Pear"},{"floor":31.0,"key":"Garlic"},{"floor":38,"key":"Matryoshka"},{"floor":41,"key":"vexMod:ScavengeHelm"},{"floor":43,"key":"Centennial Puzzle"},{"floor":43,"key":"Happy Flower"},{"floor":45,"key":"Mercury Hourglass"},{"floor":47,"key":"aspiration:HiddenCompartment"},{"floor":49,"key":"testmod-LifeArmor"},{"floor":52,"key":"Replay:Bottled Snecko"},{"floor":54,"key":"Oddly Smooth Stone"}],"event_choices":[{"damage_healed":0.0,"max_hp_gain":0.0,"max_hp_loss":0.0,"gold_gain":0.0,"event_name":"Upgrade Shrine","player_choice":"Upgraded","floor":2.0,"gold_loss":0.0,"damage_taken":0.0,"cards_upgraded":["Pommel Strike"]},{"damage_healed":0.0,"max_hp_gain":0.0,"max_hp_loss":0.0,"gold_gain":0.0,"event_name":"The Woman in Blue","player_choice":"Bought 1 Potion","floor":13.0,"gold_loss":0.0,"damage_taken":0.0},{"damage_healed":0.0,"max_hp_gain":0.0,"max_hp_loss":0.0,"gold_gain":0.0,"event_name":"Wheel of Change","player_choice":"Damaged","floor":22.0,"gold_loss":0.0,"damage_taken":8.0}],"is_beta":false,"boss_relics":[{"not_picked":["Coffee Dripper","testmod-Prudence"],"picked":"aspiration:PoetsPen"},{"not_picked":["vexMod:TanglingVine","Honey Jar"],"picked":"Replay:Ancient Bell"},{"not_picked":["testmod-IndustrialRevolution","Boot"],"picked":"Replay:Rubber Ducky"},{"not_picked":["Snack Pack","Pantograph"],"picked":"aspiration:FrozenJewel"},{"not_picked":["Unceasing Top","Charon\u0027s Ashes"],"picked":"Shovel"}],"items_purged_floors":[3,28],"is_endless":false,"potions_floor_spawned":[10,11,16,19,23,29,30,31,39,41,46],"ascension_level":1}}