{"host":"zh06ha8197vgjo02","time":1608872727,"event":{"mods":["AchievementEnabler","Arknights The Spire","BaseMod","Better Skull","CapriCore","DeckTracker","GifTheSpireLib","Hermit","Koishi","Marisa£¨Ùöéë¡¡Øª×âÞÞ£©","Minty Spire (QoL Compilation)","Reimu£¨ÚÏ???£©","StSLib","SuperFastMode","Td1madao Mod","The Bug Knight","The Cursed","The Dragon Tamer","The Immortal","TheBandit"],"gold_per_floor":[11,31,306,318,331,331,363,376,376,376,376,395,395,57,57,152,152,170,184,184,203,203,203,203,203],"floor_reached":24,"playtime":1378,"items_purged":[],"score":198,"play_id":"e238795f-fdb3-42da-9703-b7a1b4cd8524","local_time":"20201225140527","is_ascension_mode":false,"campfire_choices":[{"data":"HollowMod:FocusHealStart","floor":6,"key":"SMITH"},{"data":"HollowMod:ElderbugsWisdom","floor":10,"key":"SMITH"},{"data":"HollowMod:MantisMark","floor":11,"key":"SMITH"},{"floor":15,"key":"REST"},{"floor":23,"key":"REST"}],"circlet_count":0,"master_deck":["HollowMod:NailStrikeStart","HollowMod:NailStrikeStart","HollowMod:NailStrikeStart","HollowMod:QuickDashStart","HollowMod:QuickDashStart","HollowMod:QuickDashStart","HollowMod:FocusHealStart+1","HollowMod:PogoStrike","HollowMod:HowlingWraiths","HollowMod:GrimmsGift","HollowMod:NewLittleFool","HollowMod:MantisMark+1","HollowMod:ElderbugsWisdom+1","HollowMod:MothsMistake","HollowMod:CornifersMapStart","HollowMod:NewInfectedGuardian","HollowMod:LifebloodCocoon+1","HollowMod:MantisMark","HollowMod:InfectedCysts+1","Necronomicurse"],"relics":["HollowMod:VesselMask","WingedGreaves","ats:Originium","Oddly Smooth Stone","CrazyTorch:ReiMu","HollowMod:StagPassRelic","Empty Cage","Necronomicon"],"acts_visited":["Exordium","TheCity"],"potions_floor_usage":[7,16,21],"damage_taken":[{"damage":1,"enemies":"Jaw Worm","floor":1,"turns":3},{"damage":1,"enemies":"Cultist","floor":2,"turns":3},{"damage":0,"enemies":"2 Louse","floor":4,"turns":3},{"damage":19,"enemies":"Large Slime","floor":5,"turns":9},{"damage":21,"enemies":"Lagavulin","floor":7,"turns":7},{"damage":31,"enemies":"Gremlin Gang","floor":8,"turns":5},{"damage":21,"enemies":"Exordium Thugs","floor":12,"turns":4},{"damage":57,"enemies":"Slime Boss","floor":16,"turns":10},{"damage":48,"enemies":"Shell Parasite","floor":18,"turns":6},{"damage":33,"enemies":"2 Thieves","floor":19,"turns":5},{"damage":16,"enemies":"Shelled Parasite and Fungi","floor":21,"turns":5},{"damage":40,"enemies":"Snake Plant","floor":24,"turns":4}],"seed_played":"2740468679936957643","potions_obtained":[{"floor":4,"key":"Explosive Potion"},{"floor":8,"key":"Fire Potion"},{"floor":16,"key":"FairyPotion"},{"floor":19,"key":"DistilledChaos"},{"floor":21,"key":"Swift Potion"}],"is_trial":false,"path_per_floor":["M","M","?","M","M","R","E","M","T","R","R","M","?","$","R","B",null,"M","M","?","M","?","R","M"],"character_chosen":"THE_BUGKNIGHT","items_purchased":["HollowMod:StagPassRelic","HollowMod:MothsMistake","HollowMod:CornifersMapStart"],"campfire_rested":2,"item_purchase_floors":[14,14,14],"current_hp_per_floor":[74,73,73,75,66,66,55,36,36,36,36,25,25,25,47,2,75,39,16,16,6,12,34,0,0],"gold":203,"neow_bonus":"ONE_RARE_RELIC","is_daily":false,"chose_seed":false,"campfire_upgraded":3,"win_rate":0.0,"timestamp":1608872727,"path_taken":["M","M","?","M","?","R","E","?","T","R","R","M","?","$","R","BOSS","M","M","?","?","?","R","M"],"items_purchased_type":["Relic","Card","Card"],"build_version":"2020-12-22","purchased_purges":0,"victory":false,"max_hp_per_floor":[75,75,75,75,75,75,75,75,75,75,75,75,75,75,75,75,75,75,75,75,75,75,75,75,75],"card_choices":[{"not_picked":["HollowMod:ShadowDash","HollowMod:InfectedCysts"],"picked":"HollowMod:HowlingWraiths","floor":1},{"not_picked":["HollowMod:SharpenedNail","HollowMod:SiblingsSouls"],"picked":"HollowMod:GrimmsGift","floor":2},{"not_picked":["HollowMod:DescendingDark","HollowMod:DoubleDash"],"picked":"HollowMod:NewLittleFool","floor":4},{"not_picked":["HollowMod:ShadowDash","HollowMod:NewLittleFool","HollowMod:InfectedAttack"],"picked":"SKIP","floor":5},{"not_picked":["HollowMod:QuirrelsAssistance","HollowMod:PureNailStrike"],"picked":"HollowMod:MantisMark","floor":7},{"not_picked":["HollowMod:DescendingDark","HollowMod:SiblingsShadow"],"picked":"HollowMod:ElderbugsWisdom","floor":8},{"not_picked":["HollowMod:DesolateDive","HollowMod:TaintedHusks","HollowMod:SharpenedShadows"],"picked":"SKIP","floor":12},{"not_picked":["HollowMod:ZotesMagnificence","HollowMod:MidwifesHunger"],"picked":"HollowMod:NewInfectedGuardian","floor":16},{"not_picked":["HollowMod:DoubleDash","HollowMod:InfectedAttack"],"picked":"HollowMod:LifebloodCocoon+1","floor":18},{"not_picked":["HollowMod:LifebloodCocoon","HollowMod:HuntersJournal"],"picked":"HollowMod:MantisMark","floor":19},{"not_picked":["HollowMod:HowlingWraiths+1","HollowMod:ShapeofUnn"],"picked":"HollowMod:InfectedCysts+1","floor":21}],"player_experience":665208,"relics_obtained":[{"floor":7,"key":"ats:Originium"},{"floor":7,"key":"Oddly Smooth Stone"},{"floor":9,"key":"CrazyTorch:ReiMu"},{"floor":22,"key":"Necronomicon"}],"event_choices":[{"damage_healed":0,"gold_gain":275,"player_choice":"Desecrate","damage_taken":0,"max_hp_gain":0,"max_hp_loss":0,"event_name":"Golden Shrine","floor":3,"gold_loss":0,"cards_obtained":["Regret"]},{"damage_healed":0,"gold_gain":0,"player_choice":"Bought 0 Potions","damage_taken":0,"max_hp_gain":0,"max_hp_loss":0,"event_name":"The Woman in Blue","floor":20,"gold_loss":0},{"damage_healed":0,"gold_gain":0,"player_choice":"Obtained Book","damage_taken":16,"max_hp_gain":0,"max_hp_loss":0,"event_name":"Cursed Tome","floor":22,"gold_loss":0}],"is_beta":false,"boss_relics":[{"not_picked":["Philosopher\u0027s Stone","Coffee Dripper"],"picked":"Empty Cage"}],"items_purged_floors":[],"is_endless":false,"potions_floor_spawned":[4,8,16,19,21],"killed_by":"Snake Plant","ascension_level":0}}