{"host":"4w8ocelhatf0iefc","time":1608885063,"event":{"mods":["AchievementEnabler","Act Like it!","Aspiration","BaseMod","Colored Map","Colored Powertips","Hubris","Minty Spire (QoL Compilation)","Replay The Spire","StSLib"],"gold_per_floor":[117,117,77,90,90,130,130,165,189,189,209,209,242,257,257,360,360,379,402,402,402,402],"floor_reached":21,"playtime":835,"items_purged":[],"score":327,"play_id":"efba74fe-897e-4033-a566-9efe0faa2c2e","local_time":"20201225163103","is_ascension_mode":true,"campfire_choices":[{"data":"Eruption","floor":7.0,"key":"SMITH"},{"data":"Blasphemy","floor":10.0,"key":"SMITH"},{"data":"ForeignInfluence","floor":12.0,"key":"SMITH"},{"data":"ReachHeaven","floor":15.0,"key":"SMITH"}],"circlet_count":0,"master_deck":["Strike_P","Strike_P","Strike_P","Strike_P","Defend_P","Defend_P","Defend_P","Defend_P","Eruption+1","Vigilance","Nirvana","ReachHeaven+1","hubris:Greed","ForeignInfluence+1","Blasphemy+1","Consecrate","SandsOfTime","Prostrate","Establishment+1","FollowUp+1","ThirdEye+1"],"relics":["SacredBark","Anchor","Ring of Misfortune","Ring of Panic","Darkstone Periapt","ReplayTheSpireMod:TigerMarble","Gremlin Horn","hubris:Backtick","TeardropLocket"],"acts_visited":["Exordium","TheCity"],"potions_floor_usage":[21],"damage_taken":[{"damage":14.0,"enemies":"Jaw Worm","floor":1.0,"turns":5.0},{"damage":2.0,"enemies":"2 Louse","floor":4.0,"turns":3.0},{"damage":0.0,"enemies":"Gremlin Nob","floor":6.0,"turns":2.0},{"damage":0.0,"enemies":"3 Sentries","floor":8.0,"turns":1.0},{"damage":0.0,"enemies":"Cultist","floor":11.0,"turns":2.0},{"damage":2.0,"enemies":"Lagavulin","floor":13.0,"turns":3.0},{"damage":0.0,"enemies":"Blue Slaver","floor":14.0,"turns":1.0},{"damage":0.0,"enemies":"Fading Forest","floor":16.0,"turns":11.0},{"damage":31.0,"enemies":"2 Thieves","floor":18.0,"turns":4.0},{"damage":28.0,"enemies":"3 Byrds","floor":19.0,"turns":3.0},{"damage":100005,"enemies":"Centurion and Healer","floor":21,"turns":4}],"seed_played":"4782745040600212875","potions_obtained":[{"floor":3.0,"key":"Elixir"},{"floor":3.0,"key":"Ancient Potion"},{"floor":3.0,"key":"FearPotion"},{"floor":4.0,"key":"Explosive Potion"},{"floor":6.0,"key":"Explosive Potion"},{"floor":16.0,"key":"BlessingOfTheForge"},{"floor":19.0,"key":"LiquidBronze"}],"is_trial":false,"path_per_floor":["M","?","?","M","?","E","R","E","T","R","M","R","E","M","R","B",null,"M","M","?","M"],"character_chosen":"WATCHER","items_purchased":[],"campfire_rested":0,"item_purchase_floors":[],"current_hp_per_floor":[58,51,51,49,49,49,49,49,49,49,49,49,47,47,47,47,72,41,13,13,0,0],"gold":402,"neow_bonus":"BOSS_RELIC","is_daily":false,"chose_seed":false,"campfire_upgraded":4,"win_rate":0.0,"timestamp":1608885063,"path_taken":["M","?","?","?","?","E","R","E","T","R","M","R","E","M","R","BOSS","M","M","?","M"],"items_purchased_type":[],"build_version":"2020-12-22","purchased_purges":0,"victory":false,"max_hp_per_floor":[72,72,72,72,72,72,72,72,72,72,72,72,72,72,72,72,72,72,72,72,72,72],"card_choices":[{"not_picked":["Crescendo","CutThroughFate"],"picked":"Nirvana","floor":1.0},{"not_picked":["Replay:ManipulateFuture","Replay:Hum"],"picked":"ReachHeaven","floor":4.0},{"not_picked":["WheelKick","Replay:ManipulateFuture"],"picked":"ForeignInfluence","floor":6.0},{"not_picked":["JustLucky","CutThroughFate"],"picked":"Blasphemy","floor":8.0},{"not_picked":["Replay:ManipulateFuture","Replay:BluntJabs"],"picked":"Consecrate","floor":11.0},{"not_picked":["Wallop","CrushJoints"],"picked":"SandsOfTime","floor":13.0},{"not_picked":["Meditate","TalkToTheHand"],"picked":"Prostrate","floor":14.0},{"not_picked":["LessonLearned","ConjureBlade"],"picked":"Establishment","floor":16.0},{"not_picked":["ReachHeaven","CutThroughFate"],"picked":"FollowUp+1","floor":18.0},{"not_picked":["FlyingSleeves","EmptyBody+1"],"picked":"ThirdEye+1","floor":19.0}],"player_experience":273096,"relics_obtained":[{"floor":5.0,"key":"Ring of Misfortune"},{"floor":5.0,"key":"Ring of Panic"},{"floor":6.0,"key":"Darkstone Periapt"},{"floor":8.0,"key":"ReplayTheSpireMod:TigerMarble"},{"floor":13.0,"key":"Gremlin Horn"}],"event_choices":[{"damage_healed":0.0,"max_hp_gain":0.0,"max_hp_loss":0.0,"gold_gain":0.0,"event_name":"Scrap Ooze","player_choice":"Success","floor":2.0,"gold_loss":0.0,"damage_taken":7.0,"relics_obtained":["Anchor"]},{"damage_healed":0.0,"max_hp_gain":0.0,"max_hp_loss":0.0,"gold_gain":0.0,"event_name":"The Woman in Blue","player_choice":"Bought 3 Potions","floor":3.0,"gold_loss":0.0,"damage_taken":0.0},{"damage_healed":0.0,"max_hp_gain":0.0,"max_hp_loss":0.0,"gold_gain":0.0,"event_name":"Upgrade Shrine","player_choice":"Upgraded","floor":20.0,"gold_loss":0.0,"damage_taken":0.0,"cards_upgraded":["Establishment"]}],"is_beta":false,"boss_relics":[{"not_picked":["aspiration:RunicSpoon","Replay:Bronze Core"],"picked":"hubris:Backtick"}],"items_purged_floors":[],"is_endless":false,"potions_floor_spawned":[4,6,16,19],"killed_by":"Centurion and Healer","ascension_level":2}}