{"host":"dvpvhz1t6etneyb3","time":1608875190,"event":{"mods":["AchievementEnabler","BaseMod","Colored Map","Highlight Path","Minty Spire (QoL Compilation)","Permanent Neow","Quick Restart"],"gold_per_floor":[110,110,110,125,140,165,165,194,194,194,208,227,227,255,255,329,329,340,371,387,387,312,643,643,643,643],"floor_reached":25,"playtime":13724,"items_purged":[],"score":503,"play_id":"91ea73d4-ee59-49a8-a579-fb1b285f5eb3","local_time":"20201225004630","is_ascension_mode":true,"campfire_choices":[{"floor":7.0,"key":"REST"},{"floor":10.0,"key":"REST"},{"data":"Finisher","floor":13.0,"key":"SMITH"},{"floor":15.0,"key":"REST"},{"data":"Malaise","floor":24,"key":"SMITH"}],"circlet_count":0,"master_deck":["AscendersBane","Defend_G","Defend_G","Defend_G","Defend_G","Defend_G","Survivor","Neutralize","Riddle With Holes","Quick Slash","Dagger Spray","Infinite Blades","PiercingWail","Finisher+1","Malaise+1","Bouncing Flask","Footwork+1","Bite","Bite","Bite","Bite","Backflip"],"relics":["Ring of the Snake","Anchor","Orichalcum","Shuriken","Bag of Preparation","Snake Skull","Vajra","Runic Dome","Red Mask","Old Coin"],"acts_visited":["Exordium","TheCity"],"potions_floor_usage":[],"damage_taken":[{"damage":2.0,"enemies":"Jaw Worm","floor":1.0,"turns":4.0},{"damage":0.0,"enemies":"2 Louse","floor":4.0,"turns":2.0},{"damage":1.0,"enemies":"Small Slimes","floor":5.0,"turns":4.0},{"damage":25.0,"enemies":"Lagavulin","floor":6.0,"turns":8.0},{"damage":9.0,"enemies":"3 Sentries","floor":8.0,"turns":9.0},{"damage":0.0,"enemies":"2 Fungi Beasts","floor":11.0,"turns":2.0},{"damage":1.0,"enemies":"Large Slime","floor":12.0,"turns":5.0},{"damage":27.0,"enemies":"Lagavulin","floor":14.0,"turns":6.0},{"damage":6.0,"enemies":"Hexaghost","floor":16.0,"turns":7.0},{"damage":0.0,"enemies":"Chosen","floor":18.0,"turns":4.0},{"damage":13.0,"enemies":"Masked Bandits","floor":19.0,"turns":4.0},{"damage":0.0,"enemies":"Spheric Guardian","floor":20.0,"turns":1.0},{"damage":22.0,"enemies":"Slavers","floor":23.0,"turns":7.0},{"damage":50,"enemies":"Gremlin Leader","floor":25,"turns":7}],"seed_played":"1330018303779522730","potions_obtained":[{"floor":1.0,"key":"SteroidPotion"},{"floor":5.0,"key":"ColorlessPotion"},{"floor":6.0,"key":"SmokeBomb"},{"floor":8.0,"key":"Poison Potion"},{"floor":19.0,"key":"Explosive Potion"}],"is_trial":false,"path_per_floor":["M","?","?","M","M","E","R","E","T","R","M","M","R","E","R","B",null,"M","?","M","?","?","E","R","E"],"character_chosen":"THE_SILENT","items_purchased":[],"campfire_rested":3,"item_purchase_floors":[],"current_hp_per_floor":[57,39,39,39,38,13,32,23,23,42,42,41,41,14,33,27,56,56,43,43,43,43,31,31,0,0],"gold":643,"neow_bonus":"RANDOM_COMMON_RELIC","is_daily":false,"chose_seed":false,"campfire_upgraded":2,"win_rate":0.0,"timestamp":1608875190,"path_taken":["M","?","?","M","M","E","R","E","T","R","M","M","R","E","R","BOSS","M","?","M","?","?","E","R","E"],"items_purchased_type":[],"build_version":"2020-12-22","purchased_purges":0,"victory":false,"max_hp_per_floor":[66,66,66,66,66,66,66,66,66,66,66,66,66,66,66,66,66,66,66,66,46,46,46,46,46,46],"card_choices":[{"not_picked":["Terror","Underhanded Strike","Riddle With Holes"],"picked":"SKIP","floor":1.0},{"not_picked":["Terror","Underhanded Strike","Riddle With Holes"],"picked":"SKIP","floor":1.0},{"not_picked":["Terror","Underhanded Strike"],"picked":"Riddle With Holes","floor":1.0},{"not_picked":["Heel Hook","Concentrate"],"picked":"Quick Slash","floor":4.0},{"not_picked":["Underhanded Strike","PiercingWail","Choke"],"picked":"SKIP","floor":5.0},{"not_picked":["Reflex","Concentrate"],"picked":"Dagger Spray","floor":6.0},{"not_picked":["Slice","Heel Hook"],"picked":"Infinite Blades","floor":8.0},{"not_picked":["Riddle With Holes","Bane"],"picked":"PiercingWail","floor":11.0},{"not_picked":["Deflect","Dodge and Roll"],"picked":"Finisher","floor":12.0},{"not_picked":["Night Terror","Blur","Dagger Spray"],"picked":"SKIP","floor":14.0},{"not_picked":["Venomology","Grand Finale"],"picked":"Malaise","floor":16.0},{"not_picked":["Eviscerate+1","All Out Attack","Slice"],"picked":"SKIP","floor":18.0},{"not_picked":["Caltrops","Catalyst"],"picked":"Bouncing Flask","floor":19.0},{"not_picked":["Dagger Throw","Riddle With Holes"],"picked":"Footwork+1","floor":20.0},{"not_picked":["Prepared","Flying Knee+1"],"picked":"Backflip","floor":23.0}],"player_experience":1954464,"relics_obtained":[{"floor":6.0,"key":"Shuriken"},{"floor":8.0,"key":"Bag of Preparation"},{"floor":9.0,"key":"Snake Skull"},{"floor":14.0,"key":"Vajra"},{"floor":19.0,"key":"Red Mask"},{"floor":23.0,"key":"Old Coin"}],"event_choices":[{"damage_healed":0.0,"max_hp_gain":0.0,"max_hp_loss":0.0,"gold_gain":0.0,"event_name":"Scrap Ooze","player_choice":"Success","floor":2.0,"gold_loss":0.0,"damage_taken":18.0,"relics_obtained":["Orichalcum"]},{"damage_healed":0.0,"max_hp_gain":0.0,"max_hp_loss":0.0,"gold_gain":0.0,"event_name":"Golden Wing","player_choice":"Ignored","floor":3.0,"gold_loss":0.0,"damage_taken":0.0},{"damage_healed":0.0,"max_hp_gain":0.0,"max_hp_loss":0.0,"gold_gain":0.0,"event_name":"Masked Bandits","player_choice":"Fought Bandits","floor":19.0,"gold_loss":0.0,"damage_taken":0.0},{"damage_healed":0.0,"max_hp_gain":0.0,"max_hp_loss":20.0,"gold_gain":0.0,"event_name":"Vampires","player_choice":"Became a vampire","floor":21.0,"gold_loss":0.0,"damage_taken":0.0,"cards_obtained":["Bite","Bite","Bite","Bite","Bite"]},{"cards_removed":["Bite"],"damage_healed":0.0,"max_hp_gain":0.0,"max_hp_loss":0.0,"gold_gain":0.0,"event_name":"Beggar","player_choice":"Gave Gold","floor":22.0,"gold_loss":75.0,"damage_taken":0.0}],"is_beta":false,"boss_relics":[{"not_picked":["SacredBark","WristBlade"],"picked":"Runic Dome"}],"items_purged_floors":[],"is_endless":false,"potions_floor_spawned":[1,5,6,8,19],"killed_by":"Gremlin Leader","ascension_level":20}}