{"host":"0285y92tozoijo7k","time":1608902332,"event":{"mods":["AchievementEnabler","Act Like it!","BaseMod","Colored Map","DeckTracker","Keyboard Shortcuts","Minty Spire (QoL Compilation)","Permanent Neow","StSLib","SuperFastMode"],"gold_per_floor":[151,151,151,208,248,248,248,248],"floor_reached":7,"playtime":143,"items_purged":[],"score":74,"play_id":"79a1df25-c40c-4721-b07f-7dea836109f5","local_time":"20201225221852","is_ascension_mode":true,"campfire_choices":[{"data":"HandOfGreed","floor":6.0,"key":"SMITH"}],"circlet_count":0,"master_deck":["AscendersBane","Strike_R","Strike_R","Strike_R","Strike_R","Strike_R+1","Defend_R+1","Defend_R","Defend_R","Defend_R","Bash","HandOfGreed+1","Shrug It Off","Thunderclap","Perfected Strike"],"relics":["Burning Blood"],"acts_visited":["Exordium"],"potions_floor_usage":[7,7],"damage_taken":[{"damage":17.0,"enemies":"2 Louse","floor":1.0,"turns":4.0},{"damage":0.0,"enemies":"Small Slimes","floor":4.0,"turns":5.0},{"damage":5.0,"enemies":"Cultist","floor":5.0,"turns":4.0},{"damage":24,"enemies":"Gremlin Nob","floor":7,"turns":3}],"seed_played":"253288885197603931","potions_obtained":[{"floor":3.0,"key":"BlessingOfTheForge"},{"floor":3.0,"key":"EntropicBrew"}],"is_trial":false,"path_per_floor":["M","?","?","M","M","R","E"],"character_chosen":"IRONCLAD","items_purchased":[],"campfire_rested":0,"item_purchase_floors":[],"current_hp_per_floor":[39,16,16,22,23,23,0,0],"gold":248,"neow_bonus":"RANDOM_COLORLESS_2","is_daily":false,"chose_seed":false,"campfire_upgraded":1,"win_rate":0.0,"timestamp":1608902332,"path_taken":["M","?","?","M","?","R","E"],"items_purchased_type":[],"build_version":"2020-12-22","purchased_purges":0,"victory":false,"max_hp_per_floor":[75,75,75,75,75,75,75,75],"card_choices":[{"not_picked":["Magnetism","Mayhem"],"picked":"HandOfGreed","floor":0.0},{"not_picked":["Havoc","Spot Weakness"],"picked":"Shrug It Off","floor":1.0},{"not_picked":["Warcry","Havoc"],"picked":"Thunderclap","floor":4.0},{"not_picked":["Flex","Rage"],"picked":"Perfected Strike","floor":5.0}],"player_experience":382213,"relics_obtained":[],"event_choices":[{"damage_healed":0.0,"max_hp_gain":0.0,"max_hp_loss":0.0,"gold_gain":0.0,"event_name":"Shining Light","player_choice":"Entered Light","floor":2.0,"gold_loss":0.0,"damage_taken":23.0,"cards_upgraded":["Defend_R","Strike_R"]},{"damage_healed":0.0,"max_hp_gain":0.0,"max_hp_loss":0.0,"gold_gain":0.0,"event_name":"Lab","player_choice":"Got Potions","floor":3.0,"gold_loss":0.0,"damage_taken":0.0}],"is_beta":false,"boss_relics":[],"items_purged_floors":[],"is_endless":false,"potions_floor_spawned":[],"killed_by":"Gremlin Nob","ascension_level":16}}