{"host":"he07elbwfbprxmdo","time":1608935227,"event":{"mods":["BaseMod","Better Skull","Better Third Choice","Better Vampires","Clockwork Mod","Colored Map","Downfall","Energized Spire","Halation","Hermit","Highlight Path","Marisa????????","Minty Spire (QoL Compilation)","Relic Stats","Replay The Spire","StSLib","The Animator","The Servant 0.9.4","Unceasing Turn Reminder"],"gold_per_floor":[109,184,200,375,386,386,386,386,386,386,386,420,432,475,487,499,499],"floor_reached":16,"playtime":2089,"items_purged":[],"score":106,"play_id":"629d2274-1780-470c-8943-b8ac2500400d","local_time":"20201226002707","is_ascension_mode":false,"campfire_choices":[{"data":"Clockwork:RitualDaggerMk0","floor":6,"key":"SMITH"},{"floor":11,"key":"REST"},{"floor":13,"key":"REST"},{"floor":15,"key":"REST"}],"circlet_count":0,"master_deck":["Clockwork:Strike","Clockwork:Strike","Clockwork:Strike","Clockwork:Shield","Clockwork:Shield","Clockwork:Shield","Clockwork:Shield","Clockwork:Tinker","Clockwork:WarmUp","Clockwork:Pluck","Clockwork:CogToss","Doubt","Clockwork:RitualDaggerMk0+1"],"relics":["Clockwork:MomentumEngine","Juzu Bracelet","halation:EternalFortune","Blood Vial","MawBank","ReplayTheSpireMod:Ninjato"],"acts_visited":["Exordium"],"potions_floor_usage":[12],"damage_taken":[{"damage":0,"enemies":"Small Slimes","floor":1,"turns":11},{"damage":12,"enemies":"2 Louse","floor":3,"turns":6},{"damage":4,"enemies":"Jaw Worm","floor":5,"turns":8},{"damage":30,"enemies":"3 Sentries","floor":12,"turns":16},{"damage":38,"enemies":"Lagavulin","floor":14,"turns":16},{"damage":84,"enemies":"Hexaghost","floor":16,"turns":15}],"seed_played":"647591629629871394","potions_obtained":[{"floor":3,"key":"LiquidMemories"}],"is_trial":false,"path_per_floor":["M","?","M","?","M","R","?","?","T","?","R","E","R","E","R","B"],"character_chosen":"CLOCKWORK","items_purchased":[],"campfire_rested":3,"item_purchase_floors":[],"current_hp_per_floor":[93,82,70,70,66,66,63,66,66,59,87,59,87,51,79,0,0],"gold":499,"neow_bonus":"TEN_PERCENT_HP_BONUS","is_daily":false,"chose_seed":false,"campfire_upgraded":1,"win_rate":0.0,"timestamp":1608935227,"path_taken":["M","?","M","?","M","R","?","?","T","?","R","E","R","E","R","BOSS"],"items_purchased_type":[],"build_version":"2020-12-22","purchased_purges":0,"victory":false,"max_hp_per_floor":[93,93,93,93,93,93,93,96,96,96,96,96,96,96,96,96,96],"relic_stats":{"Blood Vial":6,"counters":[6,72],"Juzu Bracelet":0,"MawBank":48,"obtain_stats":[{"Clockwork:MomentumEngine":0,"Blood Vial":9,"ReplayTheSpireMod:Ninjato":14,"halation:EternalFortune":8,"Juzu Bracelet":7,"MawBank":12},{"Clockwork:MomentumEngine":0,"Blood Vial":3,"ReplayTheSpireMod:Ninjato":5,"halation:EternalFortune":3,"Juzu Bracelet":3,"MawBank":4},{"Clockwork:MomentumEngine":0,"Blood Vial":25,"ReplayTheSpireMod:Ninjato":57,"halation:EternalFortune":25,"Juzu Bracelet":25,"MawBank":41}]},"card_choices":[{"not_picked":["Clockwork:CogBarrier","Clockwork:Enhance"],"picked":"Clockwork:Pluck","floor":1},{"not_picked":["Clockwork:Clone","Clockwork:Friction"],"picked":"Clockwork:CogToss","floor":3},{"not_picked":["Clockwork:SystemHardening","Clockwork:InertialShield"],"picked":"Clockwork:RitualDaggerMk0","floor":5},{"not_picked":["Clockwork:TimeOut","Clockwork:TiltAWhirl","Clockwork:Roundhouse"],"picked":"SKIP","floor":12},{"not_picked":["Clockwork:SystemScan","Clockwork:Enhance","Clockwork:ChargingShield"],"picked":"SKIP","floor":14}],"player_experience":89447,"relics_obtained":[{"floor":9,"key":"Blood Vial"},{"floor":12,"key":"MawBank"},{"floor":14,"key":"ReplayTheSpireMod:Ninjato"}],"event_choices":[{"damage_healed":0,"gold_gain":75,"player_choice":"Gold","damage_taken":11,"max_hp_gain":0,"max_hp_loss":0,"event_name":"betterThird:BetterGoop","floor":2,"gold_loss":0},{"damage_healed":0,"gold_gain":175,"player_choice":"AGREE","damage_taken":200,"max_hp_gain":0,"max_hp_loss":0,"event_name":"betterThird:BetterSerpent","floor":4,"gold_loss":0},{"damage_healed":0,"gold_gain":1,"player_choice":"Relic ","damage_taken":3,"max_hp_gain":0,"max_hp_loss":0,"event_name":"betterThird:BetterScrap","floor":7,"gold_loss":0,"cards_obtained":["Wallop"]},{"cards_removed":["Clockwork:Strike"],"damage_healed":0,"gold_gain":0,"player_choice":"Card Removal","damage_taken":7,"max_hp_gain":0,"max_hp_loss":0,"event_name":"Golden Wing","floor":10,"gold_loss":0}],"is_beta":false,"boss_relics":[],"items_purged_floors":[],"is_endless":false,"potions_floor_spawned":[3],"killed_by":"Hexaghost","ascension_level":0}}