{"host":"w01zow3jg16g8jdh","time":1608914371,"event":{"mods":["AchievementEnabler","BaseMod","DeckTracker","Keyboard Shortcuts","Minty Spire (QoL Compilation)","Permanent Neow","StSLib","SuperFastMode"],"gold_per_floor":[114,114,134,150,150,184,184,215,242,242,56,56,88,103,103,103,103],"floor_reached":16,"playtime":238,"items_purged":["Strike_R"],"score":236,"play_id":"938b2bcc-db98-4ac2-8370-398583f82f41","local_time":"20201226013931","is_ascension_mode":true,"campfire_choices":[{"data":"Hemokinesis","floor":7.0,"key":"SMITH"},{"data":"Body Slam","floor":10,"key":"SMITH"},{"data":"Bash","floor":12,"key":"SMITH"},{"data":"Searing Blow","floor":15,"key":"SMITH"}],"circlet_count":0,"master_deck":["AscendersBane","Strike_R","Strike_R","Defend_R","Defend_R","Defend_R","Defend_R","Bash+1","Body Slam+1","Hemokinesis+1","Searing Blow+1"],"relics":["Burning Blood","Lantern","Happy Flower","Bottled Flame","Potion Belt","Ornamental Fan"],"acts_visited":["Exordium"],"potions_floor_usage":[16],"damage_taken":[{"damage":12.0,"enemies":"Small Slimes","floor":1.0,"turns":4.0},{"damage":11.0,"enemies":"Cultist","floor":3.0,"turns":4.0},{"damage":4.0,"enemies":"2 Louse","floor":4.0,"turns":3.0},{"damage":31.0,"enemies":"Lagavulin","floor":6.0,"turns":7.0},{"damage":10.0,"enemies":"Gremlin Nob","floor":8.0,"turns":3.0},{"damage":24,"enemies":"Lagavulin","floor":13,"turns":4},{"damage":10,"enemies":"Lots of Slimes","floor":14,"turns":5},{"damage":31,"enemies":"The Guardian","floor":16,"turns":7}],"seed_played":"-159563668044147460","potions_obtained":[{"floor":4.0,"key":"Explosive Potion"},{"floor":6.0,"key":"Fire Potion"},{"floor":13,"key":"BloodPotion"}],"is_trial":false,"path_per_floor":["M","?","M","M","?","E","R","E","T","R","$","R","E","M","R","B"],"character_chosen":"IRONCLAD","items_purchased":["FairyPotion"],"campfire_rested":0,"item_purchase_floors":[11],"current_hp_per_floor":[62,51,46,48,48,23,23,19,19,19,19,19,28,24,24,8,8],"gold":103,"neow_bonus":"REMOVE_CARD","is_daily":false,"chose_seed":false,"campfire_upgraded":4,"win_rate":0.0,"timestamp":1608914371,"path_taken":["M","?","M","M","?","E","R","E","T","R","?","R","E","M","R","BOSS"],"items_purchased_type":["Potion"],"build_version":"2020-12-22","purchased_purges":1,"victory":false,"max_hp_per_floor":[75,75,75,75,75,75,75,75,75,75,75,75,75,75,75,75,75],"card_choices":[{"not_picked":["Power Through","Perfected Strike"],"picked":"Body Slam","floor":1.0},{"not_picked":["Havoc","Flex","Twin Strike"],"picked":"SKIP","floor":3.0},{"not_picked":["Evolve","Thunderclap"],"picked":"Hemokinesis","floor":4.0},{"not_picked":["Flex","Dropkick","Hemokinesis"],"picked":"SKIP","floor":6.0},{"not_picked":["Havoc","Combust","Blood for Blood"],"picked":"SKIP","floor":8},{"not_picked":["Clothesline","Iron Wave","Heavy Blade"],"picked":"SKIP","floor":13},{"not_picked":["Cleave","Heavy Blade","Spot Weakness"],"picked":"SKIP","floor":14}],"player_experience":293502,"relics_obtained":[{"floor":6.0,"key":"Happy Flower"},{"floor":8,"key":"Bottled Flame"},{"floor":9,"key":"Potion Belt"},{"floor":13,"key":"Ornamental Fan"}],"event_choices":[{"damage_healed":0.0,"max_hp_gain":0.0,"max_hp_loss":0.0,"gold_gain":0.0,"event_name":"Scrap Ooze","player_choice":"Success","floor":2.0,"gold_loss":0.0,"damage_taken":11.0,"relics_obtained":["Lantern"]},{"damage_healed":0.0,"max_hp_gain":0.0,"max_hp_loss":0.0,"gold_gain":0.0,"cards_transformed":["Strike_R"],"event_name":"Transmorgrifier","player_choice":"Transformed","floor":5.0,"gold_loss":0.0,"damage_taken":0.0,"cards_obtained":["Searing Blow"]}],"is_beta":false,"boss_relics":[],"items_purged_floors":[11],"is_endless":false,"potions_floor_spawned":[4,6,13],"killed_by":"The Guardian","ascension_level":20}}