{"host":"7rpm0wkjc4s9e9bg","time":1608880952,"event":{"mods":["BaseMod","Colored Map","Colored Powertips","Downfall","Minty Spire (QoL Compilation)","StSLib"],"gold_per_floor":[111,121,121,121,133,133,150,150,150,150,176,192,162,172,172,277,277,288,11,25,25,41,41,55,55,55,55,85,85,85,101,101,206,206,216,230,50,66,79,79,0,0,0,0,13,13,13,33,33,33,33],"floor_reached":50,"playtime":2222,"items_purged":["Strike_B"],"score":463,"play_id":"6fa2c5be-c424-4e44-b327-6d3b1d49f222","local_time":"20201225042232","is_ascension_mode":false,"campfire_choices":[{"data":"Zap","floor":6.0,"key":"SMITH"},{"floor":8.0,"key":"REST"},{"data":"Dualcast","floor":10.0,"key":"SMITH"},{"floor":15.0,"key":"REST"},{"floor":23.0,"key":"REST"},{"data":"1","floor":27.0,"key":"LIFT"},{"floor":29.0,"key":"REST"},{"floor":32.0,"key":"REST"},{"data":"Apotheosis","floor":40.0,"key":"SMITH"},{"data":"Seek","floor":42,"key":"SMITH"},{"floor":46,"key":"REST"},{"floor":49,"key":"REST"}],"circlet_count":0,"master_deck":["Strike_B+1","Strike_B+1","Strike_B+1","Defend_B+1","Defend_B+1","Defend_B+1","Defend_B+1","Zap+1","Dualcast+1","Streamline","Barrage","Turbo+1","Conserve Battery","Double Energy+1","Gash","Hologram","Electrodynamics","Go for the Eyes","Seek+1","Auto Shields","Apotheosis+1","Redo","Gash"],"relics":["Philosopher\u0027s Stone","Gremlin Horn","Shuriken","Runic Pyramid","Lantern","War Paint","Girya","CaptainsWheel","Spirit Poop","Busted Crown","Red Mask","Kunai"],"acts_visited":["TheBeyond"],"potions_floor_usage":[50,50],"damage_taken":[{"damage":7.0,"enemies":"2 Louse","floor":1.0,"turns":2.0},{"damage":6.0,"enemies":"Small Slimes","floor":2.0,"turns":3.0},{"damage":0.0,"enemies":"Cultist","floor":5.0,"turns":4.0},{"damage":14.0,"enemies":"Red Slaver","floor":7.0,"turns":4.0},{"damage":32.0,"enemies":"Lagavulin","floor":11.0,"turns":6.0},{"damage":2.0,"enemies":"3 Louse","floor":12.0,"turns":2.0},{"damage":6.0,"enemies":"Looter","floor":14.0,"turns":3.0},{"damage":19.0,"enemies":"Slime Boss","floor":16.0,"turns":12.0},{"damage":12.0,"enemies":"Spheric Guardian","floor":18.0,"turns":4.0},{"damage":17.0,"enemies":"Chosen","floor":20.0,"turns":5.0},{"damage":22.0,"enemies":"Snake Plant","floor":22.0,"turns":5.0},{"damage":0.0,"enemies":"Centurion and Healer","floor":24.0,"turns":5.0},{"damage":36.0,"enemies":"Slavers","floor":28.0,"turns":4.0},{"damage":0.0,"enemies":"Snecko","floor":31.0,"turns":5.0},{"damage":31.0,"enemies":"Champ","floor":33.0,"turns":12.0},{"damage":26.0,"enemies":"3 Darklings","floor":35.0,"turns":4.0},{"damage":6.0,"enemies":"3 Shapes","floor":36.0,"turns":3.0},{"damage":28.0,"enemies":"Writhing Mass","floor":38.0,"turns":7.0},{"damage":7.0,"enemies":"Transient","floor":39.0,"turns":5.0},{"damage":12,"enemies":"3 Darklings","floor":45,"turns":5},{"damage":0,"enemies":"Jaw Worm Horde","floor":48,"turns":4},{"damage":68,"enemies":"Donu and Deca","floor":50,"turns":6}],"seed_played":"-7776928260034652838","potions_obtained":[{"floor":1.0,"key":"SpeedPotion"},{"floor":11.0,"key":"FearPotion"},{"floor":12.0,"key":"Block Potion"},{"floor":13.0,"key":"Ancient Potion"},{"floor":13.0,"key":"Weak Potion"},{"floor":14.0,"key":"PowerPotion"},{"floor":24.0,"key":"LiquidBronze"},{"floor":28.0,"key":"DuplicationPotion"},{"floor":31.0,"key":"PotionOfCapacity"},{"floor":33.0,"key":"Regen Potion"},{"floor":45,"key":"EssenceOfSteel"}],"is_trial":false,"path_per_floor":["M","M","$","?","M","R","M","R","T","R","E","M","?","M","R","B",null,"M","$","M","?","M","R","M","?","T","R","E","R","?","M","R","B",null,"M","M","$","M","M","R","?","R","T","?","M","R","$","M","R","B"],"character_chosen":"DEFECT","items_purchased":["Lantern","Go for the Eyes","Apotheosis"],"campfire_rested":7,"item_purchase_floors":[19,19,37],"current_hp_per_floor":[68,62,62,62,62,62,48,70,70,70,38,36,36,30,52,33,75,63,63,46,46,24,46,46,46,46,46,10,32,32,32,54,23,75,49,43,43,30,23,23,23,23,23,23,11,33,33,33,55,0,0],"gold":33,"neow_bonus":"BOSS_RELIC","is_daily":false,"chose_seed":false,"campfire_upgraded":4,"win_rate":0.0,"timestamp":1608880952,"path_taken":["M","M","$","?","M","R","M","R","T","R","E","M","?","?","R","BOSS","M","$","M","?","M","R","M","?","T","R","E","R","?","?","R","BOSS","M","M","$","M","M","R","?","R","T","?","M","R","$","M","R","BOSS"],"items_purchased_type":["Relic","Card","Card"],"build_version":"2020-12-22","purchased_purges":1,"victory":false,"max_hp_per_floor":[75,75,75,75,75,75,75,75,75,75,75,75,75,75,75,75,75,75,75,75,75,75,75,75,75,75,75,75,75,75,75,75,75,75,75,75,75,75,75,75,75,75,75,75,75,75,75,75,75,75,75],"card_choices":[{"not_picked":["Chaos","Gash"],"picked":"Streamline","floor":1.0},{"not_picked":["Sunder","Compile Driver"],"picked":"Barrage","floor":2.0},{"not_picked":["Leap","Barrage"],"picked":"Turbo","floor":5.0},{"not_picked":["Redo","Compile Driver"],"picked":"Conserve Battery","floor":7.0},{"not_picked":["Rip and Tear","Cold Snap"],"picked":"Double Energy","floor":11.0},{"not_picked":["Barrage","Coolheaded"],"picked":"Gash","floor":12.0},{"not_picked":["Stack","Fusion"],"picked":"Hologram","floor":14.0},{"not_picked":["Multi-Cast","Buffer"],"picked":"Electrodynamics","floor":16.0},{"not_picked":["Gash","White Noise","Sweeping Beam"],"picked":"SKIP","floor":18.0},{"not_picked":["Gash","Redo","Compile Driver"],"picked":"SKIP","floor":20.0},{"not_picked":["Doom and Gloom+1","Force Field+1","Steam"],"picked":"SKIP","floor":22.0},{"not_picked":["Go for the Eyes+1","Blizzard","Glacier"],"picked":"SKIP","floor":24.0},{"not_picked":["Chill","Doom and Gloom","Force Field"],"picked":"SKIP","floor":28.0},{"not_picked":["Leap","Coolheaded","Meteor Strike"],"picked":"SKIP","floor":31.0},{"not_picked":["Core Surge","Biased Cognition"],"picked":"Seek","floor":33.0},{"not_picked":["Steam"],"picked":"SKIP","floor":35.0},{"not_picked":[],"picked":"Auto Shields","floor":36.0},{"not_picked":["Compile Driver+1"],"picked":"SKIP","floor":38.0},{"not_picked":[],"picked":"Redo","floor":39.0},{"not_picked":[],"picked":"Gash","floor":45},{"not_picked":["Barrage+1"],"picked":"SKIP","floor":48}],"player_experience":130441,"relics_obtained":[{"floor":9.0,"key":"Gremlin Horn"},{"floor":11.0,"key":"Shuriken"},{"floor":26.0,"key":"Girya"},{"floor":28.0,"key":"CaptainsWheel"},{"floor":43,"key":"Kunai"}],"event_choices":[{"damage_healed":0.0,"max_hp_gain":0.0,"max_hp_loss":0.0,"gold_gain":0.0,"event_name":"Liars Game","player_choice":"Ignored","floor":4.0,"gold_loss":0.0,"damage_taken":0.0},{"damage_healed":0.0,"max_hp_gain":0.0,"max_hp_loss":0.0,"gold_gain":0.0,"event_name":"The Woman in Blue","player_choice":"Bought 2 Potions","floor":13.0,"gold_loss":0.0,"damage_taken":0.0},{"damage_healed":0.0,"max_hp_gain":0.0,"max_hp_loss":0.0,"gold_gain":0.0,"event_name":"Back to Basics","player_choice":"Simplicity","floor":21.0,"gold_loss":0.0,"damage_taken":0.0,"cards_upgraded":["Strike_B","Strike_B","Strike_B","Defend_B","Defend_B","Defend_B","Defend_B"]},{"damage_healed":0.0,"max_hp_gain":0.0,"max_hp_loss":0.0,"gold_gain":0.0,"event_name":"Addict","player_choice":"Stole Relic","floor":25.0,"gold_loss":0.0,"damage_taken":0.0,"relics_obtained":["War Paint"],"cards_obtained":["Shame"]},{"cards_removed":["Shame"],"damage_healed":0.0,"max_hp_gain":0.0,"max_hp_loss":0.0,"gold_gain":0.0,"event_name":"Bonfire Elementals","player_choice":"Offered Curse","floor":30.0,"gold_loss":0.0,"damage_taken":0.0,"relics_obtained":["Spirit Poop"]},{"damage_healed":0.0,"max_hp_gain":0.0,"max_hp_loss":0.0,"gold_gain":0.0,"event_name":"Tomb of Lord Red Mask","player_choice":"Paid","floor":41.0,"gold_loss":79.0,"damage_taken":0.0,"relics_obtained":["Red Mask"]},{"damage_healed":0,"gold_gain":0,"player_choice":"Memory 1","damage_taken":0,"max_hp_gain":0,"max_hp_loss":0,"event_name":"SensoryStone","floor":44,"gold_loss":0}],"is_beta":false,"boss_relics":[{"not_picked":["Sozu","SacredBark"],"picked":"Runic Pyramid"},{"not_picked":["Snecko Eye","SlaversCollar"],"picked":"Busted Crown"}],"items_purged_floors":[19],"is_endless":false,"potions_floor_spawned":[1,11,12,14,24,28,31,33,36,45],"killed_by":"Donu and Deca","ascension_level":0}}