{"host":"a1nxc06byga320ye","time":1608882296,"event":{"mods":["AchievementEnabler","BaseMod","Colored Map","Minty Spire (QoL Compilation)","Rare Cards Sparkle","Replay The Spire","StSLib","SuperFastMode"],"gold_per_floor":[117,130,145,163,180,208,208,234,261,297,297,352,377,432,432,555,555,603,652,692,727,727,727,781,781,854,888,888,916,282,327,339,373,373],"floor_reached":33,"playtime":3167,"items_purged":["Strike_G"],"score":313,"play_id":"3123e036-b31f-4d86-bcfd-a291c9b74d3e","local_time":"20201225014456","is_ascension_mode":false,"campfire_choices":[{"floor":7,"key":"RECALL"},{"floor":11,"key":"REST"},{"floor":15,"key":"REST"},{"floor":23,"key":"REST"},{"floor":25,"key":"REST"},{"floor":28,"key":"REST"},{"floor":32,"key":"REST"}],"circlet_count":0,"master_deck":["Strike_G","Strike_G","Strike_G","Strike_G","Defend_G","Defend_G","Defend_G","Defend_G","Defend_G","Survivor","Neutralize","Eviscerate","Prepared","Dagger Throw","Poisoned Stab","Bane","Prepared","ReplayTheSpireMod:Scrap Shanks","Dagger Spray","Poisoned Stab","Sucker Punch","Bullet Time","Replay:Bag of Tricks","Poisoned Stab+1","Prepared","Crippling Poison","Footwork","Hidden Blade","Poison Darts","Dagger Throw","Deep Breath","Replay:Poison Smokescreen"],"relics":["Ring of the Snake","Replay:Bandana","Question Card","Potion Belt","HoveringKite","Orichalcum","Chameleon Ring","Pet Ghost","Ice Cream","MawBank"],"acts_visited":["Exordium","TheCity"],"potions_floor_usage":[12,16,16,16,16,18,18,24,24,31,31,31,33,33],"damage_taken":[{"damage":0,"enemies":"Small Slimes","floor":1,"turns":3},{"damage":1,"enemies":"Cultist","floor":2,"turns":3},{"damage":3,"enemies":"Jaw Worm","floor":3,"turns":4},{"damage":4,"enemies":"2 Fungi Beasts","floor":4,"turns":3},{"damage":0,"enemies":"3 Louse","floor":5,"turns":4},{"damage":24,"enemies":"Gremlin Nob","floor":6,"turns":4},{"damage":5,"enemies":"Exordium Thugs","floor":8,"turns":5},{"damage":0,"enemies":"Blue Slaver","floor":10,"turns":3},{"damage":13,"enemies":"Lagavulin","floor":12,"turns":4},{"damage":12,"enemies":"3 Louse","floor":13,"turns":4},{"damage":20,"enemies":"Gremlin Nob","floor":14,"turns":4},{"damage":5,"enemies":"Slime Boss","floor":16,"turns":8},{"damage":0,"enemies":"3 Byrds","floor":18,"turns":3},{"damage":2,"enemies":"Chosen","floor":19,"turns":3},{"damage":31,"enemies":"Centurion and Healer","floor":20,"turns":8},{"damage":34,"enemies":"Cultist and Chosen","floor":21,"turns":5},{"damage":23,"enemies":"Replay:Snechameleon","floor":24,"turns":6},{"damage":9,"enemies":"Snecko","floor":27,"turns":4},{"damage":22,"enemies":"Sentry and Sphere","floor":29,"turns":7},{"damage":16,"enemies":"Book of Stabbing","floor":31,"turns":4},{"damage":49,"enemies":"Automaton","floor":33,"turns":6}],"seed_played":"5614799809176299099","potions_obtained":[{"floor":1,"key":"Toxic Potion"},{"floor":4,"key":"EssenceOfSteel"},{"floor":8,"key":"Ancient Potion"},{"floor":12,"key":"EntropicBrew"},{"floor":21,"key":"Swift Potion"},{"floor":22,"key":"Regen Potion"},{"floor":22,"key":"Adrenaline Potion"},{"floor":22,"key":"SmokeBomb"},{"floor":27,"key":"FearPotion"},{"floor":29,"key":"EssenceOfSteel"},{"floor":31,"key":"AttackPotion"}],"is_trial":false,"path_per_floor":["M","M","M","M","M","E","R","M","T","M","R","E","M","E","R","B",null,"M","M","M","M","?","R","E","R","T","M","R","M","$","E","R","B"],"character_chosen":"THE_SILENT","items_purchased":["Dagger Throw","Pet Ghost","Ice Cream","Deep Breath"],"campfire_rested":6,"item_purchase_floors":[30,30,30,30],"current_hp_per_floor":[77,76,73,69,69,45,45,40,40,40,63,50,38,18,41,36,77,77,75,44,10,10,33,25,48,48,39,62,40,40,24,47,0,0],"gold":373,"neow_bonus":"TEN_PERCENT_HP_BONUS","is_daily":false,"chose_seed":false,"campfire_upgraded":0,"win_rate":0.0,"timestamp":1608882296,"path_taken":["M","M","M","M","M","E","R","M","T","M","R","E","M","E","R","BOSS","M","M","M","M","?","R","E","R","T","M","R","?","$","E","R","BOSS"],"items_purchased_type":["Card","Relic","Relic","Card"],"build_version":"2020-12-22","purchased_purges":1,"victory":false,"max_hp_per_floor":[77,77,77,77,77,77,77,77,77,77,77,77,77,77,77,77,77,77,77,77,77,77,77,77,77,77,77,77,77,77,77,77,77,77],"card_choices":[{"not_picked":["ReplayTheSpireMod:Exploit Weakness","Acrobatics"],"picked":"Eviscerate","floor":1},{"not_picked":["Cloak And Dagger","Flying Knee"],"picked":"Prepared","floor":2},{"not_picked":["Footwork","Terror"],"picked":"Dagger Throw","floor":3},{"not_picked":["ReplayTheSpireMod:Tripwire","Backflip"],"picked":"Poisoned Stab","floor":4},{"not_picked":["Dagger Spray","Outmaneuver"],"picked":"Bane","floor":5},{"not_picked":["Choke","Storm of Steel"],"picked":"Prepared","floor":6},{"not_picked":["Blade Dance","PiercingWail"],"picked":"ReplayTheSpireMod:Scrap Shanks","floor":8},{"not_picked":["ReplayTheSpireMod:Tripwire","Bane"],"picked":"Dagger Spray","floor":10},{"not_picked":["ReplayTheSpireMod:Scrap Shanks","ReplayTheSpireMod:Shiv Toss"],"picked":"Poisoned Stab","floor":12},{"not_picked":["ReplayTheSpireMod:Shiv Toss","Accuracy","Dodge and Roll"],"picked":"Sucker Punch","floor":13},{"not_picked":["Deadly Poison","Predator","ReplayTheSpireMod:Exploit Weakness"],"picked":"Bullet Time","floor":14},{"not_picked":["Poison Darts","Tools of the Trade","A Thousand Cuts"],"picked":"Replay:Bag of Tricks","floor":16},{"not_picked":["Bane","Heel Hook+1","Underhanded Strike"],"picked":"Poisoned Stab+1","floor":18},{"not_picked":["Outmaneuver","ReplayTheSpireMod:Speed Training","Escape Plan"],"picked":"Prepared","floor":19},{"not_picked":["Flying Knee","PiercingWail+1","Blade Dance"],"picked":"Crippling Poison","floor":20},{"not_picked":["Fluid Movement","Doppelganger","Bane"],"picked":"Footwork","floor":21},{"not_picked":["Riddle With Holes+1","Deadly Poison","Blade Dance"],"picked":"Hidden Blade","floor":24},{"not_picked":["Sucker Punch","Slice","Sneak Up"],"picked":"Poison Darts","floor":27},{"not_picked":["PiercingWail","Deadly Poison","Dodge and Roll","Flying Knee"],"picked":"SKIP","floor":29},{"not_picked":["ReplayTheSpireMod:Shiv Toss","Eviscerate","Well Laid Plans"],"picked":"Replay:Poison Smokescreen","floor":31}],"player_experience":79294,"relics_obtained":[{"floor":6,"key":"Replay:Bandana"},{"floor":12,"key":"Question Card"},{"floor":14,"key":"Potion Belt"},{"floor":24,"key":"Orichalcum"},{"floor":26,"key":"Chameleon Ring"},{"floor":31,"key":"MawBank"}],"event_choices":[{"damage_healed":0,"gold_gain":0,"player_choice":"Got Potions","damage_taken":0,"max_hp_gain":0,"max_hp_loss":0,"event_name":"Lab","floor":22,"gold_loss":0}],"is_beta":false,"boss_relics":[{"not_picked":["Sozu","Replay:Wanted Poster"],"picked":"HoveringKite"}],"items_purged_floors":[30],"is_endless":false,"potions_floor_spawned":[1,4,8,10,12,21,27,29,31],"killed_by":"Automaton","ascension_level":0}}