{"host":"cjhtzh7tp54jdfyv","time":1608920516,"event":{"mods":["AchievementEnabler","BaseMod","Colored Map","Colored Powertips","Curses Come First","DeckTracker","Filter the Spire","Minty Spire (QoL Compilation)","RNG Fix","Relic Sorter","Relic Stats","StSLib","The Cursed","The Marked","Waifu the Spire","ojb\u0027s Better Paths Mod","ojb\u0027s Info Mod"],"gold_per_floor":[114,114,125,137,262,262,312,43,89,101,113,113,146,160,160,160,160],"floor_reached":16,"playtime":938,"items_purged":["TheCursedMod:Strike_TheCursed"],"score":204,"play_id":"b7c94ec0-2c21-421e-994d-6703bbbfaf13","local_time":"20201225132156","is_ascension_mode":true,"campfire_choices":[{"data":"TheCursedMod:CursedStaff","floor":6,"key":"SMITH"},{"data":"TheCursedMod:CleanUpWorkshop","floor":12,"key":"SMITH"},{"floor":15,"key":"REST"}],"circlet_count":0,"master_deck":["AscendersBane","TheCursedMod:Strike_TheCursed","TheCursedMod:Strike_TheCursed","TheCursedMod:Strike_TheCursed","TheCursedMod:Defend_TheCursed","TheCursedMod:Defend_TheCursed","TheCursedMod:Defend_TheCursed+1","TheCursedMod:Defend_TheCursed","TheCursedMod:CursedWand","TheCursedMod:CleanUpWorkshop+1","TheCursedMod:Dregs","TheCursedMod:CircleOfBlood+1","TheCursedMod:TacticalStrike","TheCursedMod:CursedStaff+1","TheCursedMod:BloodBarrier","TheCursedMod:Hemoplague","TheCursedMod:VitalStrike","TheCursedMod:Wield","TheCursedMod:DemonSword","TheCursedMod:HellfireBreathing"],"relics":["Runic Dome","SsserpentHead","Bottled Flame"],"acts_visited":["Exordium"],"potions_floor_usage":[13,16],"damage_taken":[{"damage":2,"enemies":"Jaw Worm","floor":1,"turns":4},{"damage":2,"enemies":"Small Slimes","floor":3,"turns":4},{"damage":1,"enemies":"Cultist","floor":4,"turns":4},{"damage":16,"enemies":"Exordium Thugs","floor":10,"turns":4},{"damage":5,"enemies":"Gremlin Gang","floor":11,"turns":5},{"damage":6,"enemies":"3 Sentries","floor":13,"turns":5},{"damage":1,"enemies":"Red Slaver","floor":14,"turns":3},{"damage":55,"enemies":"Slime Boss","floor":16,"turns":7}],"seed_played":"-3707056379893108753","potions_obtained":[{"floor":1,"key":"GamblersBrew"},{"floor":3,"key":"SteroidPotion"}],"is_trial":false,"path_per_floor":["M","?","M","M","?","R","?","$","T","M","M","R","E","M","R","B"],"character_chosen":"THE_CURSED","items_purchased":["TheCursedMod:BloodBarrier","TheCursedMod:Hemoplague","TheCursedMod:VitalStrike"],"campfire_rested":1,"item_purchase_floors":[8,8,8],"current_hp_per_floor":[62,62,64,65,54,54,33,33,33,25,24,24,22,21,42,0,0],"gold":160,"neow_bonus":"BOSS_RELIC","is_daily":false,"chose_seed":false,"campfire_upgraded":2,"win_rate":0.0,"timestamp":1608920516,"path_taken":["M","?","M","M","?","R","?","$","T","M","M","R","E","M","R","BOSS"],"items_purchased_type":["Card","Card","Card"],"build_version":"2020-12-22","purchased_purges":1,"victory":false,"max_hp_per_floor":[71,71,71,71,71,71,71,71,71,71,71,71,71,71,71,71,71],"relic_stats":{"SsserpentHead":100,"counters":[8,36],"obtain_stats":[{"TheCursedMod:BlackMagic101":0,"Runic Dome":0,"SsserpentHead":2,"Bottled Flame":13},{"TheCursedMod:BlackMagic101":0,"Runic Dome":0,"SsserpentHead":1,"Bottled Flame":6},{"TheCursedMod:BlackMagic101":0,"Runic Dome":0,"SsserpentHead":4,"Bottled Flame":26}]},"card_choices":[{"not_picked":["TheCursedMod:WearCloak","TheCursedMod:Grudge"],"picked":"TheCursedMod:CircleOfBlood","floor":1},{"not_picked":["TheCursedMod:CircleOfCorruption","TheCursedMod:ManaBullet"],"picked":"TheCursedMod:TacticalStrike","floor":3},{"not_picked":["TheCursedMod:CursedShiv","TheCursedMod:CursedAmulet"],"picked":"TheCursedMod:CursedStaff","floor":4},{"not_picked":["TheCursedMod:Torture","TheCursedMod:ReleasedKnowledge","TheCursedMod:CursedStaff"],"picked":"SKIP","floor":10},{"not_picked":["TheCursedMod:SmokeScreen","TheCursedMod:SurpriseAttack"],"picked":"TheCursedMod:Wield","floor":11},{"not_picked":["TheCursedMod:TroublousMinions","TheCursedMod:UltimatePain"],"picked":"TheCursedMod:DemonSword","floor":13},{"not_picked":["TheCursedMod:RavingStaff","TheCursedMod:SmokeScreen"],"picked":"TheCursedMod:HellfireBreathing","floor":14}],"player_experience":4414681,"relics_obtained":[{"floor":13,"key":"Bottled Flame"}],"event_choices":[{"damage_healed":0,"gold_gain":0,"player_choice":"Trade","damage_taken":0,"relics_obtained":["SsserpentHead"],"max_hp_gain":0,"max_hp_loss":0,"event_name":"FaceTrader","floor":2,"gold_loss":0},{"damage_healed":0,"gold_gain":75,"player_choice":"Gather Gold","damage_taken":11,"max_hp_gain":0,"max_hp_loss":0,"event_name":"World of Goop","floor":5,"gold_loss":0},{"damage_healed":0,"gold_gain":0,"player_choice":"Entered Light","damage_taken":21,"max_hp_gain":0,"max_hp_loss":0,"event_name":"Shining Light","floor":7,"gold_loss":0,"cards_upgraded":["TheCursedMod:CircleOfBlood","TheCursedMod:Defend_TheCursed"]}],"is_beta":false,"boss_relics":[],"items_purged_floors":[8],"is_endless":false,"potions_floor_spawned":[1,3,4],"killed_by":"Slime Boss","ascension_level":20}}