{"host":"q229ysid750dmjme","time":1608882571,"event":{"mods":["AchievementEnabler","BaseMod","Colored Map","Minty Spire (QoL Compilation)","Prisma Mod","StSLib","The Animator","everything is the same but u backflip on backflip"],"gold_per_floor":[14,14,31,31,31,31,42,42,42,42,52,81,100,50,50,145,145,165,80,80,80,98,128,128,146,146,146,71,84,110,110,110],"floor_reached":31,"playtime":2036,"items_purged":["Writhe"],"score":278,"play_id":"c2e67aa3-5377-49fe-b385-e1b5ff36a8c8","local_time":"20201225164931","is_ascension_mode":true,"campfire_choices":[{"data":"Eruption","floor":6,"key":"SMITH"},{"data":"ConjureBlade","floor":8,"key":"SMITH"},{"data":"ClearTheMind","floor":10,"key":"SMITH"},{"data":"FearNoEvil","floor":15,"key":"SMITH"},{"floor":24,"key":"REST"},{"data":"LikeWater","floor":27,"key":"SMITH"}],"circlet_count":0,"master_deck":["Strike_P","Strike_P+1","Defend_P","Defend_P","Defend_P","Defend_P","Eruption+1","Vigilance","ConjureBlade+1","Protect","WaveOfTheHand+1","FlyingSleeves","ClearTheMind+1","FearNoEvil+1","EmptyBody+1","Sanctity+1","Scrawl+1","LikeWater+1","LessonLearned","Meditate+1","Crescendo+1"],"relics":["HolyWater","Toxic Egg 2","Boot","Sundial","Mango","White Beast Statue","Yang","Bronze Scales"],"acts_visited":["Exordium","TheCity"],"potions_floor_usage":[16,23,25,31],"damage_taken":[{"damage":0,"enemies":"Jaw Worm","floor":1,"turns":3},{"damage":0,"enemies":"2 Louse","floor":3,"turns":4},{"damage":3,"enemies":"Small Slimes","floor":7,"turns":3},{"damage":1,"enemies":"Exordium Wildlife","floor":11,"turns":5},{"damage":14,"enemies":"Lagavulin","floor":12,"turns":8},{"damage":3,"enemies":"Blue Slaver","floor":13,"turns":4},{"damage":28,"enemies":"The Guardian","floor":16,"turns":10},{"damage":3,"enemies":"Shell Parasite","floor":18,"turns":5},{"damage":11,"enemies":"Spheric Guardian","floor":22,"turns":4},{"damage":54,"enemies":"Slavers","floor":23,"turns":13},{"damage":26,"enemies":"Snake Plant","floor":25,"turns":5},{"damage":2,"enemies":"3 Cultists","floor":29,"turns":5},{"damage":20,"enemies":"Gremlin Leader","floor":31,"turns":6}],"seed_played":"-5580625407141212351","potions_obtained":[{"floor":3,"key":"Swift Potion"},{"floor":7,"key":"PowerPotion"},{"floor":22,"key":"Block Potion"},{"floor":23,"key":"Weak Potion"},{"floor":25,"key":"Dexterity Potion"},{"floor":29,"key":"Ancient Potion"}],"is_trial":false,"path_per_floor":["M","?","M","?","$","R","M","R","T","R","M","E","M","?","R","B",null,"M","?","?","?","M","E","R","M","T","R","$","M","T","E"],"character_chosen":"WATCHER","items_purchased":[],"campfire_rested":1,"item_purchase_floors":[],"current_hp_per_floor":[72,72,72,72,72,72,69,69,69,69,68,54,51,51,51,23,72,69,69,83,83,72,18,43,17,17,17,17,15,15,0,0],"gold":110,"neow_bonus":"THREE_RARE_CARDS","is_daily":false,"chose_seed":false,"campfire_upgraded":5,"win_rate":0.0,"timestamp":1608882571,"path_taken":["M","?","M","?","?","R","M","R","T","R","M","E","M","?","R","BOSS","M","?","?","?","M","E","R","M","T","R","$","?","?","E"],"items_purchased_type":[],"build_version":"2020-12-22","purchased_purges":1,"victory":false,"max_hp_per_floor":[72,72,72,72,72,72,72,72,72,72,72,72,72,72,72,72,72,72,72,86,86,86,86,86,86,86,86,86,86,86,86,86],"card_choices":[{"not_picked":["Establishment","Ragnarok"],"picked":"ConjureBlade","floor":0},{"not_picked":["Evaluate","TalkToTheHand"],"picked":"Protect","floor":1},{"not_picked":["JustLucky","SashWhip"],"picked":"FlyingSleeves","floor":3},{"not_picked":["ThirdEye","Pray"],"picked":"ClearTheMind","floor":7},{"not_picked":["EmptyBody+1","Evaluate+1"],"picked":"FearNoEvil","floor":11},{"not_picked":["Blasphemy+1","ForeignInfluence+1"],"picked":"EmptyBody+1","floor":12},{"not_picked":["Conclude","BowlingBash"],"picked":"Sanctity+1","floor":13},{"not_picked":["Ragnarok","LessonLearned"],"picked":"Scrawl+1","floor":16},{"not_picked":["Wireheading","EmptyBody+1"],"picked":"LikeWater","floor":18},{"not_picked":["SashWhip","Evaluate+1"],"picked":"LessonLearned","floor":22},{"not_picked":["ThirdEye+1","Study","Sanctity+1"],"picked":"SKIP","floor":23},{"not_picked":["BowlingBash+1","EmptyMind+1"],"picked":"Meditate+1","floor":25},{"not_picked":["Weave+1","Evaluate+1"],"picked":"Crescendo+1","floor":29}],"player_experience":328556,"relics_obtained":[{"floor":9,"key":"Toxic Egg 2"},{"floor":12,"key":"Boot"},{"floor":23,"key":"Yang"},{"floor":30,"key":"Bronze Scales"}],"event_choices":[{"damage_healed":0,"gold_gain":0,"cards_transformed":["Strike_P"],"player_choice":"Change","damage_taken":0,"max_hp_gain":0,"max_hp_loss":0,"event_name":"Living Wall","floor":2,"gold_loss":0,"cards_obtained":["WaveOfTheHand"]},{"damage_healed":0,"gold_gain":0,"player_choice":"Ignored","damage_taken":0,"max_hp_gain":0,"max_hp_loss":0,"event_name":"Liars Game","floor":4,"gold_loss":0},{"cards_removed":["Strike_P"],"damage_healed":0,"gold_gain":0,"player_choice":"Card Removal","damage_taken":0,"max_hp_gain":0,"max_hp_loss":0,"event_name":"The Cleric","floor":14,"gold_loss":50},{"damage_healed":0,"gold_gain":0,"player_choice":"Obtained Relic","damage_taken":0,"relics_obtained":["Sundial"],"max_hp_gain":0,"max_hp_loss":0,"event_name":"Addict","floor":19,"gold_loss":85},{"damage_healed":0,"gold_gain":0,"player_choice":"Opened","damage_taken":0,"relics_obtained":["Mango"],"max_hp_gain":0,"max_hp_loss":0,"event_name":"The Mausoleum","floor":20,"gold_loss":0,"cards_obtained":["Writhe"]},{"damage_healed":0,"gold_gain":0,"player_choice":"Gave Potion","damage_taken":0,"relics_obtained":["White Beast Statue"],"max_hp_gain":0,"max_hp_loss":0,"event_name":"WeMeetAgain","floor":21,"gold_loss":0}],"is_beta":false,"boss_relics":[{"not_picked":["SacredBark","Coffee Dripper"],"picked":"HolyWater"}],"items_purged_floors":[28],"is_endless":false,"potions_floor_spawned":[3,7,22,23,25,29],"killed_by":"Gremlin Leader","ascension_level":2}}