{"host":"h5acbxt0wmjo1kpm","time":1608893719,"event":{"mods":["2.2 Compatiblity","Act Like it!","AlwaysNeverKeys","Aspiration","Bartender","BaseMod","Better Third Choice","Colored Map","Elementarium","Gensokyo","GifTheSpireLib","Hallownest","Marisa????????","Minty Spire (QoL Compilation)","Permanent Neow","Potionbrewer","Relic Filter","Replay The Spire","Robot Space Explorer","RumiaBox-????????","Shade Mod","Spicy Shops","StSLib","Strawberry Spire","The Blackbeard","The Dragon Tamer","The Forsaken","The Gatherer","The Problem Sleuth","The Servant 0.9.4","Wandering Minibosses","vexMod"],"gold_per_floor":[111,111,111,36,36,61,61,86,141,141,161,161,161,88,88,162,162,177,29,29,44,44,44,77,77,77,77,104,124,124,156,156,231,231,244,244,244,716,631,631,679,713,713,764,778,789,77,91,91,96],"floor_reached":51,"playtime":2788,"items_purged":["Strike_R","Strike_R"],"score":1566,"play_id":"ef890f08-5eb3-4868-a949-62917f5f6d4e","local_time":"20201225025519","is_ascension_mode":true,"campfire_choices":[{"data":"Fire Breathing","floor":7.0,"key":"SMITH"},{"data":"Demon Form","floor":13.0,"key":"SMITH"},{"data":"Perfected Strike","floor":15.0,"key":"SMITH"},{"data":"Pommel Strike","floor":23,"key":"SMITH"},{"data":"Bash","floor":25,"key":"SMITH"},{"data":"Evolve","floor":27,"key":"SMITH"},{"data":"Double Tap","floor":30,"key":"SMITH"},{"data":"Hallownest:skillGreenpathMap","floor":32,"key":"SMITH"},{"data":"Hallownest:skillKingdomsEdgeMap","floor":40,"key":"SMITH"},{"data":"Dual Wield","floor":49,"key":"SMITH"}],"circlet_count":0,"master_deck":["AscendersBane","Strike_R","Strike_R","Strike_R","Defend_R","Defend_R","Defend_R","Defend_R","Bash+1","Fire Breathing+1","Hallownest:skillGreenpathMap+1","Wild Strike+1","Demon Form+1","Strike_R","Perfected Strike+1","Evolve+1","Impervious","Pommel Strike+1","Perfected Strike+1","Burning Pact+1","Double Tap+1","strawberrySpire:Harvest","WitchOfGreed","Hallownest:skillKingdomsEdgeMap+1","WitchOfGreed+1","MagicChant+1","OortCloud+1","6A+1","Dual Wield+1"],"relics":["Burning Blood","NeowsBlessing","Hallownest:DreamNailRelic","Oddly Smooth Stone","strawberrySpire:KineticCharger","strawberrySpire:Treaders","Snecko Eye","aspiration:Nostalgia","m_TsuchinokoRing","Anchor","aspiration:FetidBarrel","aspiration:HummingbirdHeart","Sundial","vexMod:CardConverter","Gambling Chip","aspiration:MarisaSkillbook","wanderingMiniBosses:LockLocket","Baka2","strawberrySpire:ElefentMask","Eternal Feather","Art of War","Replay:Rubber Ducky","vexMod:PaidLearning"],"acts_visited":["Hallownest:Greenpath","TheCity","Hallownest:KingdomsEdge"],"potions_floor_usage":[24,38,42,44,44],"damage_taken":[{"damage":0.0,"enemies":"Hallownest:monsterHuskWarrior","floor":1.0,"turns":1.0},{"damage":1.0,"enemies":"Hallownest:eliteCrystalGuardian","floor":6.0,"turns":1.0},{"damage":0.0,"enemies":"Hallownest:eliteMossKnight","floor":8.0,"turns":1.0},{"damage":12.0,"enemies":"Hallownest:2_Baldur","floor":10.0,"turns":3.0},{"damage":8.0,"enemies":"Hallownest:2_MossCreeps","floor":11.0,"turns":3.0},{"damage":28.0,"enemies":"Hallownest:BossBrokenVessel","floor":16.0,"turns":6.0},{"damage":7,"enemies":"Spheric Guardian","floor":18,"turns":3},{"damage":11,"enemies":"3 Byrds","floor":21,"turns":2},{"damage":20,"enemies":"Snake Plant","floor":22,"turns":3},{"damage":0,"enemies":"Gremlin Leader","floor":24,"turns":6},{"damage":0,"enemies":"Slavers","floor":28,"turns":2},{"damage":0,"enemies":"Cultist and Chosen","floor":29,"turns":4},{"damage":0,"enemies":"Book of Stabbing","floor":31,"turns":2},{"damage":91,"enemies":"Automaton","floor":33,"turns":9},{"damage":0,"enemies":"Hallownest:Shield_Heavy","floor":35,"turns":3},{"damage":12,"enemies":"Hallownest:2_Littles","floor":38,"turns":6},{"damage":54,"enemies":"Hallownest:StalkingDevout","floor":41,"turns":5},{"damage":0,"enemies":"Hallownest:2_Great","floor":42,"turns":3},{"damage":0,"enemies":"Hallownest:2_Wing_and_1_Kings","floor":44,"turns":4},{"damage":0,"enemies":"Hallownest:2_Soldiers_and_1_Guardian","floor":45,"turns":5},{"damage":4,"enemies":"Hallownest:2_Great","floor":46,"turns":5},{"damage":0,"enemies":"Hallownest:2_Wandering_and_1_Horned","floor":48,"turns":2},{"damage":0,"enemies":"Hallownest:Radiance","floor":50,"turns":1}],"seed_played":"8890194162355455136","potions_obtained":[{"floor":6.0,"key":"SmokeBomb"},{"floor":21,"key":"Reflective Coating"},{"floor":24,"key":"potionbrewer:NoxiousPotion"},{"floor":31,"key":"potionbrewer:CleansingPotion"},{"floor":33,"key":"LiquidMemories"},{"floor":41,"key":"Energy Potion"},{"floor":42,"key":"potionbrewer:DiscountPotion"},{"floor":42,"key":"Elixir"},{"floor":44,"key":"potionbrewer:SplittingPotion"},{"floor":44,"key":"ColorlessPotion"},{"floor":46,"key":"DistilledChaos"},{"floor":48,"key":"DistilledChaos"}],"is_trial":false,"path_per_floor":["M","?","$","?","?","E","R","E","T","M","M","?","R","$","R","B",null,"M","$","?","M","M","R","E","R","T","R","E","M","R","E","R","B",null,"M","?","?","M","?","R","E","M","T","M","M","M","$","M","R","B",null],"character_chosen":"IRONCLAD","items_purchased":["Evolve","aspiration:Nostalgia","Art of War","Replay:Rubber Ducky","vexMod:PaidLearning","Dual Wield"],"campfire_rested":0,"item_purchase_floors":[14,19,47,47,47,47],"current_hp_per_floor":[74,74,74,74,65,74,74,80,80,74,72,72,72,72,72,50,91,90,90,80,75,70,70,76,76,76,76,82,100,100,105,105,22,86,94,94,94,103,105,105,59,70,70,107,117,118,120,120,120,120],"gold":96,"neow_bonus":"THREE_ENEMY_KILL","is_daily":false,"chose_seed":false,"campfire_upgraded":10,"win_rate":0.0,"timestamp":1608893719,"path_taken":["M","?","$","?","?","E","R","E","T","M","M","?","R","?","R","BOSS","M","$","?","M","M","R","E","R","T","R","E","M","R","E","R","BOSS","M","?","?","M","?","R","E","?","T","M","M","M","$","M","R","BOSS"],"items_purchased_type":["Card","Relic","Relic","Relic","Relic","Card"],"build_version":"2020-12-22","purchased_purges":2,"victory":true,"max_hp_per_floor":[75,75,75,75,75,105,105,105,105,105,105,105,105,105,105,105,105,105,105,105,105,105,105,105,105,105,105,105,105,105,105,105,107,107,109,109,109,109,111,111,113,115,115,115,117,118,120,120,120,120],"card_choices":[{"not_picked":["Run Through","Blood for Blood"],"picked":"Fire Breathing","floor":1.0},{"not_picked":["Pommel Strike","strawberrySpire:Endurance"],"picked":"Wild Strike","floor":6.0},{"not_picked":["strawberrySpire:DebrisPile","Havoc"],"picked":"Demon Form","floor":8.0},{"not_picked":["strawberrySpire:ZonePlayer","Twin Strike"],"picked":"Perfected Strike","floor":11.0},{"not_picked":["Bludgeon","Immolate"],"picked":"Impervious","floor":16.0},{"not_picked":["Run Through","strawberrySpire:FireDrill","ReplayTheSpireMod:Strike From Hell"],"picked":"SKIP","floor":18},{"not_picked":["Sentinel","Heavy Blade"],"picked":"Pommel Strike","floor":21},{"not_picked":["Whirlwind","Dagger Throw","Run Through"],"picked":"SKIP","floor":22},{"not_picked":["Perfected Strike","Sword Boomerang"],"picked":"Burning Pact+1","floor":24},{"not_picked":["Dagger Spray","strawberrySpire:ZonePlayer"],"picked":"Double Tap","floor":28},{"not_picked":["strawberrySpire:Endurance","Flex","strawberrySpire:PowerStomp"],"picked":"SKIP","floor":29},{"not_picked":["strawberrySpire:ZonePlayer+1","strawberrySpire:FireDrill","strawberrySpire:Spite"],"picked":"SKIP","floor":31},{"not_picked":["Berserk","Adrenaline"],"picked":"strawberrySpire:Harvest","floor":33},{"not_picked":["Fire Breathing+1","Sword Boomerang","DC"],"picked":"WitchOfGreed","floor":35},{"not_picked":["Warcry","ReplayTheSpireMod:Strike From Hell","EventHorizon","strawberrySpire:Incursion+1"],"picked":"SKIP","floor":38},{"not_picked":["Run Through","Sword Boomerang+1","Bloodletting","Heavy Blade"],"picked":"SKIP","floor":41},{"not_picked":["strawberrySpire:Spite","strawberrySpire:FireDrill+1","WitchLeyline"],"picked":"MagicChant","floor":42},{"not_picked":["Inflame+1","Intimidate","strawberrySpire:DangerMountain","strawberrySpire:DebrisPile"],"picked":"SKIP","floor":44},{"not_picked":["DoubleSpark","Fire Breathing","True Grit"],"picked":"OortCloud+1","floor":45},{"not_picked":["strawberrySpire:Overwork+1","Thunderclap","strawberrySpire:ZonePlayer+1"],"picked":"6A+1","floor":46},{"not_picked":["Hemokinesis+1","Flex","strawberrySpire:Harvest","Combust"],"picked":"SKIP","floor":48}],"player_experience":1932441,"relics_obtained":[{"floor":1.0,"key":"Baka"},{"floor":6.0,"key":"Oddly Smooth Stone"},{"floor":8.0,"key":"strawberrySpire:KineticCharger"},{"floor":9.0,"key":"strawberrySpire:Treaders"},{"floor":24,"key":"aspiration:FetidBarrel"},{"floor":26,"key":"aspiration:HummingbirdHeart"},{"floor":28,"key":"Sundial"},{"floor":31,"key":"vexMod:CardConverter"},{"floor":33,"key":"Gambling Chip"},{"floor":38,"key":"wanderingMiniBosses:LockLocket"},{"floor":38,"key":"Baka2"},{"floor":41,"key":"strawberrySpire:ElefentMask"},{"floor":43,"key":"Eternal Feather"}],"event_choices":[{"damage_healed":0,"gold_gain":0,"player_choice":"Anchor","damage_taken":0,"relics_obtained":["Anchor"],"max_hp_gain":0,"max_hp_loss":0,"event_name":"blackbeard:ShipwreckEvent","floor":20,"gold_loss":0}],"is_beta":false,"boss_relics":[{"not_picked":["Calling Bell","Runic Cube"],"picked":"Snecko Eye"},{"not_picked":["aspiration:ServantSkillbook","vexMod:MysteryBossChallenge"],"picked":"aspiration:MarisaSkillbook"}],"items_purged_floors":[47,47],"is_endless":false,"potions_floor_spawned":[6,21,24,31,33,42,44,46,48],"ascension_level":14}}