{"host":"uflv0e3ja7hvnij7","time":1608932839,"event":{"mods":["Aspiration","BaseMod","Better Altar","Better Match","Better Note","Better Sensory Stone","Better Skull","Better Third Choice","Hubris","Infinite Spire","Minty Spire (QoL Compilation)","Permanent Neow","Replay The Spire","Shop Mod","StSLib"],"gold_per_floor":[109,120,137,59,76,76,94,105,105,105,124,140,155,155,155,155,155],"floor_reached":16,"playtime":669,"items_purged":[],"score":98,"play_id":"a062b5df-489b-4976-885d-9451bc0ee419","local_time":"20201225164719","is_ascension_mode":false,"campfire_choices":[{"data":"Zap","floor":6,"key":"SMITH"}],"circlet_count":0,"master_deck":["Strike_B","Strike_B","Strike_B","Strike_B","Defend_B","Defend_B","Defend_B","Defend_B","Zap+1","Dualcast","Ball Lightning","Rebound+1","Ball Lightning","Glacier+1","Storm","Redo","BootSequence"],"relics":["Cracked Core","aspiration:Nostalgia","Ring of the Snake","Replay:Multitool"],"acts_visited":["Exordium"],"potions_floor_usage":[],"damage_taken":[{"damage":1,"enemies":"Jaw Worm","floor":1,"turns":3},{"damage":1,"enemies":"Cultist","floor":2,"turns":3},{"damage":2,"enemies":"Small Slimes","floor":3,"turns":2},{"damage":16,"enemies":"3 Louse","floor":5,"turns":3},{"damage":3,"enemies":"Blue Slaver","floor":7,"turns":3},{"damage":17,"enemies":"Gremlin Gang","floor":8,"turns":3},{"damage":6,"enemies":"Large Slime","floor":11,"turns":3},{"damage":7,"enemies":"Blue Slaver","floor":12,"turns":2},{"damage":0,"enemies":"Gremlin Gang","floor":13,"turns":4},{"damage":0,"enemies":"The Guardian","floor":16,"turns":1}],"seed_played":"1790041713092452279","potions_obtained":[{"floor":1,"key":"SkillPotion"},{"floor":3,"key":"Block Potion"},{"floor":5,"key":"BlessingOfTheForge"}],"is_trial":false,"path_per_floor":["M","M","M","$","M","R","M","M","T","?","M","M","M","?","R","B"],"character_chosen":"DEFECT","items_purchased":["Glacier"],"campfire_rested":0,"item_purchase_floors":[4],"current_hp_per_floor":[74,73,71,71,55,55,52,35,35,35,29,22,22,22,44,44,44],"gold":155,"neow_bonus":"NOSTALGIA","is_daily":false,"chose_seed":false,"campfire_upgraded":1,"win_rate":0.0,"timestamp":1608932839,"path_taken":["M","M","M","$","M","R","M","M","T","?","?","M","M","?","R","BOSS"],"items_purchased_type":["Card"],"build_version":"2020-12-22","purchased_purges":0,"victory":false,"max_hp_per_floor":[75,75,75,75,75,75,75,75,75,75,75,75,75,75,75,75,75],"card_choices":[{"not_picked":["Steam","Coolheaded"],"picked":"Ball Lightning","floor":1},{"not_picked":["Gash","Steam"],"picked":"Rebound","floor":2},{"not_picked":["Stack","Hologram"],"picked":"Ball Lightning","floor":3},{"not_picked":["Redo","BasicCrystalCard"],"picked":"Storm","floor":5},{"not_picked":["Go for the Eyes","Conserve Battery","Steam Power"],"picked":"SKIP","floor":7},{"not_picked":["ReplayTheSpireMod:System Scan","Streamline","Stack"],"picked":"SKIP","floor":8},{"not_picked":["ReplayTheSpireMod:Reroute Power","Beam Cell"],"picked":"Redo","floor":11},{"not_picked":["hubris:Prefetch","Conserve Battery"],"picked":"BootSequence","floor":12},{"not_picked":["Beam Cell","Conserve Battery","Compile Driver"],"picked":"SKIP","floor":13}],"player_experience":382147,"relics_obtained":[{"floor":9,"key":"Replay:Multitool"}],"event_choices":[{"damage_healed":0,"gold_gain":0,"player_choice":"Upgraded","damage_taken":0,"max_hp_gain":0,"max_hp_loss":0,"event_name":"Upgrade Shrine","floor":10,"gold_loss":0,"cards_upgraded":["Glacier"]},{"damage_healed":0,"gold_gain":0,"player_choice":"Ignored","damage_taken":0,"max_hp_gain":0,"max_hp_loss":0,"event_name":"Golden Idol","floor":14,"gold_loss":0}],"is_beta":false,"boss_relics":[],"items_purged_floors":[],"is_endless":false,"potions_floor_spawned":[1,3,5,13],"killed_by":"The Guardian","ascension_level":0}}