{"host":"wha9hktbkslqvblg","time":1608874699,"event":{"mods":["BaseMod","Colored Map","Minty Spire (QoL Compilation)","Relic Stats","SuperFastMode","everything is the same but u backflip on backflip"],"gold_per_floor":[118,43,118,30,48,80,80,115,167,167,193,206,206,206,206,283,283,298,223,223,223,235,29,79,79,79,79,97,112,112,147,147,223,223,223,271,60,60,85,111,111,111,136,150,150,160,173,200,200,200,200,200,200,71,106,106],"floor_reached":57,"playtime":1576,"items_purged":["Strike_R","Strike_R","Strike_R","Sword Boomerang"],"score":3334,"play_id":"3ded827e-2e0b-4027-aee1-fae7a677d246","local_time":"20201225143819","is_ascension_mode":true,"campfire_choices":[{"data":"Immolate","floor":7.0,"key":"SMITH"},{"data":"Body Slam","floor":10.0,"key":"SMITH"},{"data":"True Grit","floor":15.0,"key":"SMITH"},{"data":"Offering","floor":25.0,"key":"SMITH"},{"floor":27.0,"key":"RECALL"},{"floor":30.0,"key":"REST"},{"floor":32.0,"key":"REST"},{"data":"Barricade","floor":41.0,"key":"SMITH"},{"data":"Defend_R","floor":45.0,"key":"SMITH"},{"data":"Bloodletting","floor":49.0,"key":"SMITH"},{"data":"Battle Trance","floor":53,"key":"SMITH"}],"circlet_count":0,"master_deck":["AscendersBane","Defend_R+1","Defend_R+1","Defend_R","Defend_R+1","Bash+1","Immolate+1","Shrug It Off+1","Body Slam+1","True Grit+1","Entrench+1","Offering+1","Barricade+1","Battle Trance+1","Bloodletting+1"],"relics":["Burning Blood","NeowsBlessing","War Paint","Pear","Smiling Mask","Gremlin Horn","Runic Cube","Boot","Letter Opener","Philosopher\u0027s Stone","Du-Vu Doll","TheAbacus","Lizard Tail","Calipers","Blood Vial","Bag of Preparation","Self Forming Clay"],"acts_visited":["Exordium","TheCity","TheBeyond","TheEnding"],"potions_floor_usage":[50,56,56],"damage_taken":[{"damage":0.0,"enemies":"2 Louse","floor":1.0,"turns":2.0},{"damage":0.0,"enemies":"Small Slimes","floor":5.0,"turns":1.0},{"damage":0.0,"enemies":"Lagavulin","floor":6.0,"turns":1.0},{"damage":5.0,"enemies":"3 Sentries","floor":8.0,"turns":3.0},{"damage":37.0,"enemies":"Lagavulin","floor":11.0,"turns":6.0},{"damage":0.0,"enemies":"Jaw Worm","floor":12.0,"turns":3.0},{"damage":13.0,"enemies":"The Guardian","floor":16.0,"turns":15.0},{"damage":9.0,"enemies":"3 Byrds","floor":18.0,"turns":3.0},{"damage":4.0,"enemies":"Shell Parasite","floor":22.0,"turns":6.0},{"damage":6.0,"enemies":"Snake Plant","floor":28.0,"turns":2.0},{"damage":8.0,"enemies":"Centurion and Healer","floor":29.0,"turns":6.0},{"damage":30.0,"enemies":"Gremlin Leader","floor":31.0,"turns":3.0},{"damage":38.0,"enemies":"Collector","floor":33.0,"turns":6.0},{"damage":0.0,"enemies":"3 Darklings","floor":35.0,"turns":1.0},{"damage":14.0,"enemies":"2 Orb Walkers","floor":36.0,"turns":4.0},{"damage":6.0,"enemies":"Mind Bloom Boss Battle","floor":39.0,"turns":4.0},{"damage":6.0,"enemies":"Giant Head","floor":40.0,"turns":4.0},{"damage":6.0,"enemies":"3 Shapes","floor":44.0,"turns":2.0},{"damage":11.0,"enemies":"Spire Growth","floor":46.0,"turns":4.0},{"damage":6.0,"enemies":"Transient","floor":47.0,"turns":6.0},{"damage":13.0,"enemies":"Nemesis","floor":48.0,"turns":3.0},{"damage":15,"enemies":"Awakened One","floor":50,"turns":5},{"damage":9,"enemies":"Donu and Deca","floor":51,"turns":6},{"damage":12,"enemies":"Shield and Spear","floor":55,"turns":6},{"damage":18,"enemies":"The Heart","floor":56,"turns":7}],"seed_played":"3814448515616223533","potions_obtained":[{"floor":1.0,"key":"Fire Potion"},{"floor":5.0,"key":"PowerPotion"},{"floor":8.0,"key":"BlessingOfTheForge"},{"floor":11.0,"key":"SkillPotion"},{"floor":18.0,"key":"SmokeBomb"},{"floor":29.0,"key":"SkillPotion"},{"floor":33.0,"key":"Weak Potion"},{"floor":39.0,"key":"Swift Potion"}],"is_trial":false,"path_per_floor":["M","$","?","$","M","E","R","E","T","R","E","M","?","?","R","B",null,"M","?","?","T","M","$","?","R","T","R","M","M","R","E","R","B",null,"M","?","$","?","?","E","R","?","T","M","R","M","M","E","R","B","B",null,"R","$","E","B",null],"character_chosen":"IRONCLAD","items_purchased":["Immolate","Offering","TheAbacus","DuplicationPotion"],"campfire_rested":2,"item_purchase_floors":[4,23,37,54],"current_hp_per_floor":[74,74,63,63,69,75,75,85,85,85,54,60,34,27,27,20,69,66,66,41,41,43,43,43,43,43,43,43,41,68,44,71,39,77,83,75,75,75,75,75,75,75,75,77,77,74,76,71,71,64,63,83,83,83,79,69],"gold":106,"neow_bonus":"THREE_ENEMY_KILL","is_daily":false,"chose_seed":false,"campfire_upgraded":8,"win_rate":0.0,"timestamp":1608874699,"path_taken":["M","$","?","$","M","E","R","E","T","R","E","M","?","?","R","BOSS","M","?","?","?","M","$","?","R","T","R","M","M","R","E","R","BOSS","M","?","$","?","?","E","R","?","T","M","R","?","M","E","R","BOSS","BOSS","R","$","E","BOSS"],"items_purchased_type":["Card","Card","Relic","Potion"],"build_version":"2020-12-22","purchased_purges":4,"victory":true,"max_hp_per_floor":[75,75,75,75,75,75,75,85,85,85,85,85,85,85,85,85,85,85,85,90,90,90,90,90,90,90,90,90,90,90,90,90,90,90,90,90,90,90,90,90,90,90,90,90,90,90,90,90,90,90,90,90,90,90,90,90],"relic_stats":{"Gremlin Horn":[10,14],"counters":[25,109],"Self Forming Clay":[15],"Bag of Preparation":[8],"Letter Opener":[377],"War Paint":["Shrug It Off","Defend_R"],"Smiling Mask":225,"Boot":[42],"Burning Blood":149,"Blood Vial":16,"Lizard Tail":0,"TheAbacus":[216],"obtain_stats":[{"Pear":8,"Calipers":40,"NeowsBlessing":0,"Gremlin Horn":11,"Self Forming Clay":55,"Bag of Preparation":48,"Letter Opener":31,"War Paint":6,"Smiling Mask":9,"Boot":26,"Burning Blood":0,"Du-Vu Doll":36,"Blood Vial":43,"Lizard Tail":39,"TheAbacus":37,"Philosopher\u0027s Stone":34,"Runic Cube":17},{"Pear":4,"Calipers":17,"NeowsBlessing":0,"Gremlin Horn":5,"Self Forming Clay":24,"Bag of Preparation":21,"Letter Opener":12,"War Paint":3,"Smiling Mask":4,"Boot":9,"Burning Blood":0,"Du-Vu Doll":15,"Blood Vial":17,"Lizard Tail":16,"TheAbacus":15,"Philosopher\u0027s Stone":13,"Runic Cube":7},{"Pear":7,"Calipers":70,"NeowsBlessing":0,"Gremlin Horn":13,"Self Forming Clay":102,"Bag of Preparation":85,"Letter Opener":51,"War Paint":4,"Smiling Mask":7,"Boot":40,"Burning Blood":0,"Du-Vu Doll":62,"Blood Vial":70,"Lizard Tail":66,"TheAbacus":62,"Philosopher\u0027s Stone":57,"Runic Cube":31}],"Runic Cube":[44]},"card_choices":[{"not_picked":["Armaments","True Grit"],"picked":"Sword Boomerang","floor":1.0},{"not_picked":["Twin Strike","Flex"],"picked":"Shrug It Off","floor":5.0},{"not_picked":["Combust","Havoc"],"picked":"Body Slam","floor":6.0},{"not_picked":["Shrug It Off","Clash","Rage"],"picked":"SKIP","floor":8.0},{"not_picked":["Twin Strike","Fiend Fire"],"picked":"True Grit","floor":11.0},{"not_picked":["Searing Blow","Armaments"],"picked":"Entrench","floor":12.0},{"not_picked":["Sword Boomerang","Clothesline","Sentinel"],"picked":"SKIP","floor":18.0},{"not_picked":["Blood for Blood","Armaments","Pommel Strike"],"picked":"SKIP","floor":22.0},{"not_picked":["Sword Boomerang","Armaments","Infernal Blade"],"picked":"SKIP","floor":28.0},{"not_picked":["Shrug It Off","Whirlwind","Cleave"],"picked":"SKIP","floor":29.0},{"not_picked":["Headbutt","Carnage","Disarm"],"picked":"SKIP","floor":31.0},{"not_picked":["Impervious","Feed"],"picked":"Barricade","floor":33.0},{"not_picked":["Cleave","Carnage+1","Body Slam"],"picked":"SKIP","floor":40.0},{"not_picked":["Cleave","Carnage+1","Body Slam"],"picked":"SKIP","floor":40.0},{"not_picked":["Pommel Strike","Rage+1","Anger"],"picked":"SKIP","floor":44.0},{"not_picked":["Pommel Strike","Rage+1","Anger"],"picked":"SKIP","floor":44.0},{"not_picked":["Armaments","Iron Wave"],"picked":"Battle Trance","floor":46.0},{"not_picked":["Perfected Strike","Heavy Blade","Entrench"],"picked":"SKIP","floor":47.0},{"not_picked":["Dropkick","Feel No Pain"],"picked":"Bloodletting","floor":48.0},{"not_picked":["Havoc","Wild Strike","Whirlwind"],"picked":"SKIP","floor":55}],"player_experience":891184,"relics_obtained":[{"floor":6.0,"key":"War Paint"},{"floor":8.0,"key":"Pear"},{"floor":9.0,"key":"Smiling Mask"},{"floor":11.0,"key":"Gremlin Horn"},{"floor":26.0,"key":"Boot"},{"floor":31.0,"key":"Letter Opener"},{"floor":36.0,"key":"Du-Vu Doll"},{"floor":39.0,"key":"Lizard Tail"},{"floor":40.0,"key":"Calipers"},{"floor":43.0,"key":"Blood Vial"},{"floor":48.0,"key":"Bag of Preparation"},{"floor":55,"key":"Self Forming Clay"}],"event_choices":[{"damage_healed":0.0,"max_hp_gain":0.0,"max_hp_loss":0.0,"gold_gain":75.0,"event_name":"World of Goop","player_choice":"Gather Gold","floor":3.0,"gold_loss":0.0,"damage_taken":11.0},{"damage_healed":0.0,"max_hp_gain":0.0,"max_hp_loss":0.0,"gold_gain":0.0,"event_name":"Shining Light","player_choice":"Entered Light","floor":13.0,"gold_loss":0.0,"damage_taken":26.0,"cards_upgraded":["Entrench","Bash"]},{"cards_removed":["Strike_R"],"damage_healed":0.0,"max_hp_gain":0.0,"max_hp_loss":0.0,"gold_gain":0.0,"event_name":"Golden Wing","player_choice":"Card Removal","floor":14.0,"gold_loss":0.0,"damage_taken":7.0},{"cards_removed":["Strike_R"],"damage_healed":0.0,"max_hp_gain":0.0,"max_hp_loss":0.0,"gold_gain":0.0,"event_name":"Beggar","player_choice":"Gave Gold","floor":19.0,"gold_loss":75.0,"damage_taken":0.0},{"damage_healed":0.0,"max_hp_gain":5.0,"max_hp_loss":0.0,"gold_gain":0.0,"event_name":"Forgotten Altar","player_choice":"Shed Blood","floor":20.0,"gold_loss":0.0,"damage_taken":30.0},{"damage_healed":0.0,"max_hp_gain":0.0,"max_hp_loss":0.0,"gold_gain":50.0,"event_name":"Nest","player_choice":"Stole From Cult","floor":24.0,"gold_loss":0.0,"damage_taken":0.0},{"damage_healed":0.0,"max_hp_gain":0.0,"max_hp_loss":0.0,"gold_gain":0.0,"event_name":"Mysterious Sphere","player_choice":"Fight","floor":36.0,"gold_loss":0.0,"damage_taken":0.0},{"damage_healed":0.0,"max_hp_gain":0.0,"max_hp_loss":0.0,"gold_gain":0.0,"event_name":"Tomb of Lord Red Mask","player_choice":"Ignored","floor":38.0,"gold_loss":0.0,"damage_taken":0.0},{"damage_healed":0.0,"max_hp_gain":0.0,"max_hp_loss":0.0,"gold_gain":0.0,"event_name":"MindBloom","player_choice":"Fight","floor":39.0,"gold_loss":0.0,"damage_taken":0.0},{"damage_healed":0.0,"max_hp_gain":0.0,"max_hp_loss":0.0,"gold_gain":0.0,"event_name":"Accursed Blacksmith","player_choice":"Forge","floor":42.0,"gold_loss":0.0,"damage_taken":0.0,"cards_upgraded":["Defend_R"]}],"is_beta":false,"boss_relics":[{"not_picked":["Snecko Eye","Fusion Hammer"],"picked":"Runic Cube"},{"not_picked":["Runic Pyramid","Tiny House"],"picked":"Philosopher\u0027s Stone"}],"items_purged_floors":[2,23,37,54],"is_endless":false,"potions_floor_spawned":[1,5,8,11,18,29,33,35,39,46],"ascension_level":20}}