{"host":"k6w1k0xtzejbq5ja","time":1608871676,"event":{"mods":["AchievementEnabler","BaseMod","DeckTracker","Minty Spire (QoL Compilation)","Relic Stats","StSLib"],"gold_per_floor":[118,118,118,118,118,159,159,184,184,197,210,245,245,245,245,376,376,395,395,409,434,454,454,24,65,65,105,14,14,29,29,29],"floor_reached":31,"playtime":1736,"items_purged":["Strike_G"],"score":339,"play_id":"7bb99ef8-5082-4717-9e3f-b57e85dde78e","local_time":"20201224234756","is_ascension_mode":true,"campfire_choices":[{"data":"Riddle With Holes","floor":7.0,"key":"SMITH"},{"data":"Backflip","floor":13.0,"key":"SMITH"},{"floor":15.0,"key":"REST"},{"floor":23,"key":"REST"}],"circlet_count":0,"master_deck":["Strike_G","Strike_G","Defend_G+1","Defend_G+1","Defend_G","Defend_G","Defend_G","Survivor","Neutralize+1","Flying Knee+1","Riddle With Holes+1","Flying Knee","Flying Knee","Footwork","Backflip+1","Dagger Spray","Glass Knife","Skewer","Footwork","Riddle With Holes","Envenom","Bandage Up+1"],"relics":["Empty Cage","Golden Idol","Prayer Wheel","Vajra","Busted Crown","Gremlin Horn","Shuriken","Toxic Egg 2","Oddly Smooth Stone"],"acts_visited":["Exordium","TheCity"],"potions_floor_usage":[27,30],"damage_taken":[{"damage":9.0,"enemies":"Cultist","floor":1.0,"turns":5.0},{"damage":20.0,"enemies":"Lagavulin","floor":6.0,"turns":10.0},{"damage":0.0,"enemies":"Small Slimes","floor":8.0,"turns":3.0},{"damage":0.0,"enemies":"2 Louse","floor":10.0,"turns":2.0},{"damage":7.0,"enemies":"Red Slaver","floor":11.0,"turns":4.0},{"damage":4.0,"enemies":"3 Sentries","floor":12.0,"turns":6.0},{"damage":1.0,"enemies":"Hexaghost","floor":16.0,"turns":10.0},{"damage":4.0,"enemies":"Shell Parasite","floor":18.0,"turns":5.0},{"damage":0.0,"enemies":"Chosen","floor":20.0,"turns":3.0},{"damage":26,"enemies":"Sentry and Sphere","floor":21,"turns":5},{"damage":14,"enemies":"Centurion and Healer","floor":22,"turns":6},{"damage":0,"enemies":"Gremlin Leader","floor":25,"turns":8},{"damage":34,"enemies":"Slavers","floor":27,"turns":4},{"damage":0,"enemies":"Shelled Parasite and Fungi","floor":30,"turns":2},{"damage":18,"enemies":"Snake Plant","floor":31,"turns":3}],"seed_played":"-2699953394493815272","potions_obtained":[{"floor":10.0,"key":"CultistPotion"},{"floor":11.0,"key":"Strength Potion"},{"floor":20.0,"key":"CultistPotion"},{"floor":27,"key":"Energy Potion"}],"is_trial":false,"path_per_floor":["M","?","?","?","?","E","R","M","T","M","M","E","R","?","R","B",null,"M","?","M","M","M","R","$","E","T","E","$","?","M","M"],"character_chosen":"THE_SILENT","items_purchased":["Gremlin Horn","Footwork","Riddle With Holes","Bandage Up+1"],"campfire_rested":2,"item_purchase_floors":[24,24,24,28],"current_hp_per_floor":[61,47,47,47,47,27,27,27,27,27,20,16,16,16,35,34,65,61,61,61,35,21,40,40,40,40,6,6,11,11,0,0],"gold":29,"neow_bonus":"BOSS_RELIC","is_daily":false,"chose_seed":false,"campfire_upgraded":2,"win_rate":0.0,"timestamp":1608871676,"path_taken":["M","?","?","?","?","E","R","?","T","M","M","E","R","?","R","BOSS","M","?","M","M","M","R","$","E","T","E","$","?","M","?"],"items_purchased_type":["Relic","Card","Card","Card"],"build_version":"2020-12-22","purchased_purges":1,"victory":false,"max_hp_per_floor":[70,70,65,65,65,65,65,65,65,65,65,65,65,65,65,65,65,65,65,65,65,65,65,65,65,65,65,65,65,65,65,65],"relic_stats":{"Busted Crown":24,"Gremlin Horn":[10,10],"counters":[15,76],"Golden Idol":87,"Shuriken":[4],"Prayer Wheel":8,"obtain_stats":[{"Busted Crown":17,"Gremlin Horn":24,"Golden Idol":3,"Shuriken":25,"Vajra":12,"Oddly Smooth Stone":27,"Prayer Wheel":6,"Toxic Egg 2":26,"Empty Cage":0,"Ring of the Snake":0},{"Busted Crown":7,"Gremlin Horn":11,"Golden Idol":1,"Shuriken":12,"Vajra":6,"Oddly Smooth Stone":13,"Prayer Wheel":2,"Toxic Egg 2":12,"Empty Cage":0,"Ring of the Snake":0},{"Busted Crown":40,"Gremlin Horn":59,"Golden Idol":5,"Shuriken":67,"Vajra":30,"Oddly Smooth Stone":71,"Prayer Wheel":15,"Toxic Egg 2":67,"Empty Cage":0,"Ring of the Snake":0}]},"card_choices":[{"not_picked":["Deadly Poison","Underhanded Strike"],"picked":"Flying Knee","floor":1.0},{"not_picked":["Poisoned Stab","PiercingWail"],"picked":"Riddle With Holes","floor":6.0},{"not_picked":["Slice","Dagger Throw"],"picked":"Flying Knee","floor":8.0},{"not_picked":["Acrobatics","Backstab"],"picked":"Flying Knee","floor":8.0},{"not_picked":["Corpse Explosion","Quick Slash"],"picked":"Footwork","floor":10.0},{"not_picked":["Underhanded Strike","Outmaneuver","PiercingWail"],"picked":"SKIP","floor":10.0},{"not_picked":["Flying Knee","Reflex"],"picked":"Backflip","floor":11.0},{"not_picked":["Dodge and Roll","Underhanded Strike","Bane"],"picked":"SKIP","floor":11.0},{"not_picked":["Well Laid Plans","Concentrate"],"picked":"Dagger Spray","floor":12.0},{"not_picked":["Bullet Time","Tools of the Trade"],"picked":"Glass Knife","floor":16.0},{"not_picked":["Cloak And Dagger"],"picked":"SKIP","floor":18.0},{"not_picked":["Backflip"],"picked":"SKIP","floor":18.0},{"not_picked":["Slice+1"],"picked":"SKIP","floor":20.0},{"not_picked":["Sucker Punch+1"],"picked":"SKIP","floor":20.0},{"not_picked":[],"picked":"Skewer","floor":21},{"not_picked":["Poisoned Stab+1"],"picked":"SKIP","floor":21},{"not_picked":[],"picked":"PiercingWail","floor":22},{"not_picked":["Quick Slash"],"picked":"SKIP","floor":22},{"not_picked":[],"picked":"Envenom","floor":25},{"not_picked":["All Out Attack"],"picked":"SKIP","floor":27},{"not_picked":["Reflex+1"],"picked":"SKIP","floor":30},{"not_picked":["Deflect+1"],"picked":"SKIP","floor":30}],"player_experience":355297,"relics_obtained":[{"floor":6.0,"key":"Prayer Wheel"},{"floor":12.0,"key":"Vajra"},{"floor":25,"key":"Shuriken"},{"floor":26,"key":"Toxic Egg 2"},{"floor":27,"key":"Oddly Smooth Stone"}],"event_choices":[{"damage_healed":0.0,"max_hp_gain":0.0,"max_hp_loss":0.0,"gold_gain":0.0,"event_name":"Shining Light","player_choice":"Entered Light","floor":2.0,"gold_loss":0.0,"damage_taken":14.0,"cards_upgraded":["Defend_G","Flying Knee"]},{"damage_healed":0.0,"max_hp_gain":0.0,"max_hp_loss":5.0,"gold_gain":0.0,"event_name":"Golden Idol","player_choice":"Lose Max HP","floor":3.0,"gold_loss":0.0,"damage_taken":0.0,"relics_obtained":["Golden Idol"]},{"damage_healed":0.0,"max_hp_gain":0.0,"max_hp_loss":0.0,"gold_gain":0.0,"event_name":"Living Wall","player_choice":"Grow","floor":4.0,"gold_loss":0.0,"damage_taken":0.0,"cards_upgraded":["Neutralize"]},{"damage_healed":0.0,"max_hp_gain":0.0,"max_hp_loss":0.0,"gold_gain":0.0,"event_name":"Upgrade Shrine","player_choice":"Upgraded","floor":5.0,"gold_loss":0.0,"damage_taken":0.0,"cards_upgraded":["Defend_G"]},{"damage_healed":0.0,"max_hp_gain":0.0,"max_hp_loss":0.0,"gold_gain":0.0,"event_name":"Scrap Ooze","player_choice":"Fled","floor":14.0,"gold_loss":0.0,"damage_taken":0.0},{"damage_healed":0.0,"max_hp_gain":0.0,"max_hp_loss":0.0,"gold_gain":0.0,"event_name":"Ghosts","player_choice":"Ignored","floor":19.0,"gold_loss":0.0,"damage_taken":0.0},{"cards_removed":["PiercingWail"],"damage_healed":5,"gold_gain":0,"player_choice":"Offered Common","damage_taken":0,"max_hp_gain":0,"max_hp_loss":0,"event_name":"Bonfire Elementals","floor":29,"gold_loss":0},{"cards_removed":["PiercingWail"],"damage_healed":5,"gold_gain":0,"player_choice":"Offered Special","damage_taken":0,"max_hp_gain":0,"max_hp_loss":0,"event_name":"Bonfire Elementals","floor":29,"gold_loss":0}],"is_beta":false,"boss_relics":[{"not_picked":["Fusion Hammer","Coffee Dripper"],"picked":"Busted Crown"}],"items_purged_floors":[24],"is_endless":false,"potions_floor_spawned":[10,11,20,27],"killed_by":"Snake Plant","ascension_level":2}}