{"host":"kn32u0f2pym5bozc","time":1608897066,"event":{"mods":["2.2 Compatiblity","BaseMod","Better Third Choice","Minty Spire (QoL Compilation)","Permanent Neow","Relic Stats","StSLib","The Animator"],"gold_per_floor":[16,26,26,39,66,66,93,93,170,48,48,72,84,60,60,160,160,176,101,101,119,74,74,74,74],"floor_reached":24,"playtime":2110,"items_purged":["animator:Rider"],"score":310,"play_id":"45a3d15d-62f9-4cb0-bfa4-6743b96b21bd","local_time":"20201225065106","is_ascension_mode":true,"campfire_choices":[{"data":"animator:Alexander","floor":6.0,"key":"SMITH"},{"floor":11.0,"key":"REST"},{"floor":13.0,"key":"REST"},{"data":"animator:GuildGirl","floor":15.0,"key":"SMITH"},{"floor":23.0,"key":"REST"}],"circlet_count":0,"master_deck":["AscendersBane","animator:Strike_Fate","animator:Defend_Fate","animator:Defend","animator:Defend","animator:Defend","animator:Alexander+1","animator:KyokoSakura","animator:GuildGirl+1","animator:RinTohsaka","animator:ZankiKiguchi","animator:DolaCouronne+1","animator:Raven","animator:Hakurou","animator:Kuribayashi","animator:Berserker","animator:Konayuki+1","animator:Illya+1"],"relics":["animator:LivingPicture","animator:TheMissingPiece","animator:PurgingStone","Calipers","Dream Catcher","Toxic Egg 2","Empty Cage"],"acts_visited":["Exordium","TheCity"],"potions_floor_usage":[24],"damage_taken":[{"damage":5.0,"enemies":"2 Louse","floor":1.0,"turns":3.0},{"damage":0.0,"enemies":"Cultist","floor":2.0,"turns":3.0},{"damage":0.0,"enemies":"Jaw Worm","floor":4.0,"turns":3.0},{"damage":2.0,"enemies":"Looter","floor":5.0,"turns":4.0},{"damage":44.0,"enemies":"Gremlin Nob","floor":7.0,"turns":6.0},{"damage":0.0,"enemies":"Exordium Wildlife","floor":12.0,"turns":2.0},{"damage":21.0,"enemies":"Hexaghost","floor":16.0,"turns":9.0},{"damage":18.0,"enemies":"Chosen","floor":18.0,"turns":6.0},{"damage":25.0,"enemies":"2 Thieves","floor":21.0,"turns":4.0},{"damage":49,"enemies":"Book of Stabbing","floor":24,"turns":3}],"seed_played":"-7802216471667473141","potions_obtained":[{"floor":2.0,"key":"FearPotion"},{"floor":7.0,"key":"FearPotion"},{"floor":12.0,"key":"DistilledChaos"},{"floor":16.0,"key":"AttackPotion"},{"floor":18.0,"key":"LiquidBronze"}],"is_trial":false,"path_per_floor":["M","M","?","M","M","R","E","?","T","$","R","M","R","$","R","B",null,"M","?","?","M","$","R","E"],"character_chosen":"THE_ANIMATOR","items_purchased":["animator:DolaCouronne+1","animator:Berserker","animator:Illya+1"],"campfire_rested":3,"item_purchase_floors":[10,14,22],"current_hp_per_floor":[54,54,54,54,52,52,8,8,8,8,27,27,46,46,46,25,56,38,38,38,13,13,32,0,0],"gold":74,"neow_bonus":"ONE_RARE_RELIC","is_daily":false,"chose_seed":false,"campfire_upgraded":2,"win_rate":0.0,"timestamp":1608897066,"path_taken":["M","M","?","M","?","R","E","?","T","$","R","M","R","?","R","BOSS","M","?","?","M","$","R","E"],"items_purchased_type":["Card","Card","Card"],"build_version":"2020-12-22","purchased_purges":1,"victory":false,"max_hp_per_floor":[66,66,66,66,66,66,66,66,66,66,66,66,66,66,66,66,66,66,66,66,66,66,66,66,66],"relic_stats":{"Dream Catcher":3,"counters":[10,43],"obtain_stats":[{"Dream Catcher":7,"Calipers":0,"animator:PurgingStone":0,"animator:TheMissingPiece":0,"animator:LivingPicture":0,"Toxic Egg 2":9,"Empty Cage":17},{"Dream Catcher":5,"Calipers":0,"animator:PurgingStone":0,"animator:TheMissingPiece":0,"animator:LivingPicture":0,"Toxic Egg 2":5,"Empty Cage":7},{"Dream Catcher":19,"Calipers":0,"animator:PurgingStone":0,"animator:TheMissingPiece":0,"animator:LivingPicture":0,"Toxic Egg 2":19,"Empty Cage":30}]},"card_choices":[{"not_picked":["animator:DolaCouronne","animator:Shuna"],"picked":"animator:KyokoSakura","floor":1.0},{"not_picked":["animator:NarberalGamma","animator:Togame"],"picked":"animator:PandorasActor","floor":2.0},{"not_picked":["animator:Mitsuba","animator:Caster"],"picked":"animator:GuildGirl","floor":4.0},{"not_picked":["animator:ShinjiMatou","animator:Assassin"],"picked":"animator:RinTohsaka","floor":5.0},{"not_picked":["animator:Raven","animator:LizardPriest"],"picked":"animator:ZankiKiguchi","floor":7.0},{"not_picked":["animator:Laby","animator:YachiyoNanami"],"picked":"animator:Raven","floor":11.0},{"not_picked":["animator:Viivi","animator:Gillette"],"picked":"animator:Hakurou","floor":12.0},{"not_picked":["animator:Ciel+1","animator:KyokoSakura"],"picked":"animator:Kuribayashi","floor":13.0},{"not_picked":["animator:AcuraAkari+1","animator:Chung+1"],"picked":"animator:Konayuki+1","floor":18.0}],"player_experience":750099,"relics_obtained":[{"floor":7.0,"key":"Dream Catcher"},{"floor":9.0,"key":"Toxic Egg 2"}],"event_choices":[{"cards_removed":["animator:Strike"],"damage_healed":0.0,"max_hp_gain":0.0,"max_hp_loss":0.0,"gold_gain":0.0,"event_name":"Purifier","player_choice":"Purged","floor":3.0,"gold_loss":0.0,"damage_taken":0.0},{"damage_healed":8.0,"max_hp_gain":0.0,"max_hp_loss":66.0,"gold_gain":0.0,"event_name":"betterThird:BetterShining","player_choice":"Leave","floor":8.0,"gold_loss":1.0,"damage_taken":0.0},{"cards_removed":["animator:Strike"],"damage_healed":0.0,"max_hp_gain":0.0,"max_hp_loss":0.0,"gold_gain":0.0,"event_name":"Beggar","player_choice":"Gave Gold","floor":19.0,"gold_loss":75.0,"damage_taken":0.0},{"damage_healed":0.0,"max_hp_gain":0.0,"max_hp_loss":0.0,"gold_gain":0.0,"event_name":"Vampires","player_choice":"Ignored","floor":20.0,"gold_loss":0.0,"damage_taken":0.0}],"is_beta":false,"boss_relics":[{"not_picked":["Astrolabe","animator:HolyGrailRelic"],"picked":"Empty Cage"}],"items_purged_floors":[10],"is_endless":false,"potions_floor_spawned":[2,7,12,16,18],"killed_by":"Book of Stabbing","ascension_level":12}}