{"host":"6stms6pip0nke83b","time":1608919939,"event":{"mods":["BaseMod","Hermit","JesterMod","Minty Spire (QoL Compilation)","Quick Restart","Robot Space Explorer","Shade Mod","StSLib","The Cursed","The Death Knight","The Forsaken","The Hierophant","The IronCluck","The Marked","The Runesmith"],"gold_per_floor":[117,135,146,164,3,3,33,33,33,33,64,84,84,98,98,193,243,255,271,11,21,21,49,49,60,110,187,215,226,151,182,182,281,581,594,594,1593,1607,1623,1623,1643,1661,1661,1661,1695,1078,1078,1090,1090,1090],"floor_reached":51,"playtime":4150,"items_purged":["Normality"],"score":974,"play_id":"caf14f0a-8baf-4f21-8edb-a808796fb199","local_time":"20201225191219","is_ascension_mode":false,"campfire_choices":[{"data":"TheCursedMod:CleanUpWorkshop","floor":6.0,"key":"SMITH"},{"data":"TheCursedMod:RavingStaff","floor":8.0,"key":"SMITH"},{"data":"TheCursedMod:VoidForm","floor":15.0,"key":"SMITH"},{"data":"TheCursedMod:CollectTribute","floor":24.0,"key":"SMITH"},{"data":"TheCursedMod:LuckyCharm","floor":32,"key":"SMITH"},{"data":"TheCursedMod:NeowsMight","floor":40,"key":"SMITH"},{"data":"TheCursedMod:HellfireBreathing","floor":47,"key":"SMITH"},{"data":"TheCursedMod:CursedSpellbook","floor":49,"key":"SMITH"}],"circlet_count":0,"master_deck":["TheCursedMod:Strike_TheCursed+1","TheCursedMod:Strike_TheCursed","TheCursedMod:Strike_TheCursed","TheCursedMod:Defend_TheCursed+1","TheCursedMod:Defend_TheCursed","TheCursedMod:CursedWand+1","TheCursedMod:CleanUpWorkshop+1","TheCursedMod:Dregs","TheCursedMod:RavingStaff+1","TheCursedMod:Obscuration","TheCursedMod:CursedBlade","TheCursedMod:LuckyCharm+1","TheCursedMod:DemonSword","TheCursedMod:CursedMace","TheCursedMod:SmokeScreen","TheCursedMod:HellfireBreathing+1","TheCursedMod:VoidForm+1","TheCursedMod:DemonSword+1","TheCursedMod:NeowsMight+1","TheCursedMod:CursedSpellbook+1","TheCursedMod:CursedAmulet+1","TheCursedMod:CursedBoomerang+1","TheCursedMod:SoulReap+1","TheCursedMod:CircleOfAbyss+1","theForsaken:PlagueCurse","TheCursedMod:CollectTribute+1","TheCursedMod:FleshFromBone+1","TheCursedMod:ReleasedStrength+1","TheCursedMod:SurpriseAttack+1","TheCursedMod:NeowsMight+1","CurseOfTheBell","Normality","Parasite","TheCursedMod:RapidMovement+1","TheCursedMod:Evocation+1","Deep Breath+1","Secret Weapon+1","TheCursedMod:CursedSpellbook+1"],"relics":["TheCursedMod:BlackMagic101","NeowsBlessing","White Beast Statue","Molten Egg 2","Whetstone","Tiny House","Vajra","theForsaken:PlagueMask","War Paint","Art of War","Sundial","Eternal Feather","Oddly Smooth Stone","Calling Bell","Centennial Puzzle","Toxic Egg 2","Old Coin","Akabeko","Bag of Marbles","Membership Card","PreservedInsect","InkBottle"],"acts_visited":["Exordium","TheCity","TheBeyond"],"potions_floor_usage":[28,28,31,31,31,41,42,50,50],"damage_taken":[{"damage":0.0,"enemies":"Small Slimes","floor":1.0,"turns":1.0},{"damage":0.0,"enemies":"Cultist","floor":2.0,"turns":1.0},{"damage":0.0,"enemies":"Jaw Worm","floor":3.0,"turns":1.0},{"damage":8.0,"enemies":"Exordium Wildlife","floor":4.0,"turns":5.0},{"damage":13.0,"enemies":"Lagavulin","floor":7.0,"turns":7.0},{"damage":32.0,"enemies":"3 Sentries","floor":11.0,"turns":6.0},{"damage":1.0,"enemies":"Red Slaver","floor":12.0,"turns":3.0},{"damage":0.0,"enemies":"Looter","floor":14.0,"turns":2.0},{"damage":1.0,"enemies":"Slime Boss","floor":16.0,"turns":5.0},{"damage":8.0,"enemies":"3 Byrds","floor":18.0,"turns":5.0},{"damage":0.0,"enemies":"Chosen","floor":19.0,"turns":2.0},{"damage":16.0,"enemies":"Centurion and Healer","floor":21.0,"turns":5.0},{"damage":39.0,"enemies":"Gremlin Leader","floor":23.0,"turns":4.0},{"damage":0.0,"enemies":"Snake Plant","floor":25.0,"turns":2.0},{"damage":4,"enemies":"Book of Stabbing","floor":28,"turns":5},{"damage":0,"enemies":"Chosen and Byrds","floor":29,"turns":4},{"damage":0,"enemies":"Gremlin Leader","floor":31,"turns":2},{"damage":37,"enemies":"Automaton","floor":33,"turns":6},{"damage":5,"enemies":"3 Darklings","floor":35,"turns":4},{"damage":4,"enemies":"Orb Walker","floor":38,"turns":2},{"damage":3,"enemies":"Writhing Mass","floor":39,"turns":5},{"damage":11,"enemies":"Sphere and 2 Shapes","floor":41,"turns":4},{"damage":31,"enemies":"3 Darklings","floor":42,"turns":6},{"damage":9,"enemies":"Giant Head","floor":45,"turns":6},{"damage":3,"enemies":"Transient","floor":48,"turns":5},{"damage":17,"enemies":"Time Eater","floor":50,"turns":7}],"seed_played":"5753222214792925829","potions_obtained":[{"floor":2.0,"key":"Regen Potion"},{"floor":4.0,"key":"DeathKnight:RimePotion"},{"floor":11.0,"key":"DeathKnight:RimePotion"},{"floor":12.0,"key":"SteroidPotion"},{"floor":14.0,"key":"Regen Potion"},{"floor":16.0,"key":"AttackPotion"},{"floor":19.0,"key":"Energy Potion"},{"floor":21.0,"key":"Dexterity Potion"},{"floor":23.0,"key":"Explosive Potion"},{"floor":25.0,"key":"SkillPotion"},{"floor":28,"key":"Explosive Potion"},{"floor":29,"key":"AttackPotion"},{"floor":31,"key":"Fire Potion"},{"floor":33,"key":"SkillPotion"},{"floor":35,"key":"SmokeBomb"},{"floor":38,"key":"Dexterity Potion"},{"floor":41,"key":"Block Potion"},{"floor":42,"key":"Strength Potion"},{"floor":45,"key":"SteroidPotion"}],"is_trial":false,"path_per_floor":["M","M","M","M","$","R","E","R","T","$","E","M","?","M","R","B",null,"M","M","$","M","?","E","R","M","T","T","E","M","?","E","R","B",null,"M","?","?","M","M","R","M","M","T","?","E","$","R","M","R","B",null],"character_chosen":"THE_CURSED","items_purchased":["TheCursedMod:DemonSword","TheCursedMod:CursedMace","TheCursedMod:CursedBoomerang+1","TheCursedMod:SoulReap+1","Vajra","Membership Card","PreservedInsect","InkBottle","Deep Breath+1","Secret Weapon+1","DuplicationPotion","PowerPotion"],"campfire_rested":0,"item_purchase_floors":[5,5,20,20,20,46,46,46,46,46,46,46],"current_hp_per_floor":[75,75,75,67,67,67,54,54,54,54,37,36,36,36,36,35,80,72,72,72,56,56,29,29,38,38,38,34,53,53,66,80,51,80,75,75,75,71,80,80,69,46,46,46,58,58,79,77,80,63],"gold":1090,"neow_bonus":"THREE_ENEMY_KILL","is_daily":false,"chose_seed":false,"campfire_upgraded":8,"win_rate":0.0,"timestamp":1608919939,"path_taken":["M","M","M","M","$","R","E","R","T","$","E","M","?","M","R","BOSS","M","M","$","?","?","E","R","M","T","?","E","?","?","E","R","BOSS","M","?","?","M","M","R","M","M","T","?","E","$","R","M","R","BOSS"],"items_purchased_type":["Card","Card","Card","Card","Relic","Relic","Relic","Relic","Card","Card","Potion","Potion"],"build_version":"2020-12-22","purchased_purges":1,"victory":true,"max_hp_per_floor":[75,75,75,75,75,75,75,75,75,75,75,75,75,75,75,75,80,80,80,80,80,80,80,80,80,80,80,80,80,80,80,80,80,80,80,80,80,80,80,80,80,80,80,80,80,80,80,80,80,80],"card_choices":[{"not_picked":["TheCursedMod:SpitefulStrike","TheCursedMod:DoubleShield"],"picked":"TheCursedMod:RavingStaff","floor":1.0},{"not_picked":["TheCursedMod:CircleOfFocus","TheCursedMod:FuryStrike"],"picked":"TheCursedMod:Obscuration","floor":2.0},{"not_picked":["TheCursedMod:TacticalStrike","TheCursedMod:Stretching"],"picked":"TheCursedMod:CursedBlade","floor":3.0},{"not_picked":["TheCursedMod:CursedStaff","TheCursedMod:SaltUponWound"],"picked":"TheCursedMod:LuckyCharm","floor":4.0},{"not_picked":["TheCursedMod:CursedShiv","TheCursedMod:CursedBlade"],"picked":"TheCursedMod:SmokeScreen","floor":7.0},{"not_picked":["TheCursedMod:Wield+1","TheCursedMod:SpreadPlague"],"picked":"TheCursedMod:HellfireBreathing","floor":11.0},{"not_picked":["TheCursedMod:CursedShiv+1","TheCursedMod:SaltUponWound"],"picked":"TheCursedMod:VoidForm","floor":12.0},{"not_picked":["TheCursedMod:Stretching","TheCursedMod:RapidMovement","TheCursedMod:CursedBoomerang+1"],"picked":"SKIP","floor":14.0},{"not_picked":["TheCursedMod:CursedRelics+1","TheCursedMod:DarkBarrier"],"picked":"TheCursedMod:NeowsMight","floor":16.0},{"not_picked":["TheCursedMod:SpitefulPlan","TheCursedMod:SpitefulStrike+1"],"picked":"TheCursedMod:CursedSpellbook","floor":17.0},{"not_picked":["TheCursedMod:AbyssShockwave+1","TheCursedMod:RapidMovement","TheCursedMod:SpitefulStrike+1"],"picked":"SKIP","floor":18.0},{"not_picked":["TheCursedMod:CursedArmor","TheCursedMod:VitalStrike+1"],"picked":"TheCursedMod:CursedAmulet+1","floor":19.0},{"not_picked":["TheCursedMod:Stigma+1","TheCursedMod:ReleasedKnowledge+1"],"picked":"TheCursedMod:CircleOfAbyss","floor":21.0},{"not_picked":["TheCursedMod:RavingStaff+1","TheCursedMod:TroublousMinions"],"picked":"TheCursedMod:CollectTribute","floor":23.0},{"not_picked":["TheCursedMod:TacticalStrike+1","TheCursedMod:RavingStaff+1"],"picked":"TheCursedMod:FleshFromBone+1","floor":25.0},{"not_picked":["TheCursedMod:CircleOfFlame","TheCursedMod:LuckyCharm","TheCursedMod:TacticalStrike+1"],"picked":"SKIP","floor":28},{"not_picked":["TheCursedMod:TroublousMinions","TheCursedMod:Grudge"],"picked":"TheCursedMod:ReleasedStrength+1","floor":29},{"not_picked":["TheCursedMod:AbyssShockwave+1","TheCursedMod:DoubleShield"],"picked":"TheCursedMod:SurpriseAttack+1","floor":31},{"not_picked":["TheCursedMod:ParallelWorld","TheCursedMod:AntiAging"],"picked":"TheCursedMod:NeowsMight","floor":33},{"not_picked":["TheCursedMod:RapidMovement+1","TheCursedMod:RavingStaff+1","TheCursedMod:CircleOfCorruption+1"],"picked":"SKIP","floor":35},{"not_picked":["TheCursedMod:CursedBoomerang+1","TheCursedMod:Stretching+1","TheCursedMod:DoubleShield+1"],"picked":"SKIP","floor":38},{"not_picked":["TheCursedMod:CursedBoomerang+1","TheCursedMod:Mangle+1","TheCursedMod:SmokeScreen+1"],"picked":"SKIP","floor":39},{"not_picked":["TheCursedMod:CursedMace+1","TheCursedMod:CursedArmor+1","TheCursedMod:VitalStrike+1"],"picked":"SKIP","floor":41},{"not_picked":["TheCursedMod:CursedAmulet+1","TheCursedMod:CursedShiv+1"],"picked":"TheCursedMod:RapidMovement+1","floor":42},{"not_picked":["TheCursedMod:Grudge+1","TheCursedMod:WearCloak+1"],"picked":"TheCursedMod:Evocation+1","floor":45},{"not_picked":["TheCursedMod:ReleasedStrength+1","TheCursedMod:Wield+1"],"picked":"TheCursedMod:CursedSpellbook+1","floor":48}],"player_experience":781315,"relics_obtained":[{"floor":7.0,"key":"White Beast Statue"},{"floor":9.0,"key":"Molten Egg 2"},{"floor":11.0,"key":"Whetstone"},{"floor":23.0,"key":"War Paint"},{"floor":26.0,"key":"Art of War"},{"floor":27.0,"key":"Sundial"},{"floor":28,"key":"Eternal Feather"},{"floor":31,"key":"Oddly Smooth Stone"},{"floor":34,"key":"Centennial Puzzle"},{"floor":34,"key":"Toxic Egg 2"},{"floor":34,"key":"Old Coin"},{"floor":43,"key":"Akabeko"},{"floor":45,"key":"Bag of Marbles"}],"event_choices":[{"damage_healed":0.0,"max_hp_gain":0.0,"max_hp_loss":0.0,"gold_gain":0.0,"cards_transformed":["TheCursedMod:Defend_TheCursed"],"event_name":"Transmorgrifier","player_choice":"Transformed","floor":13.0,"gold_loss":0.0,"damage_taken":0.0,"cards_obtained":["TheCursedMod:DemonSword"]},{"damage_healed":0.0,"max_hp_gain":0.0,"max_hp_loss":0.0,"gold_gain":0.0,"event_name":"Plague Doctor","player_choice":"Obtain Plague Curse","floor":22.0,"gold_loss":0.0,"damage_taken":0.0,"cards_obtained":["theForsaken:PlagueCurse"]},{"cards_removed":["TheCursedMod:Strike_TheCursed"],"damage_healed":0,"gold_gain":0,"player_choice":"Gave Gold","damage_taken":0,"max_hp_gain":0,"max_hp_loss":0,"event_name":"Beggar","floor":30,"gold_loss":75},{"damage_healed":0,"gold_gain":0,"player_choice":"Memory 1","damage_taken":0,"max_hp_gain":0,"max_hp_loss":0,"event_name":"SensoryStone","floor":36,"gold_loss":0},{"damage_healed":0,"gold_gain":999,"player_choice":"Gold","damage_taken":0,"max_hp_gain":0,"max_hp_loss":0,"event_name":"MindBloom","floor":37,"gold_loss":0,"cards_obtained":["Normality","Normality"]},{"cards_removed":["TheCursedMod:Defend_TheCursed"],"damage_healed":0,"gold_gain":0,"player_choice":"Removed Skill","damage_taken":0,"max_hp_gain":0,"max_hp_loss":0,"event_name":"Falling","floor":44,"gold_loss":0}],"is_beta":false,"boss_relics":[{"not_picked":["TheCursedMod:BlackMagicAdvanced","Ectoplasm"],"picked":"Tiny House"},{"not_picked":["Runic Pyramid","Astrolabe"],"picked":"Calling Bell"}],"items_purged_floors":[46],"is_endless":false,"potions_floor_spawned":[2,4,11,12,14,16,18,19,21,23,25,28,29,31,33,35,38,39,41,42,45,48],"ascension_level":0}}