{"host":"4hhgf71pxvqwkagf","time":1608919788,"event":{"mods":["2.2 Compatiblity","AchievementEnabler","BaseMod","GungeonMod","Hermit","Lobotomy","Minty Spire (QoL Compilation)","Permanent Neow","Quick Restart","READ ME - Guardian Mod","StSLib","SuperFastMode","The Bug Knight","The Hierophant","everything is the same but u backflip on backflip"],"gold_per_floor":[114,114,131,143,163,163,183,183,183,199,199,240,240,0,0,129,129,147,162,162,187,206,206,240,240,240,264,264,264,298,223,223,344,344,362,362,362,236,250,250,275,608,608,643,366,416,427,427,427,427],"floor_reached":51,"playtime":2462,"items_purged":["Writhe"],"score":890,"play_id":"36484146-e00b-45d8-b2ac-036f62cd493e","local_time":"20201226030948","is_ascension_mode":false,"campfire_choices":[{"data":"HollowMod:FocusHealStart","floor":6.0,"key":"SMITH"},{"data":"HollowMod:CornifersMapStart","floor":8.0,"key":"SMITH"},{"floor":13.0,"key":"REST"},{"floor":15.0,"key":"REST"},{"data":"HollowMod:NewLastStag","floor":23.0,"key":"SMITH"},{"floor":25.0,"key":"REST"},{"data":"HollowMod:HuntersJournal","floor":29.0,"key":"SMITH"},{"data":"HollowMod:MantisMark","floor":32.0,"key":"SMITH"},{"floor":40.0,"key":"REST"},{"floor":49,"key":"REST"}],"circlet_count":0,"master_deck":["HollowMod:FocusHealStart+1","HollowMod:PogoStrike","HollowMod:SoulStrike","Lamp+34","HollowMod:CornifersMapStart+1","HollowMod:ChannelNail","HollowMod:NewLittleFool","HollowMod:PerfectDash","HollowMod:HuntersJournal+1","HollowMod:NewLastStag+1","HollowMod:AwokenDreamNail","HollowMod:ZotesMagnificence","HollowMod:MantisMark+1","HollowMod:InfectedAttack","HollowMod:CloakDash","HollowMod:SharpenedNail","HollowMod:PerfectDash","HollowMod:QuirrelsAssistance+1","HollowMod:HuntersJournal+1","HollowMod:SiblingsSouls+1","HollowMod:SoulShaman+1","HollowMod:CloakDash+1","HollowMod:HornetsHelp","HollowMod:SiblingsSouls+1","HollowMod:DreamGate+1","The Bomb+1","Panacea+1"],"relics":["HollowMod:VesselMask","DemoMod:LamentConfigurum","Vajra","Pandora\u0027s Box","Torii","Toxic Egg 2","HollowMod:MillibellesNoteRelic","Sundial","Pear","PreservedInsect","Fusion Hammer","DemoMod:ChaffGrenade","Mercury Hourglass","DemoMod:NanoMachines","HollowMod:KingsBrand","Orrery","DemoMod:Orange"],"acts_visited":["Exordium","TheCity","TheBeyond"],"potions_floor_usage":[],"damage_taken":[{"damage":1.0,"enemies":"Cultist","floor":1.0,"turns":3.0},{"damage":0.0,"enemies":"2 Louse","floor":3.0,"turns":2.0},{"damage":1.0,"enemies":"Small Slimes","floor":4.0,"turns":2.0},{"damage":6.0,"enemies":"Red Slaver","floor":5.0,"turns":3.0},{"damage":1.0,"enemies":"Blue Slaver","floor":7.0,"turns":2.0},{"damage":13.0,"enemies":"Large Slime","floor":10.0,"turns":3.0},{"damage":53.0,"enemies":"Lagavulin","floor":12.0,"turns":9.0},{"damage":0.0,"enemies":"Slime Boss","floor":16.0,"turns":7.0},{"damage":8.0,"enemies":"Chosen","floor":18.0,"turns":2.0},{"damage":20.0,"enemies":"3 Byrds","floor":19.0,"turns":5.0},{"damage":2.0,"enemies":"Cultist and Chosen","floor":21.0,"turns":3.0},{"damage":0.0,"enemies":"Snake Plant","floor":22.0,"turns":1.0},{"damage":28.0,"enemies":"Slavers","floor":24.0,"turns":5.0},{"damage":0.0,"enemies":"Centurion and Healer","floor":27.0,"turns":1.0},{"damage":0.0,"enemies":"HollowMod:Nosk","floor":30.0,"turns":1.0},{"damage":3.0,"enemies":"Collector","floor":33.0,"turns":3.0},{"damage":12.0,"enemies":"3 Shapes","floor":35.0,"turns":3.0},{"damage":3.0,"enemies":"3 Darklings","floor":39.0,"turns":4.0},{"damage":11.0,"enemies":"Sphere and 2 Shapes","floor":41.0,"turns":3.0},{"damage":0.0,"enemies":"Giant Head","floor":44.0,"turns":1.0},{"damage":0.0,"enemies":"Mind Bloom Boss Battle","floor":46.0,"turns":2.0},{"damage":0,"enemies":"Spire Growth","floor":47,"turns":1},{"damage":25,"enemies":"Donu and Deca","floor":50,"turns":5}],"seed_played":"-3630833764863999919","potions_obtained":[{"floor":4.0,"key":"Strength Potion"},{"floor":7.0,"key":"Swift Potion"},{"floor":10.0,"key":"Strength Potion"},{"floor":16.0,"key":"Dexterity Potion"},{"floor":24.0,"key":"Swift Potion"},{"floor":27.0,"key":"SkillPotion"},{"floor":30.0,"key":"Regen Potion"},{"floor":41.0,"key":"FearPotion"},{"floor":44.0,"key":"SmokeBomb"}],"is_trial":false,"path_per_floor":["M","?","M","M","M","R","M","R","T","M","?","E","R","?","R","B",null,"M","M","?","M","M","R","E","R","T","M","?","R","E","?","R","B",null,"M","?","?","$","M","R","M","?","T","E","$","?","M","$","R","B",null],"character_chosen":"THE_BUGKNIGHT","items_purchased":["HollowMod:CloakDash+1","DemoMod:NanoMachines","HollowMod:KingsBrand","Orrery","The Bomb+1","Panacea+1"],"campfire_rested":5,"item_purchase_floors":[38,45,45,45,45,45],"current_hp_per_floor":[63,63,63,62,56,56,61,61,61,54,54,7,27,27,47,57,69,61,47,47,51,51,51,29,49,49,49,59,59,59,59,59,61,79,72,72,72,72,69,79,68,68,68,68,68,80,80,80,91,66],"gold":427,"neow_bonus":"TRANSFORM_TWO_CARDS","is_daily":false,"chose_seed":false,"campfire_upgraded":5,"win_rate":0.0,"timestamp":1608919788,"path_taken":["M","?","M","M","?","R","M","R","T","M","?","E","R","?","R","BOSS","M","M","?","M","?","R","E","R","T","M","?","R","E","?","R","BOSS","M","?","?","$","M","R","M","?","T","E","$","?","?","$","R","BOSS"],"items_purchased_type":["Card","Relic","Relic","Relic","Card","Card"],"build_version":"2020-12-22","purchased_purges":1,"victory":true,"max_hp_per_floor":[75,75,75,75,75,75,75,75,75,75,69,69,69,69,69,69,69,69,69,69,69,69,69,69,69,69,69,79,79,79,79,79,79,79,79,79,79,79,79,79,79,79,79,79,79,91,91,91,91,91],"card_choices":[{"not_picked":["HollowMod:SoulSplash","HollowMod:ChannelNail"],"picked":"HollowMod:TaintedHusks","floor":1.0},{"not_picked":["HollowMod:HornetsHelp","HollowMod:NewLittleFool"],"picked":"HollowMod:CornifersMapStart","floor":3.0},{"not_picked":["HollowMod:GrimmsGift","HollowMod:AbyssShriek"],"picked":"HollowMod:ChannelNail","floor":4.0},{"not_picked":["HollowMod:DungDefenderAura","HollowMod:CornifersMapStart","HollowMod:ChannelNail"],"picked":"SKIP","floor":5.0},{"not_picked":["HollowMod:ShadowDash","HollowMod:ShapeofUnn"],"picked":"HollowMod:NewLittleFool","floor":7.0},{"not_picked":["HollowMod:ShadowDash","HollowMod:HeavyBlow"],"picked":"HollowMod:PerfectDash","floor":10.0},{"not_picked":["HollowMod:CloakDash","HollowMod:SoulSplash"],"picked":"HollowMod:HuntersJournal","floor":12.0},{"not_picked":["HollowMod:SlysStrikes","HollowMod:theNailsmith"],"picked":"HollowMod:AwokenDreamNail","floor":16.0},{"not_picked":["HollowMod:InfectedAttack+1","HollowMod:DashSlash","HollowMod:HeavyBlow"],"picked":"SKIP","floor":18.0},{"not_picked":["HollowMod:BaldurShell","HollowMod:VengefulVoid"],"picked":"HollowMod:QuirrelsAssistance+1","floor":19.0},{"not_picked":["HollowMod:ChannelNail+1","HollowMod:SoulStrike+1"],"picked":"HollowMod:HuntersJournal+1","floor":21.0},{"not_picked":["HollowMod:SharpenedShadows","HollowMod:MawleksShell+1","HollowMod:BaldurShell"],"picked":"SKIP","floor":22.0},{"not_picked":["HollowMod:SoulMaster","HollowMod:GoodIntentions+1"],"picked":"HollowMod:SiblingsSouls+1","floor":24.0},{"not_picked":["HollowMod:SharpenedNail","HollowMod:DoubleDash+1"],"picked":"HollowMod:SoulShaman+1","floor":27.0},{"not_picked":["HollowMod:FastStrike+1","HollowMod:HeavyBlow","HollowMod:GreatSlash"],"picked":"SKIP","floor":30.0},{"not_picked":["HollowMod:GoodIntentions+1","HollowMod:SharpenedNail","HollowMod:SoulStrike"],"picked":"SKIP","floor":35.0},{"not_picked":["HollowMod:WraithStrike","HollowMod:DesolateDive","HollowMod:NewJinnsSoul+1"],"picked":"SKIP","floor":39.0},{"not_picked":["HollowMod:DescendingDark+1","HollowMod:MothsMistake","HollowMod:NewLittleFool+1"],"picked":"SKIP","floor":41.0},{"not_picked":["HollowMod:HowlingWraiths+1","HollowMod:SoulShaman+1"],"picked":"HollowMod:HornetsHelp","floor":44.0},{"not_picked":["HollowMod:SoulShaman+1","HollowMod:SharpenedNail+1"],"picked":"HollowMod:SiblingsSouls+1","floor":45.0},{"not_picked":["HollowMod:FallenFury+1","HollowMod:CycloneSlash"],"picked":"HollowMod:DreamGate+1","floor":45.0},{"not_picked":["HollowMod:WraithStrike","HollowMod:VengefulVoid+1","HollowMod:ChannelNail+1"],"picked":"SKIP","floor":47}],"player_experience":405076,"relics_obtained":[{"floor":9.0,"key":"DemoMod:LamentConfigurum"},{"floor":12.0,"key":"Vajra"},{"floor":24.0,"key":"HollowMod:MillibellesNoteRelic"},{"floor":26.0,"key":"Sundial"},{"floor":30.0,"key":"PreservedInsect"},{"floor":43.0,"key":"DemoMod:ChaffGrenade"},{"floor":44.0,"key":"Mercury Hourglass"},{"floor":46.0,"key":"DemoMod:Orange"}],"event_choices":[{"cards_removed":["HollowMod:Hiveblood"],"damage_healed":0.0,"max_hp_gain":0.0,"max_hp_loss":0.0,"gold_gain":0.0,"event_name":"NoteForYourself","player_choice":"Took Card","floor":2.0,"gold_loss":0.0,"damage_taken":0.0,"cards_obtained":["Lamp"]},{"damage_healed":0.0,"max_hp_gain":0.0,"max_hp_loss":6.0,"gold_gain":0.0,"event_name":"Golden Idol","player_choice":"Lose Max HP","floor":11.0,"gold_loss":0.0,"damage_taken":0.0,"relics_obtained":["Golden Idol"]},{"damage_healed":0.0,"max_hp_gain":0.0,"max_hp_loss":0.0,"gold_gain":0.0,"event_name":"WeMeetAgain","player_choice":"Gave Potion","floor":20.0,"gold_loss":0.0,"damage_taken":0.0,"relics_obtained":["Toxic Egg 2"]},{"damage_healed":0.0,"max_hp_gain":0.0,"max_hp_loss":0.0,"gold_gain":0.0,"event_name":"The Mausoleum","player_choice":"Opened","floor":28.0,"gold_loss":0.0,"damage_taken":0.0,"relics_obtained":["Pear"],"cards_obtained":["Writhe"]},{"cards_removed":["HollowMod:TaintedHusks"],"damage_healed":0.0,"max_hp_gain":0.0,"max_hp_loss":0.0,"gold_gain":0.0,"event_name":"Beggar","player_choice":"Gave Gold","floor":31.0,"gold_loss":75.0,"damage_taken":0.0},{"damage_healed":0.0,"max_hp_gain":0.0,"max_hp_loss":0.0,"gold_gain":0.0,"event_name":"Mysterious Sphere","player_choice":"Ignored","floor":36.0,"gold_loss":0.0,"damage_taken":0.0},{"damage_healed":0.0,"max_hp_gain":0.0,"max_hp_loss":0.0,"gold_gain":333.0,"event_name":"The Moai Head","player_choice":"Gave Idol","floor":42.0,"relics_lost":["Golden Idol"],"gold_loss":0.0,"damage_taken":0.0},{"damage_healed":0.0,"max_hp_gain":0.0,"max_hp_loss":0.0,"gold_gain":0.0,"event_name":"MindBloom","player_choice":"Fight","floor":46.0,"gold_loss":0.0,"damage_taken":0.0}],"is_beta":false,"boss_relics":[{"not_picked":["Philosopher\u0027s Stone","Velvet Choker"],"picked":"Pandora\u0027s Box"},{"not_picked":["Busted Crown","Coffee Dripper"],"picked":"Fusion Hammer"}],"items_purged_floors":[38],"is_endless":false,"potions_floor_spawned":[4,7,10,16,24,27,30,41,44],"ascension_level":0}}