{"host":"acpsw8r33r8788yr","time":1608925766,"event":{"mods":["BaseMod","Better Altar","Better Skull","Better Third Choice","BetterRewards","Colored Map","Downfall","Hermit","Highlight Path","Hubris","Minty Spire (QoL Compilation)","Quick Restart","Replay The Spire","Robot Space Explorer","Shop Mod","StSLib","The Bug Knight","The Construct","The Cursed","The Disciple","The Jungle","The Runesmith","The Senshi"],"gold_per_floor":[117,127,146,172,184,184,198,225,225,236,236,252,281,298,298,401,401,417,367,367,277,277,277,292,292,292],"floor_reached":25,"playtime":1652,"items_purged":[],"score":252,"play_id":"2fcba6db-90e1-4729-90a5-fe8fe845a933","local_time":"20201225114926","is_ascension_mode":true,"campfire_choices":[{"data":"RobotSpaceExplorer:RigExplosive","floor":6,"key":"SMITH"},{"data":"RobotSpaceExplorer:Multitool","floor":15,"key":"SMITH"},{"data":"RobotSpaceExplorer:StarLightning","floor":23,"key":"SMITH"}],"circlet_count":0,"master_deck":["RobotSpaceExplorer:Strike","RobotSpaceExplorer:Strike","RobotSpaceExplorer:Defend","RobotSpaceExplorer:Defend","RobotSpaceExplorer:Defend+1","RobotSpaceExplorer:Defend","RobotSpaceExplorer:Scan","RobotSpaceExplorer:MiniLasers","RobotSpaceExplorer:StarLightning+1","RobotSpaceExplorer:Reload","RobotSpaceExplorer:RigExplosive+1","RobotSpaceExplorer:StarLightning","RobotSpaceExplorer:Multitool+1","RobotSpaceExplorer:Smokescreen","RobotSpaceExplorer:FranticSearch","RobotSpaceExplorer:TrailblazerForm"],"relics":["RobotSpaceExplorer:RoboCore","Replay:Baseball","MealTicket","hubris:OldNail","Juzu Bracelet","Replay:Grab Bag","hubris:GrandSneckoEye","Philosopher\u0027s Stone","hubris:Backtick","hubris:64BitClover","construct:WeddingRing","Bloody Idol","Blood Vial"],"acts_visited":["Exordium","TheCity"],"potions_floor_usage":[7,8,10,13,13,16,16,18,18,24,24,24,25],"damage_taken":[{"damage":0,"enemies":"Cultist","floor":1,"turns":3},{"damage":0,"enemies":"Jaw Worm","floor":2,"turns":3},{"damage":0,"enemies":"2 Louse","floor":3,"turns":3},{"damage":1,"enemies":"Red Slaver","floor":5,"turns":3},{"damage":0,"enemies":"Exordium Wildlife","floor":7,"turns":3},{"damage":0,"enemies":"3 Sentries","floor":8,"turns":7},{"damage":0,"enemies":"3 Louse","floor":10,"turns":2},{"damage":0,"enemies":"Large Slime","floor":12,"turns":5},{"damage":1,"enemies":"Lagavulin","floor":13,"turns":7},{"damage":2,"enemies":"Red Slaver","floor":14,"turns":4},{"damage":23,"enemies":"Hexaghost","floor":16,"turns":11},{"damage":2,"enemies":"Spheric Guardian","floor":18,"turns":5},{"damage":0,"enemies":"Shell Parasite","floor":24,"turns":2},{"damage":24,"enemies":"Gremlin Leader","floor":25,"turns":7}],"seed_played":"-2745229127551129708","potions_obtained":[{"floor":2,"key":"GamblersBrew"},{"floor":3,"key":"ColorlessPotion"},{"floor":14,"key":"DuplicationPotion"},{"floor":16,"key":"PowerPotion"}],"is_trial":false,"path_per_floor":["M","M","M","T","M","R","M","E","T","M","?","M","E","M","R","B",null,"M","?","?","?","?","R","M","E"],"character_chosen":"RobotSpaceExplorer","items_purchased":[],"campfire_rested":0,"item_purchase_floors":[],"current_hp_per_floor":[75,75,75,75,74,74,74,74,74,74,67,67,66,64,64,41,75,73,73,15,15,15,15,22,0,0],"gold":292,"neow_bonus":"RANDOM_EVENT","is_daily":false,"chose_seed":false,"campfire_upgraded":3,"win_rate":0.0,"timestamp":1608925766,"path_taken":["M","M","M","?","?","R","M","E","T","M","?","M","E","M","R","BOSS","M","?","?","?","?","R","M","E"],"items_purchased_type":[],"build_version":"2020-12-22","purchased_purges":0,"victory":false,"max_hp_per_floor":[75,75,75,75,75,75,75,75,75,75,75,75,75,75,75,75,75,75,75,75,75,75,75,75,75,75],"card_choices":[{"not_picked":["RobotSpaceExplorer:Counterblock","RobotSpaceExplorer:SurgingStrike","RobotSpaceExplorer:ImprovisedAttack"],"picked":"SKIP","floor":1},{"not_picked":["RobotSpaceExplorer:FreezingShield","RobotSpaceExplorer:LaserBurst"],"picked":"RobotSpaceExplorer:Reload","floor":2},{"not_picked":["RobotSpaceExplorer:FrostMissile","RobotSpaceExplorer:GlueSpray","RobotSpaceExplorer:Discharger"],"picked":"SKIP","floor":3},{"not_picked":["RobotSpaceExplorer:Smokescreen","RobotSpaceExplorer:JunkDive"],"picked":"RobotSpaceExplorer:RigExplosive","floor":5},{"not_picked":["RobotSpaceExplorer:ScrapToss","RobotSpaceExplorer:ScrapMissile"],"picked":"RobotSpaceExplorer:StarLightning","floor":7},{"not_picked":["RobotSpaceExplorer:Smokescreen","RobotSpaceExplorer:ShovelStrike"],"picked":"RobotSpaceExplorer:Multitool","floor":8},{"not_picked":["RobotSpaceExplorer:SurgingStrike","RobotSpaceExplorer:Pulsar"],"picked":"RobotSpaceExplorer:Smokescreen","floor":10},{"not_picked":["RobotSpaceExplorer:LuckyStrike","RobotSpaceExplorer:ShockKick","RobotSpaceExplorer:DoubleBlock"],"picked":"SKIP","floor":12},{"not_picked":["RobotSpaceExplorer:Ammunition","RobotSpaceExplorer:SurgingShield","RobotSpaceExplorer:DoubleBlock"],"picked":"SKIP","floor":13},{"not_picked":["RobotSpaceExplorer:GlueShot","RobotSpaceExplorer:Discharger"],"picked":"RobotSpaceExplorer:FranticSearch","floor":14},{"not_picked":["RobotSpaceExplorer:Exploration","RobotSpaceExplorer:Blaster"],"picked":"RobotSpaceExplorer:TrailblazerForm","floor":16},{"not_picked":["RobotSpaceExplorer:StarDust","RobotSpaceExplorer:GlueShot+1","RobotSpaceExplorer:SurgingShield"],"picked":"SKIP","floor":18},{"not_picked":["RobotSpaceExplorer:Ammunition","RobotSpaceExplorer:FranticSearch+1","RobotSpaceExplorer:GlueShot+1"],"picked":"SKIP","floor":24}],"player_experience":360555,"relics_obtained":[{"floor":4,"key":"Replay:Baseball"},{"floor":8,"key":"MealTicket"},{"floor":9,"key":"hubris:OldNail"},{"floor":13,"key":"Juzu Bracelet"}],"event_choices":[{"cards_removed":["RobotSpaceExplorer:Strike"],"damage_healed":0,"gold_gain":0,"player_choice":"Card Removal","damage_taken":7,"max_hp_gain":0,"max_hp_loss":0,"event_name":"Golden Wing","floor":11,"gold_loss":0},{"damage_healed":0,"gold_gain":0,"player_choice":"Bet on Murderer","damage_taken":0,"max_hp_gain":0,"max_hp_loss":0,"event_name":"The Joust","floor":19,"gold_loss":50},{"damage_healed":0,"gold_gain":0,"player_choice":" Idol Vial ","damage_taken":58,"relics_obtained":["Bloody Idol","Blood Vial"],"max_hp_gain":73,"max_hp_loss":15,"event_name":"betterAltar:BetterAltar","floor":20,"potions_obtained":[],"relics_lost":[],"gold_loss":0},{"cards_removed":["RobotSpaceExplorer:Strike"],"damage_healed":0,"gold_gain":0,"player_choice":"Upgrade and Remove","damage_taken":0,"max_hp_gain":0,"max_hp_loss":0,"event_name":"Designer","floor":21,"gold_loss":90,"cards_upgraded":["RobotSpaceExplorer:Defend"]},{"damage_healed":0,"gold_gain":0,"player_choice":"Ignored","damage_taken":0,"max_hp_gain":0,"max_hp_loss":0,"event_name":"Vampires","floor":22,"gold_loss":0}],"is_beta":false,"boss_relics":[{"not_picked":["Runic Pyramid","Kintsugi"],"picked":"Replay:Grab Bag"},{"not_picked":["Sozu","ChewingGum"],"picked":"hubris:GrandSneckoEye"},{"not_picked":["Coffee Dripper","Cursed Key"],"picked":"Philosopher\u0027s Stone"},{"not_picked":["Replay:Drink Me","Ring of Chaos"],"picked":"hubris:Backtick"},{"not_picked":["hubris:HollowSoul","Pandora\u0027s Box"],"picked":"construct:WeddingRing"}],"items_purged_floors":[],"is_endless":false,"potions_floor_spawned":[2,3,14,16],"killed_by":"Gremlin Leader","ascension_level":1}}