{"host":"tiwza2kisyyrpq7h","time":1608918356,"event":{"mods":["BaseMod","Better-Laid Plans","BetterRewards","Colored Powertips","Downfall","Minty Spire (QoL Compilation)","Quick Restart","Rare Cards Sparkle","Shop Mod","StSLib","SuperFastMode","The Servant 0.9.4","óô»ðÖ¸ÄÏ"],"gold_per_floor":[99,113,127,141,141,151,151,151,163,177,197,222,232,245,255,255,255,255],"floor_reached":16,"playtime":456,"items_purged":[],"score":132,"play_id":"81395da8-ca59-42ec-89fc-bf1606609a4c","local_time":"20201226014556","is_ascension_mode":true,"campfire_choices":[{"data":"Slimebound:Split","floor":1,"key":"SMITH"}],"circlet_count":0,"master_deck":["Slimebound:Strike_Slimebound","Slimebound:Strike_Slimebound","Slimebound:Strike_Slimebound","Slimebound:Tackle","Slimebound:Defend_Slimebound","Slimebound:Defend_Slimebound","Slimebound:Defend_Slimebound","Slimebound:Defend_Slimebound","Slimebound:Split+1","Slimebound:CorrosiveSpit","Slimebound:RallyTheTroops","Slimebound:LevelUp","Slimebound:RejuvenatingLick","Slimebound:Equalize+1","Slimebound:HungryTackle","Slimebound:MegaLick","Slimebound:AcidTongue","Slimebound:Overexert","Slimebound:SplitAcid","Slimebound:BestDefense","Slimebound:TongueLash","Slimebound:Replication"],"relics":["Slimebound:AbsorbEndCombat","downfall:BrokenWingStatue","Pantograph","Mummified Hand"],"acts_visited":["Exordium"],"potions_floor_usage":[12,14,16,16],"damage_taken":[{"damage":12,"enemies":"Cultist","floor":2,"turns":3},{"damage":13,"enemies":"Jaw Worm","floor":3,"turns":2},{"damage":0,"enemies":"2 Louse","floor":4,"turns":2},{"damage":14,"enemies":"Blue Slaver","floor":6,"turns":3},{"damage":11,"enemies":"3 Louse","floor":9,"turns":3},{"damage":17,"enemies":"2 Fungi Beasts","floor":10,"turns":2},{"damage":25,"enemies":"Exordium Thugs","floor":11,"turns":2},{"damage":45,"enemies":"Gremlin Nob","floor":12,"turns":4},{"damage":23,"enemies":"3 Louse","floor":13,"turns":2},{"damage":7,"enemies":"2 Fungi Beasts","floor":14,"turns":2},{"damage":31,"enemies":"Exordium Thugs","floor":15,"turns":3},{"damage":59,"enemies":"downfall:Silent","floor":16,"turns":4}],"seed_played":"-8395816482743697025","potions_obtained":[{"floor":2,"key":"Fire Potion"},{"floor":10,"key":"Block Potion"},{"floor":13,"key":"SkillPotion"},{"floor":15,"key":"hexamod:EctoCoolerPotion"}],"is_trial":false,"path_per_floor":["R","M","M","M","?","M","T","?","M","M","M","E","M","M","M","B"],"character_chosen":"SLIMEBOUND","items_purchased":[],"campfire_rested":0,"item_purchase_floors":[],"current_hp_per_floor":[60,58,57,60,60,56,56,56,60,55,47,22,19,26,11,0,0,0],"gold":255,"neow_bonus":"ONE_RANDOM_RARE_CARD","is_daily":false,"chose_seed":false,"campfire_upgraded":1,"win_rate":0.0,"timestamp":1608918356,"path_taken":["R","M","?","M","?","M","T","?","M","?","M","E","M","M","M","BOSS"],"items_purchased_type":[],"build_version":"2020-12-22","purchased_purges":0,"victory":false,"max_hp_per_floor":[60,60,60,60,60,60,60,60,60,60,60,60,60,60,60,60,60,60],"card_choices":[{"not_picked":["Slimebound:SplitLeeching","Slimebound:ViciousTackle"],"picked":"Slimebound:LevelUp","floor":2},{"not_picked":["Slimebound:Schlurp","Slimebound:GoopTackle"],"picked":"Slimebound:RejuvenatingLick","floor":3},{"not_picked":["Slimebound:SplitMire","Slimebound:GrowthPunch"],"picked":"Slimebound:Equalize","floor":4},{"not_picked":["Slimebound:LeechingTouch","Slimebound:GrowthPunch"],"picked":"Slimebound:HungryTackle","floor":6},{"not_picked":["Slimebound:HungryTackle","Slimebound:SlimeBarrage"],"picked":"Slimebound:MegaLick","floor":9},{"not_picked":["Slimebound:SplitMire","Slimebound:LeechingTouch"],"picked":"Slimebound:AcidTongue","floor":10},{"not_picked":["Slimebound:SlimeSpikes","Slimebound:RollThrough"],"picked":"Slimebound:Overexert","floor":11},{"not_picked":["Slimebound:FinishingTackle","Slimebound:PressTheAttack"],"picked":"Slimebound:SplitAcid","floor":12},{"not_picked":["Slimebound:GoopSpray","Slimebound:FinishingTackle"],"picked":"Slimebound:BestDefense","floor":13},{"not_picked":["Slimebound:SplitLeeching","Slimebound:SamplingLick"],"picked":"Slimebound:TongueLash","floor":14},{"not_picked":["Slimebound:Repurpose","Slimebound:SplitMire"],"picked":"Slimebound:Replication","floor":15}],"player_experience":930775,"relics_obtained":[{"floor":7,"key":"Pantograph"},{"floor":12,"key":"Mummified Hand"}],"event_choices":[{"damage_healed":0,"gold_gain":0,"player_choice":"Upgraded","damage_taken":0,"max_hp_gain":0,"max_hp_loss":0,"event_name":"Upgrade Shrine","floor":8,"gold_loss":0,"cards_upgraded":["Slimebound:Equalize"]}],"is_beta":false,"boss_relics":[],"items_purged_floors":[],"is_endless":false,"potions_floor_spawned":[2,10,13,15],"killed_by":"downfall:Silent","ascension_level":4}}