{"host":"vm8b3ptwl81uq21f","time":1608869884,"event":{"mods":["BaseMod","BetterRewards","Colored Powertips","Downfall","GifTheSpireLib","Googly Eyes","GungeonMod","Halation","Hubris","Minty Spire (QoL Compilation)","Quick Restart","Rare Cards Sparkle","Replay The Spire","Shop Mod","StSLib","Stuff the Spire","The Bug Knight","The IronCluck","[IsaacMod]????"],"gold_per_floor":[115,125,143,199,199,199,199],"floor_reached":6,"playtime":442,"items_purged":[],"score":38,"play_id":"31c6da7b-08da-4c3a-94b8-1f683919ff7c","local_time":"20201224231804","is_ascension_mode":false,"campfire_choices":[],"circlet_count":0,"master_deck":["DemoMod:Strike_Huntress","DemoMod:Strike_Huntress","DemoMod:Strike_Huntress","DemoMod:Defend_Huntress","DemoMod:Defend_Huntress","DemoMod:Defend_Huntress","DemoMod:Defend_Huntress","DemoMod:Roll","DemoMod:ManualReload","DemoMod:RustySidearm","DemoMod:CrossBow","DemoMod:RadGun","DemoMod:SuppressiveFire"],"relics":["HushsDoor","BFFS","halation:ForbiddenBikini","halation:RedSoulGem"],"acts_visited":["Exordium"],"potions_floor_usage":[],"damage_taken":[{"damage":1,"enemies":"Cultist","floor":1,"turns":3},{"damage":0,"enemies":"Small Slimes","floor":2,"turns":6},{"damage":9,"enemies":"Jaw Worm","floor":3,"turns":9},{"damage":0,"enemies":"Large Slime","floor":4,"turns":8},{"damage":0,"enemies":"3 Sentries","floor":6,"turns":1}],"seed_played":"-463789915477324023","potions_obtained":[{"floor":1,"key":"Toxic Potion"}],"is_trial":false,"path_per_floor":["M","M","M","M","?","E"],"character_chosen":"HUNTRESS","items_purchased":[],"campfire_rested":0,"item_purchase_floors":[],"current_hp_per_floor":[69,69,60,60,60,60,60],"gold":199,"neow_bonus":"BOSS_RELIC","is_daily":false,"chose_seed":false,"campfire_upgraded":0,"win_rate":0.0,"timestamp":1608869884,"path_taken":["M","M","?","M","?","E"],"items_purchased_type":[],"build_version":"2020-12-22","purchased_purges":0,"victory":false,"max_hp_per_floor":[70,70,70,70,70,70,70],"card_choices":[{"not_picked":[],"picked":"ChaosCard","floor":0},{"not_picked":["DemoMod:JK47","DemoMod:CursedBullets"],"picked":"DemoMod:DirectionalPad","floor":1},{"not_picked":["DemoMod:TeaPot","DemoMod:JK47"],"picked":"DemoMod:RadGun","floor":2},{"not_picked":["DemoMod:SkilledReload","DemoMod:GunstockTap","DemoMod:TeaPot"],"picked":"SKIP","floor":3},{"not_picked":["DemoMod:Unity","DemoMod:MegaHand"],"picked":"DemoMod:SuppressiveFire","floor":4}],"player_experience":308626,"relics_obtained":[],"event_choices":[],"is_beta":false,"boss_relics":[],"items_purged_floors":[],"is_endless":false,"potions_floor_spawned":[1],"killed_by":"3 Sentries","ascension_level":0}}