{"host":"rvh455abssmal91i","time":1608918340,"event":{"mods":["AchievementEnabler","Aspiration","BaseMod","BetterRewards","Colored Map","Colored Powertips","Gold Saver","Googly Eyes","Highlight Path","Infinite Spire","Mimic Mod","Minty Spire (QoL Compilation)","Spikes Relics","StSLib"],"gold_per_floor":[146,111,121,121,121,121,156,156,156,183,200,126,126,126,126,223,223,236,286,286,304,321,346,346,381,406,505,537,537,537,548,548,651,651,669,718,718,718,718,748,748,768,815,855,867,879,923,935,947,959],"floor_reached":51,"playtime":3011,"items_purged":["Strike_G","Defend_G"],"score":1075,"play_id":"58e0bf25-664d-4280-8525-dda86a5d397e","local_time":"20201225124540","is_ascension_mode":true,"campfire_choices":[{"data":"infinitespire:Gouge","floor":6,"key":"SMITH"},{"data":"Flying Knee","floor":8,"key":"SMITH"},{"data":"Crippling Poison","floor":13,"key":"SMITH"},{"floor":15,"key":"REST"},{"data":"Poisoned Stab","floor":24,"key":"SMITH"},{"data":"Sucker Punch","floor":30,"key":"SMITH"},{"data":"Caltrops","floor":32,"key":"SMITH"},{"data":"Quick Slash","floor":41,"key":"SMITH"},{"data":"Survivor","floor":46,"key":"SMITH"},{"floor":49,"key":"REST"}],"circlet_count":0,"master_deck":["Strike_G","Strike_G","Strike_G","Defend_G","Defend_G","Defend_G","Defend_G","Survivor+1","Neutralize","Quick Slash+1","Flying Knee+1","infinitespire:Gouge+1","Sucker Punch+1","Poisoned Stab+1","Crippling Poison+1","Caltrops+1","Phantasmal Killer+1","Terror+1","infinitespire:Starlight","infinitespire:FutureSight","Backflip+1","CurseOfTheBell","Outmaneuver+1","Finisher+1"],"relics":["Ring of the Snake","aspiration:Nostalgia","PureWater","aspiration:SeaSaltIceCream","Regal Pillow","ZombieTooth","Bag of Preparation","Sandwich","Tiny House","Kunai","Nunchaku","Oddly Smooth Stone","Dream Catcher","aspiration:FetidBarrel","Calling Bell","Smiling Mask","Rawhide","FossilizedHelix","Torii","SlaversCollar","infinitespire:CheckeredPen","aspiration:FrozenJewel","MawBank","Snake Skull","Peace Pipe"],"acts_visited":["Exordium","TheCity","TheBeyond"],"potions_floor_usage":[18,18,21],"damage_taken":[{"damage":11,"enemies":"Jaw Worm","floor":1,"turns":6},{"damage":4,"enemies":"Small Slimes","floor":3,"turns":3},{"damage":3,"enemies":"Gremlin Nob","floor":7,"turns":4},{"damage":8,"enemies":"Lagavulin","floor":10,"turns":5},{"damage":0,"enemies":"2 Louse","floor":11,"turns":1},{"damage":30,"enemies":"The Guardian","floor":16,"turns":8},{"damage":6,"enemies":"3 Byrds","floor":18,"turns":4},{"damage":14,"enemies":"2 Thieves","floor":21,"turns":3},{"damage":0,"enemies":"Cultist and Chosen","floor":22,"turns":4},{"damage":0,"enemies":"Book of Stabbing","floor":23,"turns":3},{"damage":9,"enemies":"Slavers","floor":25,"turns":4},{"damage":0,"enemies":"Book of Stabbing","floor":28,"turns":3},{"damage":0,"enemies":"Sentry and Sphere","floor":31,"turns":4},{"damage":5,"enemies":"Collector","floor":33,"turns":5},{"damage":0,"enemies":"Orb Walker","floor":35,"turns":3},{"damage":7,"enemies":"2 Orb Walkers","floor":36,"turns":4},{"damage":0,"enemies":"Giant Head","floor":40,"turns":6},{"damage":0,"enemies":"3 Shapes","floor":42,"turns":3},{"damage":4,"enemies":"Nemesis","floor":44,"turns":5},{"damage":20,"enemies":"Reptomancer","floor":47,"turns":4},{"damage":22,"enemies":"infinitespire:MassOfShapes","floor":50,"turns":7}],"seed_played":"214502970169539076","potions_obtained":[{"floor":3,"key":"SpeedPotion"},{"floor":10,"key":"PowerPotion"},{"floor":11,"key":"Weak Potion"},{"floor":18,"key":"SpeedPotion"},{"floor":19,"key":"Regen Potion"},{"floor":22,"key":"FearPotion"},{"floor":47,"key":"FairyPotion"}],"is_trial":false,"path_per_floor":["M","?","M","?","?","R","E","R","T","E","M","$","R","$","R","B",null,"M","AVR","?","M","M","E","R","E","T","?","E","?","R","M","R","B",null,"M","?","AVR","?","?","E","R","M","T","E","?","R","E","?","R","B",null],"character_chosen":"THE_SILENT","items_purchased":["Caltrops"],"campfire_rested":2,"item_purchase_floors":[12],"current_hp_per_floor":[59,70,66,66,48,48,45,45,45,37,37,37,37,37,70,40,70,64,69,69,65,65,75,75,75,75,75,75,75,75,75,75,70,75,75,68,68,68,68,68,68,75,75,71,71,71,51,51,71,49],"gold":971,"neow_bonus":"NOSTALGIA","is_daily":false,"chose_seed":false,"campfire_upgraded":8,"win_rate":0.0,"timestamp":1608918340,"path_taken":["M","?","M","?","?","R","E","R","T","E","M","?","R","$","R","BOSS","M","AVR","?","M","M","E","R","E","T","?","E","?","R","M","R","BOSS","M","?","AVR","?","?","E","R","M","T","E","?","R","E","?","R","BOSS"],"items_purchased_type":["Card"],"build_version":"2020-12-22","purchased_purges":2,"victory":true,"max_hp_per_floor":[70,70,70,70,70,70,70,70,70,70,70,70,70,70,70,70,70,70,75,75,75,75,75,75,75,75,75,75,75,75,75,75,75,75,75,75,75,75,75,75,75,75,75,75,75,75,75,71,71,71],"card_choices":[{"not_picked":["Cloak And Dagger","Pace"],"picked":"Quick Slash","floor":1},{"not_picked":["Skewer","Sucker Punch"],"picked":"Flying Knee","floor":3},{"not_picked":["infinitespire:NeuralNetwork","infinitespire:Oblivion"],"picked":"infinitespire:Gouge","floor":5},{"not_picked":["Blade Dance","Quick Slash"],"picked":"Sucker Punch","floor":7},{"not_picked":["Underhanded Strike","Outmaneuver"],"picked":"Poisoned Stab","floor":10},{"not_picked":["Endless Agony","Underhanded Strike"],"picked":"Crippling Poison","floor":11},{"not_picked":["Envenom","infinitespire:Neurotoxin"],"picked":"Phantasmal Killer","floor":16},{"not_picked":["Dodge and Roll","Deadly Poison"],"picked":"Terror+1","floor":18},{"not_picked":["Concentrate+1","Slice"],"picked":"Backflip+1","floor":21},{"not_picked":["Prepared","Dagger Throw","Underhanded Strike+1"],"picked":"SKIP","floor":22},{"not_picked":["Bouncing Flask+1","Crippling Poison","Well Laid Plans"],"picked":"SKIP","floor":23},{"not_picked":["Backflip","Masterful Stab","InfectiousVector"],"picked":"SKIP","floor":25},{"not_picked":["Tactician","Doppelganger","Crippling Poison"],"picked":"SKIP","floor":28},{"not_picked":["Acrobatics","Slice","Sucker Punch+1"],"picked":"SKIP","floor":31},{"not_picked":["Flying Knee","Distraction+1"],"picked":"Outmaneuver+1","floor":35},{"not_picked":["Prepared","Dodge and Roll","Caltrops+1"],"picked":"SKIP","floor":40},{"not_picked":["Deadly Poison+1","Heel Hook+1"],"picked":"Finisher+1","floor":42},{"not_picked":["Dodge and Roll","Prepared","Sucker Punch+1"],"picked":"SKIP","floor":44},{"not_picked":["Dagger Throw+1","Glass Knife","Acrobatics+1"],"picked":"SKIP","floor":47},{"not_picked":["Dagger Throw+1","Glass Knife","Acrobatics+1"],"picked":"SKIP","floor":47}],"player_experience":142863,"relics_obtained":[{"floor":7,"key":"aspiration:SeaSaltIceCream"},{"floor":9,"key":"ZombieTooth"},{"floor":10,"key":"Bag of Preparation"},{"floor":23,"key":"Nunchaku"},{"floor":25,"key":"Oddly Smooth Stone"},{"floor":26,"key":"Dream Catcher"},{"floor":28,"key":"aspiration:FetidBarrel"},{"floor":34,"key":"Smiling Mask"},{"floor":34,"key":"Rawhide"},{"floor":34,"key":"FossilizedHelix"},{"floor":36,"key":"Torii"},{"floor":40,"key":"aspiration:FrozenJewel"},{"floor":43,"key":"MawBank"},{"floor":44,"key":"Snake Skull"},{"floor":47,"key":"Peace Pipe"}],"event_choices":[{"damage_healed":17,"gold_gain":0,"player_choice":"Healed","damage_taken":0,"max_hp_gain":0,"max_hp_loss":0,"event_name":"The Cleric","floor":2,"gold_loss":35},{"damage_healed":0,"gold_gain":0,"player_choice":"Ignored","damage_taken":0,"max_hp_gain":0,"max_hp_loss":0,"event_name":"Liars Game","floor":4,"gold_loss":0},{"damage_healed":0,"gold_gain":99,"player_choice":"Stole From Cult","damage_taken":0,"max_hp_gain":0,"max_hp_loss":0,"event_name":"Nest","floor":27,"gold_loss":0},{"damage_healed":0,"gold_gain":0,"player_choice":"Ignored","damage_taken":0,"max_hp_gain":0,"max_hp_loss":0,"event_name":"Vampires","floor":29,"gold_loss":0},{"damage_healed":0,"gold_gain":0,"player_choice":"Fight","damage_taken":0,"max_hp_gain":0,"max_hp_loss":0,"event_name":"Mysterious Sphere","floor":36,"gold_loss":0},{"damage_healed":0,"gold_gain":0,"player_choice":"Memory 1","damage_taken":0,"max_hp_gain":0,"max_hp_loss":0,"event_name":"SensoryStone","floor":38,"gold_loss":0},{"damage_healed":0,"gold_gain":0,"player_choice":"Ignored","damage_taken":0,"max_hp_gain":0,"max_hp_loss":0,"event_name":"Tomb of Lord Red Mask","floor":39,"gold_loss":0},{"cards_removed":["Strike_G"],"damage_healed":0,"gold_gain":0,"player_choice":"Removed Attack","damage_taken":0,"max_hp_gain":0,"max_hp_loss":0,"event_name":"Falling","floor":45,"gold_loss":0},{"damage_healed":0,"gold_gain":0,"player_choice":"Max HP","damage_taken":0,"max_hp_gain":0,"max_hp_loss":4,"event_name":"Winding Halls","floor":48,"gold_loss":0}],"is_beta":false,"boss_relics":[{"not_picked":["aspiration:RunicSpoon","Ectoplasm"],"picked":"Sandwich"},{"not_picked":["Astrolabe","Runic Pyramid"],"picked":"Calling Bell"}],"items_purged_floors":[19,37],"is_endless":false,"potions_floor_spawned":[3,10,11,18,22,28,31,33,40,42,47],"ascension_level":2}}