{"host":"cc187","time":1608856444,"event":{"mods":["AchievementEnabler","BaseMod","Bestiary","Colored Map","Colored Powertips","Highlight Path","Keyboard Shortcuts","Minty Spire (QoL Compilation)","Quick Restart","Rare Cards Sparkle","Relic Stats","StSLib","SuperFastMode","Synergy Search","ojb\u0027s Info Mod"],"gold_per_floor":[112,129,148,148,166,166,166,166,166],"floor_reached":8,"playtime":406,"items_purged":[],"score":94,"play_id":"46d6858e-0be3-460d-9e0c-3174a26b7738","local_time":"20201225003404","is_ascension_mode":true,"campfire_choices":[{"floor":6,"key":"REST"}],"circlet_count":0,"master_deck":["AscendersBane","Strike_G","Strike_G","Strike_G","Strike_G","Defend_G","Defend_G","Defend_G","Defend_G","Defend_G","Survivor","Neutralize","Flying Knee","Poisoned Stab","Poisoned Stab","Dagger Throw"],"relics":["Ring of the Snake","SsserpentHead"],"acts_visited":["Exordium"],"potions_floor_usage":[8],"damage_taken":[{"damage":1,"enemies":"Small Slimes","floor":1,"turns":4},{"damage":3,"enemies":"Cultist","floor":2,"turns":4},{"damage":3,"enemies":"2 Louse","floor":3,"turns":5},{"damage":38,"enemies":"Exordium Thugs","floor":5,"turns":7},{"damage":30,"enemies":"Lagavulin","floor":8,"turns":5}],"seed_played":"7393496480959652229","potions_obtained":[{"floor":1,"key":"Swift Potion"}],"is_trial":false,"path_per_floor":["M","M","M","?","M","R","?","E"],"character_chosen":"THE_SILENT","items_purchased":[],"campfire_rested":1,"item_purchase_floors":[],"current_hp_per_floor":[64,61,58,51,13,34,34,4,4],"gold":166,"neow_bonus":"TEN_PERCENT_HP_BONUS","is_daily":false,"chose_seed":false,"campfire_upgraded":0,"win_rate":0.0,"timestamp":1608856444,"path_taken":["M","M","M","?","M","R","?","E"],"items_purchased_type":[],"build_version":"2020-12-18","purchased_purges":0,"victory":false,"max_hp_per_floor":[72,72,72,72,72,72,72,72,72],"relic_stats":{"SsserpentHead":0,"counters":[5,25],"obtain_stats":[{"SsserpentHead":7,"Ring of the Snake":0},{"SsserpentHead":4,"Ring of the Snake":0},{"SsserpentHead":20,"Ring of the Snake":0}],"Ring of the Snake":[10]},"card_choices":[{"not_picked":["Noxious Fumes","Setup"],"picked":"Flying Knee","floor":1},{"not_picked":["Setup","Dodge and Roll"],"picked":"Poisoned Stab","floor":2},{"not_picked":["Slice","Backflip"],"picked":"Poisoned Stab","floor":3},{"not_picked":["Choke","Reflex"],"picked":"Dagger Throw","floor":5}],"player_experience":847955,"relics_obtained":[],"event_choices":[{"cards_removed":["Strike_G"],"damage_healed":0,"gold_gain":0,"player_choice":"Card Removal","damage_taken":7,"max_hp_gain":0,"max_hp_loss":0,"event_name":"Golden Wing","floor":4,"gold_loss":0},{"damage_healed":0,"gold_gain":0,"player_choice":"Trade","damage_taken":0,"relics_obtained":["SsserpentHead"],"max_hp_gain":0,"max_hp_loss":0,"event_name":"FaceTrader","floor":7,"gold_loss":0}],"is_beta":true,"boss_relics":[],"items_purged_floors":[],"is_endless":false,"potions_floor_spawned":[1],"killed_by":"Lagavulin","ascension_level":19}}