{"host":"ktoxvvst1mwxww91","time":1608917840,"event":{"mods":["BaseMod","Hermit","Minty Spire (QoL Compilation)","StSLib","The Hierophant","The Mystic","The Necromancer"],"gold_per_floor":[113,29,29,39,59,59,15,15,42,71,81,81,81,98,98,172,172,188,74,74,91,91,91],"floor_reached":22,"playtime":500,"items_purged":["Strike_B"],"score":340,"play_id":"140f5a95-4fb7-4909-bbfe-b78714117658","local_time":"20201225183720","is_ascension_mode":true,"campfire_choices":[{"data":"Capacitor","floor":6,"key":"SMITH"},{"floor":12,"key":"REST"},{"floor":15,"key":"REST"}],"circlet_count":0,"master_deck":["AscendersBane","Strike_B","Defend_B","Defend_B","Defend_B","Defend_B","Zap","Dualcast","Go for the Eyes+1","Capacitor+1","Tempest","Storm","Auto Shields+1","Capacitor","Sweeping Beam","Leap","Electrodynamics","Tempest+1","Capacitor","Decay","Conserve Battery"],"relics":["Cracked Core","NeowsBlessing","Potion Belt","Ancient Tea Set","Velvet Choker"],"acts_visited":["Exordium","TheCity"],"potions_floor_usage":[10,10,18],"damage_taken":[{"damage":0,"enemies":"Small Slimes","floor":1,"turns":1},{"damage":0,"enemies":"2 Louse","floor":4,"turns":1},{"damage":0,"enemies":"Cultist","floor":5,"turns":1},{"damage":29,"enemies":"Gremlin Nob","floor":10,"turns":4},{"damage":8,"enemies":"Large Slime","floor":11,"turns":7},{"damage":4,"enemies":"2 Fungi Beasts","floor":14,"turns":4},{"damage":17,"enemies":"The Guardian","floor":16,"turns":10},{"damage":36,"enemies":"Chosen","floor":18,"turns":6},{"damage":18,"enemies":"Spheric Guardian","floor":21,"turns":4},{"damage":10,"enemies":"Snecko","floor":22,"turns":3}],"seed_played":"-3269425215582842186","potions_obtained":[{"floor":1,"key":"Energy Potion"},{"floor":5,"key":"DistilledChaos"},{"floor":11,"key":"Weak Potion"}],"is_trial":false,"path_per_floor":["M","$","?","M","M","R","$","?","T","E","M","R","?","M","R","B",null,"M","$","?","M","M"],"character_chosen":"DEFECT","items_purchased":["Capacitor","Auto Shields","Capacitor"],"campfire_rested":2,"item_purchase_floors":[2,7,19],"current_hp_per_floor":[64,64,64,64,64,64,64,43,43,14,6,27,27,23,44,27,60,24,24,24,6,0,0],"gold":91,"neow_bonus":"THREE_ENEMY_KILL","is_daily":false,"chose_seed":false,"campfire_upgraded":1,"win_rate":0.0,"timestamp":1608917840,"path_taken":["M","$","?","M","M","R","$","?","T","E","M","R","?","?","R","BOSS","M","$","?","M","M"],"items_purchased_type":["Card","Card","Card"],"build_version":"2020-12-22","purchased_purges":1,"victory":false,"max_hp_per_floor":[71,71,71,71,71,71,71,71,71,71,71,71,71,71,71,71,71,71,71,71,71,71,71],"card_choices":[{"not_picked":["Static Discharge","Leap"],"picked":"Go for the Eyes","floor":1},{"not_picked":["Hologram","Beam Cell"],"picked":"Tempest","floor":4},{"not_picked":["Beam Cell","Steam"],"picked":"Storm","floor":5},{"not_picked":["Hello World","Streamline","Rainbow"],"picked":"SKIP","floor":10},{"not_picked":["Consume","Skim"],"picked":"Capacitor","floor":11},{"not_picked":["White Noise","Cold Snap"],"picked":"Leap","floor":14},{"not_picked":["Meteor Strike","Buffer"],"picked":"Electrodynamics","floor":16},{"not_picked":["Melter","Cold Snap"],"picked":"Tempest+1","floor":18},{"not_picked":["Turbo","Doom and Gloom+1"],"picked":"Conserve Battery","floor":21}],"player_experience":927314,"relics_obtained":[{"floor":9,"key":"Potion Belt"},{"floor":10,"key":"Ancient Tea Set"}],"event_choices":[{"cards_removed":["Strike_B"],"damage_healed":0,"gold_gain":0,"player_choice":"Forget","damage_taken":0,"max_hp_gain":0,"max_hp_loss":0,"event_name":"Living Wall","floor":3,"gold_loss":0},{"damage_healed":0,"gold_gain":0,"player_choice":"Entered Light","damage_taken":21,"max_hp_gain":0,"max_hp_loss":0,"event_name":"Shining Light","floor":8,"gold_loss":0,"cards_upgraded":["Go for the Eyes","Auto Shields"]},{"damage_healed":0,"gold_gain":0,"cards_transformed":["Strike_B"],"player_choice":"Transformed","damage_taken":0,"max_hp_gain":0,"max_hp_loss":0,"event_name":"Transmorgrifier","floor":13,"gold_loss":0,"cards_obtained":["Sweeping Beam"]},{"damage_healed":0,"gold_gain":0,"player_choice":"Smashed Altar","damage_taken":0,"max_hp_gain":0,"max_hp_loss":0,"event_name":"Forgotten Altar","floor":20,"gold_loss":0,"cards_obtained":["Decay"]}],"is_beta":false,"boss_relics":[{"not_picked":["FrozenCore","Coffee Dripper"],"picked":"Velvet Choker"}],"items_purged_floors":[19],"is_endless":false,"potions_floor_spawned":[1,5,11],"killed_by":"Snecko","ascension_level":17}}