{"host":"bbld1ic1uj90ldt9","time":1608929383,"event":{"mods":["2.2 Compatiblity","AchievementEnabler","Act Like it!","BaseMod","Better Third Choice","Conspire","Downfall","Emptier Cage","Gensokyo","Hallownest","Hermit","Highlight Path","Hubris","Marisa????????","Minty Spire (QoL Compilation)","Random Character Button","Replay The Spire","StSLib","The Animator","The Bug Knight","The Cursed","The Disciple","The Hierophant","The Jungle","The Runesmith","The Servant 0.9.4"],"gold_per_floor":[113,124,124,141,41,80,80,80,80,80,110,162,68,68,68,85,85],"floor_reached":16,"playtime":868,"items_purged":[],"score":185,"play_id":"8cb8a2b2-46e1-4018-9964-5e6e2bb4f624","local_time":"20201225214943","is_ascension_mode":true,"campfire_choices":[{"floor":7,"key":"REST"},{"floor":15,"key":"REST"}],"circlet_count":0,"master_deck":["conspire:GhostlyStrike","conspire:GhostlyStrike","conspire:GhostlyStrike","conspire:GhostlyStrike","conspire:GhostlyDefend","conspire:GhostlyDefend","conspire:GhostlyDefend","conspire:GhostlyDefend","Eruption","Vigilance","FlurryOfBlows","Meditate","ForeignInfluence","conspire:SpireCoStock","conspire:SpireCoStock","EmptyBody","Perseverance","Replay:LoomingThreat","Replay:SS_fish_2"],"relics":["Painkiller Herb","hubris:TinFlute","hubris:Towel","HollowMod:LifeEnderRelic"],"acts_visited":["Exordium"],"potions_floor_usage":[12,12],"damage_taken":[{"damage":0,"enemies":"Small Slimes","floor":1,"turns":2},{"damage":0,"enemies":"2 Louse","floor":2,"turns":2},{"damage":11,"enemies":"Jaw Worm","floor":4,"turns":3},{"damage":42,"enemies":"3 Sentries","floor":6,"turns":6},{"damage":15,"enemies":"Large Slime","floor":11,"turns":6},{"damage":17,"enemies":"Exordium Wildlife","floor":12,"turns":6},{"damage":39,"enemies":"Slime Boss","floor":16,"turns":9}],"seed_played":"-9197323697579969194","potions_obtained":[{"floor":4,"key":"sneckomod:MuddlingPotion"},{"floor":11,"key":"SpeedPotion"}],"is_trial":false,"path_per_floor":["?","?","?","?","?","E","T","?","T","T","?","?","T","?","T","B"],"character_chosen":"WATCHER","items_purchased":["Replay:SS_fish_2"],"campfire_rested":2,"item_purchase_floors":[13],"current_hp_per_floor":[65,65,65,54,54,12,33,33,33,33,18,1,1,1,22,0,0],"gold":85,"neow_bonus":"BOSS_RELIC","is_daily":false,"chose_seed":false,"campfire_upgraded":0,"win_rate":0.0,"timestamp":1608929383,"path_taken":["?","?","?","?","?","E","T","?","T","?","?","?","T","?","T","BOSS"],"items_purchased_type":["Card"],"build_version":"2020-12-22","purchased_purges":0,"victory":false,"max_hp_per_floor":[72,72,72,72,72,72,72,72,72,72,72,72,72,72,72,72,72],"card_choices":[{"not_picked":["Tantrum","FollowUp"],"picked":"FlurryOfBlows","floor":1},{"not_picked":["SashWhip","DeceiveReality"],"picked":"Meditate","floor":2},{"not_picked":["Replay:ManipulateFuture","Collect"],"picked":"ForeignInfluence","floor":4},{"not_picked":["Consecrate","Crescendo"],"picked":"EmptyBody","floor":6},{"not_picked":["CarveReality","EmptyFist"],"picked":"Perseverance","floor":11},{"not_picked":["Conclude","InnerPeace"],"picked":"Replay:LoomingThreat","floor":12}],"player_experience":2160545,"relics_obtained":[{"floor":6,"key":"hubris:TinFlute"},{"floor":9,"key":"HollowMod:LifeEnderRelic"}],"event_choices":[{"damage_healed":0,"gold_gain":0,"player_choice":"Agree","damage_taken":0,"max_hp_gain":0,"max_hp_loss":0,"event_name":"conspire:LoneGhost","floor":3,"gold_loss":0},{"damage_healed":0,"gold_gain":0,"player_choice":"Invest 2","damage_taken":0,"max_hp_gain":0,"max_hp_loss":0,"event_name":"conspire:Investor","floor":5,"gold_loss":0},{"damage_healed":0,"gold_gain":0,"player_choice":"Leave","damage_taken":0,"max_hp_gain":0,"max_hp_loss":0,"event_name":"FaceTrader","floor":14,"gold_loss":0}],"is_beta":false,"boss_relics":[],"items_purged_floors":[],"is_endless":false,"potions_floor_spawned":[4,11],"killed_by":"Slime Boss","ascension_level":7}}