{"host":"1tmagqyeywr2w44t","time":1608858693,"event":{"mods":["2.2 Compatiblity","BaseMod","Colored Powertips","Downfall","Minty Spire (QoL Compilation)","Rare Cards Sparkle","Replay The Spire","StSLib","SuperFastMode","The Marked"],"gold_per_floor":[0,18,33,58,83,118,143,162,182,107,129,155,155,197,218,331,331,331,357,379,379,406,406,406,406],"floor_reached":23,"playtime":1480,"items_purged":[],"score":219,"play_id":"2838ebb9-5c8f-4a61-bc1b-ed8147408f0a","local_time":"20201225101133","is_ascension_mode":true,"campfire_choices":[{"data":"hexamod:ChargedBarrage","floor":1,"key":"SMITH"},{"data":"hexamod:FastForward","floor":10,"key":"SMITH"},{"floor":13,"key":"REST"},{"floor":18,"key":"RECALL"}],"circlet_count":0,"master_deck":["hexamod:Strike","hexamod:Strike","hexamod:Defend","hexamod:Defend","hexamod:Defend","hexamod:Sear","hexamod:Float","hexamod:FirstSeal","hexamod:ChargedBarrage+1","hexamod:PowerFromBeyond","hexamod:SecondSeal","hexamod:SpectersWail","hexamod:RadiantFlame","hexamod:FastForward+1","hexamod:NecessarySacrifice","hexamod:GhostflameInferno","hexamod:FlamesFromBeyond","hexamod:HexaLevel","Amnesia","Slimebound:Icky","Injury","hexamod:FlamesFromBeyond","hexamod:RecurringNightmare","hexamod:SpectralAdrenaline","hexamod:ThirdSeal","hexamod:PhantomFireball"],"relics":["hexamod:SpiritBrand","Lantern","Happy Flower","downfall:HeartBlessingGreen","hexamod:MatchstickCase","Replay:Ancient Bell","Pet Ghost","Mummified Hand","Replay:PocketPolymizer"],"acts_visited":["Exordium","TheCity"],"potions_floor_usage":[5,23,23,23],"damage_taken":[{"damage":0,"enemies":"Jaw Worm","floor":2,"turns":4},{"damage":4,"enemies":"2 Louse","floor":3,"turns":4},{"damage":0,"enemies":"Cultist","floor":4,"turns":3},{"damage":28,"enemies":"Gremlin Gang","floor":5,"turns":6},{"damage":15,"enemies":"Lagavulin","floor":6,"turns":6},{"damage":10,"enemies":"Large Slime","floor":8,"turns":3},{"damage":7,"enemies":"Lots of Slimes","floor":9,"turns":3},{"damage":31,"enemies":"Gremlin Gang","floor":11,"turns":4},{"damage":6,"enemies":"Exordium Wildlife","floor":12,"turns":3},{"damage":12,"enemies":"3 Sentries","floor":14,"turns":5},{"damage":2,"enemies":"Large Slime","floor":15,"turns":5},{"damage":9,"enemies":"downfall:Ironclad","floor":16,"turns":6},{"damage":0,"enemies":"Chosen","floor":19,"turns":3},{"damage":26,"enemies":"Shell Parasite","floor":20,"turns":6},{"damage":16,"enemies":"Centurion and Healer","floor":22,"turns":7},{"damage":52,"enemies":"Gremlin Leader","floor":23,"turns":5}],"seed_played":"-6144659882227717833","potions_obtained":[{"floor":2,"key":"SpeedPotion"},{"floor":3,"key":"SkillPotion"},{"floor":9,"key":"sneckomod:MuddlingPotion"},{"floor":12,"key":"Elixir"},{"floor":14,"key":"Fire Potion"},{"floor":22,"key":"Guardian:BlockOnCardUsePotion"}],"is_trial":false,"path_per_floor":["R","M","M","M","M","E","T","M","M","R","M","M","R","E","M","B",null,"R","M","M","?","M","E"],"character_chosen":"THE_SPIRIT","items_purchased":[],"campfire_rested":1,"item_purchase_floors":[],"current_hp_per_floor":[70,70,70,70,49,41,41,38,38,38,14,15,36,31,36,34,70,70,70,51,51,42,0,0,0],"gold":406,"neow_bonus":"TRANSFORM_TWO_CARDS","is_daily":false,"chose_seed":false,"campfire_upgraded":2,"win_rate":0.0,"timestamp":1608858693,"path_taken":["R","M","M","M","M","E","T","M","M","R","M","M","R","E","M","BOSS","R","M","M","?","M","E"],"items_purchased_type":[],"build_version":"2020-12-22","purchased_purges":0,"victory":false,"max_hp_per_floor":[70,70,70,70,70,70,70,70,70,70,70,70,70,70,70,70,70,70,70,70,70,70,70,70,70],"card_choices":[{"not_picked":["hexamod:RadiantFlame","hexamod:SoulSteal"],"picked":"hexamod:PowerFromBeyond","floor":2},{"not_picked":["hexamod:NightmareStrike","hexamod:ThermalTransfer"],"picked":"hexamod:SecondSeal","floor":3},{"not_picked":["hexamod:PowerFromBeyond","hexamod:GhostLash"],"picked":"hexamod:BurningTouch","floor":4},{"not_picked":["hexamod:GhostShield","hexamod:NightmareGuise"],"picked":"hexamod:SpectersWail","floor":5},{"not_picked":["hexamod:BacktrackSmack","hexamod:RainOfEmbers"],"picked":"hexamod:RadiantFlame","floor":6},{"not_picked":["hexamod:ChargedBarrage","hexamod:NightmareStrike","hexamod:BurningTouch"],"picked":"SKIP","floor":8},{"not_picked":["hexamod:Firestarter","hexamod:RainOfEmbers"],"picked":"hexamod:FastForward","floor":9},{"not_picked":["hexamod:InspiringFlames","hexamod:FlamesFromBeyond"],"picked":"hexamod:NecessarySacrifice","floor":11},{"not_picked":["hexamod:BurningTouch","hexamod:ChargedBarrage"],"picked":"hexamod:GhostflameInferno","floor":12},{"not_picked":["hexamod:SwordOfDarkness","hexamod:BurningTouch","hexamod:GhostOfSpirePresent"],"picked":"SKIP","floor":14},{"not_picked":["hexamod:BacktrackSmack","hexamod:SwordOfDarkness"],"picked":"hexamod:FlamesFromBeyond","floor":15},{"not_picked":["hexamod:TurnItUp","hexamod:ParanormalForm"],"picked":"hexamod:HexaLevel","floor":16},{"not_picked":["Replay:Hysterical Blindness","Looming Evil"],"picked":"Amnesia","floor":17},{"not_picked":["Looming Evil","Decay"],"picked":"Slimebound:Icky","floor":17},{"not_picked":["Regret","Overencumbered"],"picked":"Injury","floor":17},{"not_picked":["hexamod:SpectersWail","hexamod:BurningTouch+1"],"picked":"hexamod:RecurringNightmare","floor":19},{"not_picked":["hexamod:NightmareStrike","hexamod:SoulSteal"],"picked":"hexamod:SpectralAdrenaline","floor":20},{"not_picked":["hexamod:PowerFromBeyond","hexamod:NightmareStrike"],"picked":"hexamod:PhantomFireball","floor":22},{"not_picked":["hexamod:Hexaguard","hexamod:SpectersWail","hexamod:NightmareGuise"],"picked":"SKIP","floor":22}],"player_experience":167802,"relics_obtained":[{"floor":6,"key":"Lantern"},{"floor":7,"key":"Happy Flower"},{"floor":14,"key":"hexamod:MatchstickCase"}],"event_choices":[],"is_beta":false,"boss_relics":[{"not_picked":["Abe\u0027s Treasure","Philosopher\u0027s Stone"],"picked":"Replay:Ancient Bell"},{"not_picked":["Simple Rune","Strawberry"],"picked":"Pet Ghost"},{"not_picked":["Replay:Bottled Snecko","Golden Egg"],"picked":"Mummified Hand"},{"not_picked":["CaptainsWheel","Pocketwatch"],"picked":"Replay:PocketPolymizer"}],"items_purged_floors":[],"is_endless":false,"potions_floor_spawned":[2,3,9,12,14,22],"killed_by":"Gremlin Leader","ascension_level":1}}