{"host":"pg2biz4zy3df4ctj","time":1608928833,"event":{"mods":["BaseMod","Minty Spire (QoL Compilation)","Quick Restart","Random Character Button"],"gold_per_floor":[14,28,28,38,54,54,54,87,137,147,147,158,187,204,204,282,282,294,319,2,2,16,16,43,43,119,119,136,136,51,84,84,84,84],"floor_reached":33,"playtime":1330,"items_purged":["Strike_G"],"score":487,"play_id":"70ab7cdb-4bc5-449b-8c53-42afa7f10e23","local_time":"20201225124033","is_ascension_mode":true,"campfire_choices":[{"data":"Poisoned Stab","floor":6.0,"key":"SMITH"},{"data":"Crippling Poison","floor":11,"key":"SMITH"},{"data":"Cloak And Dagger","floor":15,"key":"SMITH"},{"data":"Adrenaline","floor":23,"key":"SMITH"},{"data":"Flechettes","floor":25,"key":"SMITH"},{"data":"Leg Sweep","floor":27,"key":"SMITH"},{"floor":32,"key":"REST"}],"circlet_count":0,"master_deck":["AscendersBane","Strike_G","Strike_G","Strike_G","Defend_G","Defend_G","Defend_G","Defend_G","Defend_G","Survivor","Neutralize+1","Poisoned Stab+1","PiercingWail","Blur","Quick Slash","Tactician","Crippling Poison+1","Cloak And Dagger+1","Leg Sweep+1","Adrenaline+1","Calculated Gamble+1","Backstab","Flechettes+1","Deadly Poison"],"relics":["Ring of the Snake","Torii","Mercury Hourglass","Centennial Puzzle","Anchor","Philosopher\u0027s Stone","Juzu Bracelet","Pantograph","The Courier","StrikeDummy","Oddly Smooth Stone"],"acts_visited":["Exordium","TheCity"],"potions_floor_usage":[8,8,13,16,22,24,24],"damage_taken":[{"damage":0.0,"enemies":"2 Louse","floor":1.0,"turns":4.0},{"damage":0.0,"enemies":"Small Slimes","floor":2.0,"turns":4.0},{"damage":0.0,"enemies":"Cultist","floor":4.0,"turns":4.0},{"damage":3.0,"enemies":"Red Slaver","floor":5.0,"turns":6.0},{"damage":2,"enemies":"Lagavulin","floor":8,"turns":9},{"damage":1,"enemies":"Gremlin Gang","floor":10,"turns":3},{"damage":1,"enemies":"Lots of Slimes","floor":12,"turns":3},{"damage":29,"enemies":"Gremlin Nob","floor":13,"turns":5},{"damage":0,"enemies":"Looter","floor":14,"turns":4},{"damage":2,"enemies":"Hexaghost","floor":16,"turns":11},{"damage":1,"enemies":"Chosen","floor":18,"turns":5},{"damage":0,"enemies":"2 Thieves","floor":22,"turns":3},{"damage":9,"enemies":"Slavers","floor":24,"turns":8},{"damage":6,"enemies":"Centurion and Healer","floor":28,"turns":5},{"damage":22,"enemies":"Book of Stabbing","floor":31,"turns":7},{"damage":64,"enemies":"Collector","floor":33,"turns":10}],"seed_played":"6846166078130110904","potions_obtained":[{"floor":2.0,"key":"SpeedPotion"},{"floor":4.0,"key":"FearPotion"},{"floor":10,"key":"DuplicationPotion"},{"floor":13,"key":"BlessingOfTheForge"},{"floor":16,"key":"Strength Potion"},{"floor":18,"key":"PowerPotion"},{"floor":22,"key":"Poison Potion"}],"is_trial":false,"path_per_floor":["M","M","?","M","M","R","?","E","T","M","R","M","E","M","R","B",null,"M","T","$","?","M","R","E","R","T","R","M","?","?","E","R","B"],"character_chosen":"THE_SILENT","items_purchased":["Pantograph"],"campfire_rested":1,"item_purchase_floors":[20],"current_hp_per_floor":[63,63,63,63,60,60,60,58,58,57,57,56,27,27,27,25,59,58,58,58,52,52,52,43,43,43,43,37,37,37,15,36,0,0],"gold":84,"neow_bonus":"ONE_RARE_RELIC","is_daily":false,"chose_seed":false,"campfire_upgraded":6,"win_rate":0.0,"timestamp":1608928833,"path_taken":["M","M","?","M","M","R","?","E","T","?","R","M","E","M","R","BOSS","M","?","$","?","M","R","E","R","T","R","M","?","?","E","R","BOSS"],"items_purchased_type":["Relic"],"build_version":"2020-12-22","purchased_purges":1,"victory":false,"max_hp_per_floor":[70,70,70,70,70,70,70,70,70,70,70,70,70,70,70,70,70,70,70,70,70,70,70,70,70,70,70,70,70,70,70,70,70,70],"card_choices":[{"not_picked":["Backflip","Acrobatics"],"picked":"Poisoned Stab","floor":1.0},{"not_picked":["Underhanded Strike","Predator"],"picked":"PiercingWail","floor":2.0},{"not_picked":["Well Laid Plans","Slice"],"picked":"Blur","floor":4.0},{"not_picked":["Finisher","Outmaneuver"],"picked":"Quick Slash","floor":5.0},{"not_picked":["Reflex","Bouncing Flask"],"picked":"Crippling Poison","floor":8},{"not_picked":["Bouncing Flask","Escape Plan"],"picked":"Cloak And Dagger","floor":10},{"not_picked":["Outmaneuver","Finisher","Doppelganger"],"picked":"SKIP","floor":12},{"not_picked":["Caltrops","Dash"],"picked":"Leg Sweep","floor":13},{"not_picked":["Dash","Acrobatics","Masterful Stab"],"picked":"SKIP","floor":14},{"not_picked":["Unload","Doppelganger"],"picked":"Adrenaline","floor":16},{"not_picked":["Leg Sweep+1","Slice+1"],"picked":"Calculated Gamble+1","floor":18},{"not_picked":["Crippling Poison","Terror+1"],"picked":"Backstab","floor":22},{"not_picked":["Riddle With Holes","Prepared"],"picked":"Flechettes","floor":24},{"not_picked":["Flying Knee","Outmaneuver+1","Dagger Throw"],"picked":"SKIP","floor":28},{"not_picked":["Expertise","Acrobatics"],"picked":"Deadly Poison","floor":31}],"player_experience":572635,"relics_obtained":[{"floor":8,"key":"Mercury Hourglass"},{"floor":9,"key":"Centennial Puzzle"},{"floor":13,"key":"Anchor"},{"floor":19,"key":"Juzu Bracelet"},{"floor":24,"key":"The Courier"},{"floor":31,"key":"Oddly Smooth Stone"}],"event_choices":[{"damage_healed":0.0,"max_hp_gain":0.0,"max_hp_loss":0.0,"gold_gain":0.0,"event_name":"Living Wall","player_choice":"Grow","floor":3.0,"gold_loss":0.0,"damage_taken":0.0,"cards_upgraded":["Neutralize"]},{"damage_healed":0.0,"max_hp_gain":0.0,"max_hp_loss":0.0,"gold_gain":0.0,"cards_transformed":["Strike_G"],"event_name":"Transmorgrifier","player_choice":"Transformed","floor":7.0,"gold_loss":0.0,"damage_taken":0.0,"cards_obtained":["Tactician"]},{"damage_healed":0,"gold_gain":0,"player_choice":"","damage_taken":6,"max_hp_gain":0,"max_hp_loss":0,"event_name":"Knowing Skull","floor":21,"potions_obtained":[],"gold_loss":0,"cards_obtained":[]},{"damage_healed":0,"gold_gain":0,"player_choice":"Ignored","damage_taken":0,"max_hp_gain":0,"max_hp_loss":0,"event_name":"Ghosts","floor":29,"gold_loss":0},{"damage_healed":0,"gold_gain":0,"player_choice":"Obtained Relic","damage_taken":0,"relics_obtained":["StrikeDummy"],"max_hp_gain":0,"max_hp_loss":0,"event_name":"Addict","floor":30,"gold_loss":85}],"is_beta":false,"boss_relics":[{"not_picked":["Tiny House","Fusion Hammer"],"picked":"Philosopher\u0027s Stone"}],"items_purged_floors":[20],"is_endless":false,"potions_floor_spawned":[2,4,10,13,16,18,22],"killed_by":"Collector","ascension_level":13}}