{"host":"htqwg582tjjtn9p7","time":1608875430,"event":{"mods":["2.2 Compatiblity","AchievementEnabler","Act Like it!","Aspiration","BaseMod","Better Third Choice","Colored Map","Conspire","Curses Come First","Displayed Cursed Tome","Energized Spire","Force Act Four","GifTheSpireLib","Hermit","Highlight Path","JesterMod","Mad Scientist","Minty Spire (QoL Compilation)","Pale of the Ancients","Permanent Neow","Random Character Button","Relic Stats","Replay The Spire","Robot Space Explorer","Somnambulant","Spicy Shops","Spikes Relics","StSLib","Stuff the Spire","The Blue Laboratory","The Disciple","The Dragon Tamer","The Forsaken","The Gatherer","The Judge","The Jungle","The Marked","The Runesmith","The Servant 0.9.4"],"gold_per_floor":[109,119,119,119,133,168,168,168,168],"floor_reached":8,"playtime":295,"items_purged":[],"score":98,"play_id":"0de5a337-30a3-4544-8be8-4eefd2ae35dc","local_time":"20201225065030","is_ascension_mode":true,"campfire_choices":[{"data":"Searing Blow","floor":7,"key":"SMITH"}],"circlet_count":0,"master_deck":["AscendersBane","Strike_R","Strike_R","Strike_R","Strike_R","Strike_R","Defend_R","Defend_R","Defend_R","Defend_R","Bash","Perfected Strike","Ghostly Armor","Cleave","Amnesia","Searing Blow+1"],"relics":["Burning Blood","ReplayTheSpireMod:Ring of Sloth","Ring of Hypnosis","Toy Ornithopter"],"acts_visited":["Exordium"],"potions_floor_usage":[6,8],"damage_taken":[{"damage":11,"enemies":"Cultist","floor":1,"turns":4},{"damage":0,"enemies":"Small Slimes","floor":2,"turns":5},{"damage":0,"enemies":"2 Louse","floor":5,"turns":3},{"damage":30,"enemies":"3 Sentries","floor":6,"turns":7},{"damage":35,"enemies":"Lagavulin","floor":8,"turns":7}],"seed_played":"-1536796187285614437","potions_obtained":[{"floor":1,"key":"Explosive Potion"},{"floor":6,"key":"CultistPotion"}],"is_trial":false,"path_per_floor":["M","M","?","?","M","E","R","E"],"character_chosen":"IRONCLAD","items_purchased":[],"campfire_rested":0,"item_purchase_floors":[],"current_hp_per_floor":[63,69,69,69,75,51,51,21,21],"gold":168,"neow_bonus":"THREE_CARDS","is_daily":false,"chose_seed":false,"campfire_upgraded":1,"win_rate":0.0,"timestamp":1608875430,"path_taken":["M","M","?","?","M","E","R","E"],"items_purchased_type":[],"build_version":"2020-12-22","purchased_purges":0,"victory":false,"max_hp_per_floor":[75,75,75,75,75,75,75,75,75],"relic_stats":{"counters":[5,26],"obtain_stats":[{"Ring of Hypnosis":4,"ReplayTheSpireMod:Ring of Sloth":4,"Burning Blood":0,"Toy Ornithopter":6},{"Ring of Hypnosis":2,"ReplayTheSpireMod:Ring of Sloth":2,"Burning Blood":0,"Toy Ornithopter":4},{"Ring of Hypnosis":9,"ReplayTheSpireMod:Ring of Sloth":9,"Burning Blood":0,"Toy Ornithopter":19}],"Burning Blood":24,"Toy Ornithopter":5},"card_choices":[{"not_picked":["Clash","StuffTheSpire:RockThrow"],"picked":"Perfected Strike","floor":0},{"not_picked":["Clash","Shrug It Off"],"picked":"Ghostly Armor","floor":1},{"not_picked":["StuffTheSpire:RockThrow","BarbarianYell"],"picked":"Cleave","floor":2},{"not_picked":["Anger","Wild Strike"],"picked":"Searing Blow","floor":5},{"not_picked":["StuffTheSpire:Resist","Clash","Massacre"],"picked":"SKIP","floor":6}],"player_experience":1776603,"relics_obtained":[{"floor":4,"key":"ReplayTheSpireMod:Ring of Sloth"},{"floor":4,"key":"Ring of Hypnosis"},{"floor":6,"key":"Toy Ornithopter"}],"event_choices":[{"damage_healed":0,"gold_gain":0,"player_choice":"Leave","damage_taken":0,"max_hp_gain":0,"max_hp_loss":0,"event_name":"The Cleric","floor":3,"gold_loss":0}],"is_beta":false,"boss_relics":[],"items_purged_floors":[],"is_endless":false,"potions_floor_spawned":[1,6],"killed_by":"Lagavulin","ascension_level":15}}