{"host":"April","time":1608887417,"event":{"mods":["BaseMod","Minty Spire (QoL Compilation)"],"gold_per_floor":[361,371,4,14,34,65,65,77,77,106,122,73,87,97,97,192,192,210,223,242,242,258,283,298,325,378,160,176,186,199,216,216,313,313,325,342,342,342,342,353,353,353],"floor_reached":41,"playtime":3016,"items_purged":[],"score":503,"play_id":"9513e92a-2d8d-4e9c-a22b-060861394c2b","local_time":"20201225011017","is_ascension_mode":true,"campfire_choices":[{"data":"Inflame","floor":7.0,"key":"SMITH"},{"data":"Flame Barrier","floor":15.0,"key":"SMITH"},{"floor":32.0,"key":"REST"}],"circlet_count":0,"master_deck":["Strike_R+1","Strike_R","Strike_R","Strike_R","Defend_R","Defend_R","Defend_R","Defend_R","Bash","Wild Strike+1","Thunderclap","Rampage","Inflame+1","Flame Barrier+1","Carnage","Second Wind","Seeing Red","Impervious","Shrug It Off","Havoc","Reckless Charge","Barricade","Burning Pact","Rage+1","Shockwave","Seeing Red+1","Dark Embrace","Shrug It Off","Feel No Pain","Juggernaut","Disarm","Shrug It Off+1","Armaments+1","Cleave","Havoc+1","Feed","Limit Break","Transmutation","Decay"],"relics":["Black Blood","Charon\u0027s Ashes","Orichalcum","Strawberry","MealTicket","Fusion Hammer","Darkstone Periapt","Red Skull","Whetstone","Smiling Mask","Orrery"],"acts_visited":["Exordium","TheCity","TheBeyond"],"potions_floor_usage":[40,40],"damage_taken":[{"damage":6.0,"enemies":"Cultist","floor":1.0,"turns":3.0},{"damage":8.0,"enemies":"2 Louse","floor":2.0,"turns":3.0},{"damage":11.0,"enemies":"Jaw Worm","floor":4.0,"turns":2.0},{"damage":15.0,"enemies":"Looter","floor":5.0,"turns":3.0},{"damage":15.0,"enemies":"3 Sentries","floor":6.0,"turns":7.0},{"damage":6.0,"enemies":"Blue Slaver","floor":8.0,"turns":3.0},{"damage":14.0,"enemies":"Lagavulin","floor":10.0,"turns":5.0},{"damage":4.0,"enemies":"Gremlin Gang","floor":11.0,"turns":5.0},{"damage":8.0,"enemies":"Exordium Thugs","floor":13.0,"turns":4.0},{"damage":2.0,"enemies":"Blue Slaver","floor":14.0,"turns":3.0},{"damage":31.0,"enemies":"Hexaghost","floor":16.0,"turns":11.0},{"damage":0.0,"enemies":"2 Thieves","floor":18.0,"turns":4.0},{"damage":0.0,"enemies":"3 Byrds","floor":19.0,"turns":4.0},{"damage":2.0,"enemies":"Centurion and Healer","floor":20.0,"turns":8.0},{"damage":14.0,"enemies":"Chosen and Byrds","floor":22.0,"turns":6.0},{"damage":34.0,"enemies":"Book of Stabbing","floor":23.0,"turns":7.0},{"damage":4.0,"enemies":"Cultist and Chosen","floor":24.0,"turns":7.0},{"damage":20.0,"enemies":"Gremlin Leader","floor":25.0,"turns":7.0},{"damage":15.0,"enemies":"Snake Plant","floor":28.0,"turns":5.0},{"damage":0.0,"enemies":"Snecko","floor":29.0,"turns":3.0},{"damage":19.0,"enemies":"Cultist and Chosen","floor":30.0,"turns":6.0},{"damage":11.0,"enemies":"Snake Plant","floor":31.0,"turns":3.0},{"damage":15.0,"enemies":"Champ","floor":33.0,"turns":12.0},{"damage":4.0,"enemies":"3 Shapes","floor":35.0,"turns":5.0},{"damage":26.0,"enemies":"3 Darklings","floor":36.0,"turns":7.0},{"damage":25,"enemies":"Maw","floor":40,"turns":9},{"damage":61,"enemies":"Reptomancer","floor":41,"turns":4}],"seed_played":"1694392627890628641","potions_obtained":[{"floor":2.0,"key":"LiquidMemories"},{"floor":6.0,"key":"Ancient Potion"},{"floor":8.0,"key":"Weak Potion"},{"floor":10.0,"key":"BlessingOfTheForge"},{"floor":14.0,"key":"BlessingOfTheForge"},{"floor":19.0,"key":"LiquidMemories"},{"floor":23.0,"key":"SteroidPotion"},{"floor":24.0,"key":"Swift Potion"},{"floor":25.0,"key":"SpeedPotion"},{"floor":29.0,"key":"AttackPotion"},{"floor":35.0,"key":"BlessingOfTheForge"},{"floor":36.0,"key":"Weak Potion"}],"is_trial":false,"path_per_floor":["M","M","$","M","M","E","R","M","T","E","M","$","M","M","R","B",null,"M","M","M","?","M","E","M","E","T","$","M","M","M","M","R","B",null,"M","M","?","?","?","M","E"],"character_chosen":"IRONCLAD","items_purchased":["Charon\u0027s Ashes","Rampage","Shrug It Off","Feel No Pain","Orrery"],"campfire_rested":1,"item_purchase_floors":[3,3,12,27,27],"current_hp_per_floor":[72,70,70,65,56,47,47,47,54,46,48,63,61,65,65,40,79,79,79,79,79,71,43,45,31,31,46,37,43,30,25,48,39,79,79,65,65,65,71,58,0,0],"gold":353,"neow_bonus":"TWO_FIFTY_GOLD","is_daily":false,"chose_seed":false,"campfire_upgraded":2,"win_rate":0.0,"timestamp":1608887417,"path_taken":["M","M","$","M","M","E","R","M","T","E","M","$","?","M","R","BOSS","M","M","M","?","M","E","M","E","T","?","M","?","M","?","R","BOSS","M","M","?","?","?","M","E"],"items_purchased_type":["Relic","Card","Card","Card","Relic"],"build_version":"2020-12-18","purchased_purges":0,"victory":false,"max_hp_per_floor":[72,72,72,72,72,72,72,72,79,79,79,79,79,79,79,79,79,79,79,79,79,79,79,79,79,79,79,79,79,79,79,79,79,79,79,79,79,79,85,85,85,85],"card_choices":[{"not_picked":["Thunderclap","Iron Wave"],"picked":"Wild Strike","floor":1.0},{"not_picked":["Bloodletting","Clash"],"picked":"Thunderclap","floor":2.0},{"not_picked":["Metallicize","Body Slam"],"picked":"Inflame","floor":4.0},{"not_picked":["Twin Strike","Carnage"],"picked":"Flame Barrier","floor":5.0},{"not_picked":["Entrench","Thunderclap"],"picked":"Carnage","floor":6.0},{"not_picked":["Havoc","Clash"],"picked":"Second Wind","floor":8.0},{"not_picked":["Anger","Warcry"],"picked":"Seeing Red","floor":10.0},{"not_picked":["Twin Strike","True Grit"],"picked":"Impervious","floor":11.0},{"not_picked":["Twin Strike","Sword Boomerang"],"picked":"Havoc","floor":13.0},{"not_picked":["Combust","Sentinel"],"picked":"Reckless Charge","floor":14.0},{"not_picked":["Fiend Fire","Double Tap"],"picked":"Barricade","floor":16.0},{"not_picked":["Rupture","Twin Strike"],"picked":"Burning Pact","floor":18.0},{"not_picked":["Cleave+1","Blood for Blood"],"picked":"Rage+1","floor":19.0},{"not_picked":["Inflame","True Grit"],"picked":"Shockwave","floor":20.0},{"not_picked":["Pommel Strike","Iron Wave+1"],"picked":"Seeing Red+1","floor":22.0},{"not_picked":["Body Slam","Perfected Strike"],"picked":"Dark Embrace","floor":23.0},{"not_picked":["Flex","Anger"],"picked":"Shrug It Off","floor":24.0},{"not_picked":["Thunderclap","Perfected Strike","Body Slam"],"picked":"SKIP","floor":25.0},{"not_picked":["Disarm","Havoc"],"picked":"Juggernaut","floor":27.0},{"not_picked":["Pummel","Dropkick"],"picked":"Disarm","floor":27.0},{"not_picked":["Havoc","Heavy Blade"],"picked":"Shrug It Off+1","floor":27.0},{"not_picked":["Twin Strike","Power Through"],"picked":"Armaments+1","floor":27.0},{"not_picked":["Clash+1","Flex"],"picked":"Cleave","floor":27.0},{"not_picked":["Armaments","Twin Strike"],"picked":"Havoc+1","floor":28.0},{"not_picked":["Whirlwind","Power Through"],"picked":"Feed","floor":29.0},{"not_picked":["Flex","Flame Barrier","Heavy Blade"],"picked":"SKIP","floor":30.0},{"not_picked":["Shrug It Off","True Grit","Body Slam"],"picked":"SKIP","floor":31.0},{"not_picked":["Juggernaut","Berserk"],"picked":"Limit Break","floor":33.0},{"not_picked":["Havoc+1","Carnage+1","Pommel Strike+1"],"picked":"SKIP","floor":35.0},{"not_picked":["Twin Strike+1","Body Slam","Armaments"],"picked":"SKIP","floor":36.0},{"not_picked":["Deep Breath","Jack Of All Trades"],"picked":"Transmutation","floor":38.0},{"not_picked":["Shrug It Off","Rupture","Perfected Strike+1"],"picked":"SKIP","floor":40}],"player_experience":2532411,"relics_obtained":[{"floor":6.0,"key":"Orichalcum"},{"floor":9.0,"key":"Strawberry"},{"floor":10.0,"key":"MealTicket"},{"floor":23.0,"key":"Red Skull"},{"floor":25.0,"key":"Whetstone"},{"floor":26.0,"key":"Smiling Mask"}],"event_choices":[{"damage_healed":0.0,"max_hp_gain":0.0,"max_hp_loss":0.0,"gold_gain":0.0,"event_name":"WeMeetAgain","player_choice":"Gave Potion","floor":21.0,"gold_loss":0.0,"damage_taken":0.0,"relics_obtained":["Darkstone Periapt"]},{"cards_removed":["Strike_R"],"damage_healed":0.0,"max_hp_gain":0.0,"max_hp_loss":0.0,"gold_gain":0.0,"event_name":"Falling","player_choice":"Removed Attack","floor":37.0,"gold_loss":0.0,"damage_taken":0.0},{"damage_healed":0.0,"max_hp_gain":0.0,"max_hp_loss":0.0,"gold_gain":0.0,"event_name":"SensoryStone","player_choice":"Memory 1","floor":38.0,"gold_loss":0.0,"damage_taken":0.0},{"damage_healed":0.0,"max_hp_gain":0.0,"max_hp_loss":0.0,"gold_gain":0.0,"event_name":"Wheel of Change","player_choice":"Cursed","floor":39.0,"gold_loss":0.0,"damage_taken":0.0,"cards_obtained":["Decay"]}],"is_beta":true,"boss_relics":[{"not_picked":["Pandora\u0027s Box","Black Star"],"picked":"Fusion Hammer"},{"not_picked":["Runic Dome","Runic Cube"],"picked":"Black Blood"}],"items_purged_floors":[],"is_endless":false,"potions_floor_spawned":[2,6,8,10,14,19,23,24,25,29,35,36],"killed_by":"Reptomancer","ascension_level":1}}