{"host":"8415a70nfw5nggy6","time":1608925913,"event":{"mods":["Aspiration","BaseMod","BetterRewards","Colored Map","Conspire","DeckTracker","Downfall","Hubris","Infinite Spire","Minty Spire (QoL Compilation)","Permanent Neow","Relic Sorter","Replay The Spire","Spikes Relics","StSLib","The Jungle"],"gold_per_floor":[118,138,148,148,223,223,234,234,234,263,283,283,283,309,309,309,309],"floor_reached":16,"playtime":1094,"items_purged":[],"score":193,"play_id":"28b6c515-28b0-4338-8662-143751a01f9a","local_time":"20201225205153","is_ascension_mode":true,"campfire_choices":[{"data":"SashWhip","floor":6.0,"key":"SMITH"},{"data":"Bash","floor":8.0,"key":"SMITH"},{"data":"Cleave","floor":12.0,"key":"SMITH"},{"floor":15.0,"key":"REST"}],"circlet_count":0,"master_deck":["AscendersBane","Strike_R+1","Strike_R","Strike_R","Strike_R","Strike_R","Defend_R","Defend_R","Defend_R","Defend_R","Bash+1","Cleave+1","SashWhip+1","Decay","MasterReality"],"relics":["Burning Blood","aspiration:Nostalgia","Replay:M_StaffOfTheSnake","hubris:SphereOfDissonance","ReplayTheSpireMod:Lightbulb","Toy Ornithopter"],"acts_visited":["Exordium"],"potions_floor_usage":[16],"damage_taken":[{"damage":3.0,"enemies":"conspire:RoseBush","floor":1.0,"turns":5.0},{"damage":9.0,"enemies":"2 Louse","floor":2.0,"turns":3.0},{"damage":4.0,"enemies":"Cultist","floor":3.0,"turns":3.0},{"damage":0.0,"enemies":"Exordium Wildlife","floor":7.0,"turns":2.0},{"damage":16.0,"enemies":"Gremlin Nob","floor":10.0,"turns":3.0},{"damage":11.0,"enemies":"Blue Slaver","floor":11.0,"turns":4.0},{"damage":32.0,"enemies":"3 Sentries","floor":14.0,"turns":8.0},{"damage":54,"enemies":"Slime Boss","floor":16,"turns":8}],"seed_played":"-8719308191031144688","potions_obtained":[{"floor":1.0,"key":"Explosive Potion"},{"floor":2.0,"key":"Weak Potion"},{"floor":10.0,"key":"PowerPotion"},{"floor":11.0,"key":"champ:CounterPotion"}],"is_trial":false,"path_per_floor":["M","M","M","?","?","R","M","R","T","E","M","R","?","E","R","B"],"character_chosen":"IRONCLAD","items_purchased":[],"campfire_rested":1,"item_purchase_floors":[],"current_hp_per_floor":[71,68,70,70,59,59,65,65,65,55,50,50,50,24,46,0,0],"gold":309,"neow_bonus":"NOSTALGIA","is_daily":false,"chose_seed":false,"campfire_upgraded":3,"win_rate":0.0,"timestamp":1608925913,"path_taken":["M","M","M","?","?","R","M","R","T","E","M","R","?","E","R","BOSS"],"items_purchased_type":[],"build_version":"2020-12-22","purchased_purges":0,"victory":false,"max_hp_per_floor":[75,75,75,75,75,75,75,75,75,75,75,75,75,75,75,75,75],"card_choices":[{"not_picked":["Rage","Thunderclap"],"picked":"Cleave","floor":1.0},{"not_picked":["Thunderclap","Seeing Red"],"picked":"SashWhip","floor":2.0},{"not_picked":["Hemogenesis","Run Through","Dark Embrace"],"picked":"SKIP","floor":3.0},{"not_picked":["CutThroughFate","Replay:Undeath\u0027s Touch","Havoc"],"picked":"SKIP","floor":7.0},{"not_picked":["Combust","Sentinel","Brutality"],"picked":"SKIP","floor":10.0},{"not_picked":["ReplayTheSpireMod:Strike From Hell","Body Slam","hubris:ReadiedAction"],"picked":"SKIP","floor":11.0},{"not_picked":["Ghostly Armor","CutThroughFate"],"picked":"MasterReality","floor":14.0}],"player_experience":952333,"relics_obtained":[{"floor":9.0,"key":"hubris:SphereOfDissonance"},{"floor":10.0,"key":"ReplayTheSpireMod:Lightbulb"},{"floor":14.0,"key":"Toy Ornithopter"}],"event_choices":[{"damage_healed":0.0,"max_hp_gain":0.0,"max_hp_loss":0.0,"gold_gain":75.0,"event_name":"World of Goop","player_choice":"Gather Gold","floor":5.0,"gold_loss":0.0,"damage_taken":11.0},{"damage_healed":0.0,"max_hp_gain":0.0,"max_hp_loss":0.0,"gold_gain":0.0,"event_name":"Wheel of Change","player_choice":"Cursed","floor":13.0,"gold_loss":0.0,"damage_taken":0.0,"cards_obtained":["Decay"]}],"is_beta":false,"boss_relics":[],"items_purged_floors":[],"is_endless":false,"potions_floor_spawned":[1,2,10,11],"killed_by":"Slime Boss","ascension_level":15}}