{"host":"6pgtslebjnyv5xmi","time":1608869304,"event":{"mods":["AchievementEnabler","BaseMod","Colored Map","Minty Spire (QoL Compilation)","Rare Cards Sparkle","StSLib","SuperFastMode","The Dragon Tamer","everything is the same but u backflip on backflip"],"gold_per_floor":[364,377,377,88,88,120,120,150,150,150,167,186,16,69,69,174,174,189,205,1,20,31,31,59,59,86,95,15,24,24,24,24,131,131,141,69,69,96,155,155,192,192,218,237,237,135,135,154,163,163],"floor_reached":51,"playtime":3010,"items_purged":["Strike_B","Reprogram+1","Shame"],"score":914,"play_id":"c336270f-feb6-4e9b-9891-9e9fedbc8fae","local_time":"20201225130824","is_ascension_mode":true,"campfire_choices":[{"data":"Zap","floor":7,"key":"SMITH"},{"data":"Defragment","floor":10,"key":"SMITH"},{"floor":15,"key":"REST"},{"data":"Capacitor","floor":23,"key":"SMITH"},{"data":"All For One","floor":32,"key":"SMITH"},{"data":"Biased Cognition","floor":40,"key":"SMITH"},{"floor":42,"key":"REST"},{"floor":47,"key":"RECALL"},{"floor":49,"key":"REST"}],"circlet_count":0,"master_deck":["Zap+1","Dualcast","Self Repair","Defragment+1","Static Discharge","Consume+1","Hologram+1","Bandage Up+1","Stack+1","Amplify+1","All For One+1","BootSequence+1","Leap+1","Capacitor+1","Storm","Chaos+1","Recycle+1","Redo+1","Hologram+1","White Noise+1","Turbo+1","Chill+1","Biased Cognition+1","Storm+1","Skim+1","Leap+1","Panacea+1","Biased Cognition+1","Seek+1"],"relics":["Cracked Core","Mummified Hand","Toxic Egg 2","Dead Branch","Dream Catcher","Blood Vial","Pandora\u0027s Box","Membership Card","Boot","Letter Opener","Nunchaku","CeramicFish","Kunai","GremlinMask","Inserter","Anchor","Pocketwatch","Lizard Tail","DollysMirror"],"acts_visited":["Exordium","TheCity","TheBeyond"],"potions_floor_usage":[6,6,8,16,16,21,22,33,33,33,50,50],"damage_taken":[{"damage":2,"enemies":"2 Louse","floor":1,"turns":3},{"damage":5,"enemies":"Cultist","floor":2,"turns":4},{"damage":14,"enemies":"Lagavulin","floor":6,"turns":4},{"damage":31,"enemies":"Gremlin Nob","floor":8,"turns":4},{"damage":7,"enemies":"Jaw Worm","floor":11,"turns":3},{"damage":9,"enemies":"Exordium Thugs","floor":12,"turns":3},{"damage":22,"enemies":"Slime Boss","floor":16,"turns":8},{"damage":0,"enemies":"Spheric Guardian","floor":18,"turns":3},{"damage":6,"enemies":"3 Byrds","floor":19,"turns":3},{"damage":4,"enemies":"Snake Plant","floor":21,"turns":4},{"damage":19,"enemies":"Sentry and Sphere","floor":22,"turns":3},{"damage":15,"enemies":"Gremlin Leader","floor":24,"turns":4},{"damage":0,"enemies":"Champ","floor":33,"turns":5},{"damage":1,"enemies":"3 Shapes","floor":35,"turns":2},{"damage":0,"enemies":"3 Darklings","floor":38,"turns":4},{"damage":0,"enemies":"Mind Bloom Boss Battle","floor":39,"turns":3},{"damage":30,"enemies":"Nemesis","floor":41,"turns":5},{"damage":0,"enemies":"4 Shapes","floor":44,"turns":3},{"damage":0,"enemies":"Spire Growth","floor":48,"turns":3},{"damage":59,"enemies":"Time Eater","floor":50,"turns":5}],"seed_played":"-339854541678736489","potions_obtained":[{"floor":2,"key":"BlessingOfTheForge"},{"floor":5,"key":"Block Potion"},{"floor":5,"key":"Swift Potion"},{"floor":6,"key":"Strength Potion"},{"floor":8,"key":"AttackPotion"},{"floor":12,"key":"SkillPotion"},{"floor":16,"key":"AttackPotion"},{"floor":19,"key":"Strength Potion"},{"floor":21,"key":"BlessingOfTheForge"},{"floor":24,"key":"FocusPotion"},{"floor":38,"key":"SteroidPotion"},{"floor":44,"key":"PotionOfCapacity"},{"floor":48,"key":"LiquidMemories"}],"is_trial":false,"path_per_floor":["M","M","?","$","?","E","R","E","T","R","M","M","$","T","R","B",null,"M","M","$","M","M","R","E","?","T","?","$","?","T","?","R","B",null,"M","$","?","M","?","R","E","R","T","M","?","$","R","M","R","B",null],"character_chosen":"DEFECT","items_purchased":["Mummified Hand","Static Discharge","Bandage Up+1","Membership Card","Turbo+1","Anchor","Panacea+1","DollysMirror"],"campfire_rested":3,"item_purchase_floors":[4,4,13,20,28,36,46,46],"current_hp_per_floor":[73,75,75,75,75,68,68,44,44,44,44,42,42,42,64,57,75,75,75,75,75,63,63,63,63,63,63,63,63,63,63,63,75,75,74,74,74,75,75,75,52,74,74,75,71,71,71,71,71,19],"gold":163,"neow_bonus":"TWO_FIFTY_GOLD","is_daily":false,"chose_seed":false,"campfire_upgraded":5,"win_rate":0.0,"timestamp":1608869304,"path_taken":["M","M","?","$","?","E","R","E","T","R","M","?","?","?","R","BOSS","M","M","$","M","M","R","E","?","T","?","?","?","?","?","R","BOSS","M","$","?","M","?","R","E","R","T","M","?","$","R","?","R","BOSS"],"items_purchased_type":["Relic","Card","Card","Relic","Card","Relic","Card","Relic"],"build_version":"2020-12-22","purchased_purges":3,"victory":true,"max_hp_per_floor":[75,75,75,75,75,75,75,75,75,75,75,75,75,75,75,75,75,75,75,75,75,75,75,75,75,75,75,75,75,75,75,75,75,75,75,75,75,75,75,75,75,75,75,75,71,71,71,71,71,71],"card_choices":[{"not_picked":["Redo","Hologram"],"picked":"Self Repair","floor":1},{"not_picked":["Turbo","Barrage"],"picked":"Defragment","floor":2},{"not_picked":["Hyperbeam","Blizzard","Genetic Algorithm+1"],"picked":"SKIP","floor":6},{"not_picked":["Hyperbeam","Blizzard","Genetic Algorithm+1"],"picked":"SKIP","floor":6},{"not_picked":["Rebound","Cold Snap"],"picked":"Consume+1","floor":8},{"not_picked":["Skim+1","Consume+1"],"picked":"Hologram+1","floor":11},{"not_picked":["Darkness+1","Rip and Tear","Blizzard"],"picked":"SKIP","floor":12},{"not_picked":["Ball Lightning","Reprogram+1"],"picked":"Stack+1","floor":15},{"not_picked":["Biased Cognition","Thunder Strike"],"picked":"Amplify+1","floor":16},{"not_picked":["Lockon","Blizzard"],"picked":"Recycle+1","floor":18},{"not_picked":["Self Repair","Compile Driver"],"picked":"Redo+1","floor":19},{"not_picked":["Barrage","Redo+1"],"picked":"Hologram+1","floor":21},{"not_picked":["Beam Cell+1","Redo+1"],"picked":"Sunder","floor":22},{"not_picked":["Undo+1","Stack+1"],"picked":"White Noise+1","floor":24},{"not_picked":["Amplify+1","Machine Learning"],"picked":"Biased Cognition","floor":33},{"not_picked":["Static Discharge","Streamline","Doom and Gloom"],"picked":"SKIP","floor":35},{"not_picked":["Compile Driver","Blizzard+1"],"picked":"Storm+1","floor":38},{"not_picked":["Compile Driver+1","Ball Lightning+1"],"picked":"Skim+1","floor":39},{"not_picked":["Hyperbeam","Cold Snap"],"picked":"Leap+1","floor":41},{"not_picked":["Chill+1","Undo+1","Turbo+1"],"picked":"SKIP","floor":44},{"not_picked":["Ball Lightning","Streamline","BootSequence+1"],"picked":"SKIP","floor":48},{"not_picked":["Hologram+1","Cold Snap+1"],"picked":"Seek+1","floor":49}],"player_experience":476691,"relics_obtained":[{"floor":6,"key":"Toxic Egg 2"},{"floor":8,"key":"Dead Branch"},{"floor":9,"key":"Dream Catcher"},{"floor":14,"key":"Blood Vial"},{"floor":24,"key":"Boot"},{"floor":26,"key":"Nunchaku"},{"floor":30,"key":"Kunai"},{"floor":39,"key":"Pocketwatch"},{"floor":41,"key":"Lizard Tail"}],"event_choices":[{"cards_removed":["Doubt"],"damage_healed":0,"gold_gain":0,"player_choice":"Forget","damage_taken":0,"max_hp_gain":0,"max_hp_loss":0,"event_name":"Living Wall","floor":3,"gold_loss":0},{"damage_healed":0,"gold_gain":0,"player_choice":"Got Potions","damage_taken":0,"max_hp_gain":0,"max_hp_loss":0,"event_name":"Lab","floor":5,"gold_loss":0},{"damage_healed":0,"gold_gain":0,"player_choice":"Opened","damage_taken":0,"relics_obtained":["Letter Opener"],"max_hp_gain":0,"max_hp_loss":0,"event_name":"The Mausoleum","floor":25,"gold_loss":0},{"damage_healed":0,"gold_gain":0,"player_choice":"Stole Relic","damage_taken":0,"relics_obtained":["CeramicFish"],"max_hp_gain":0,"max_hp_loss":0,"event_name":"Addict","floor":27,"gold_loss":0,"cards_obtained":["Shame"]},{"damage_healed":0,"gold_gain":0,"player_choice":"Read","damage_taken":0,"max_hp_gain":0,"max_hp_loss":0,"event_name":"The Library","floor":29,"gold_loss":0,"cards_obtained":["Chill"]},{"damage_healed":0,"gold_gain":0,"player_choice":"Trade","damage_taken":0,"relics_obtained":["GremlinMask"],"max_hp_gain":0,"max_hp_loss":0,"event_name":"FaceTrader","floor":31,"gold_loss":0},{"cards_removed":["Sunder"],"damage_healed":0,"gold_gain":0,"player_choice":"Removed Attack","damage_taken":0,"max_hp_gain":0,"max_hp_loss":0,"event_name":"Falling","floor":37,"gold_loss":0},{"damage_healed":0,"gold_gain":0,"player_choice":"Fight","damage_taken":0,"max_hp_gain":0,"max_hp_loss":0,"event_name":"MindBloom","floor":39,"gold_loss":0},{"damage_healed":0,"gold_gain":0,"player_choice":"Max HP","damage_taken":0,"max_hp_gain":0,"max_hp_loss":4,"event_name":"Winding Halls","floor":45,"gold_loss":0}],"is_beta":false,"boss_relics":[{"not_picked":["Sozu","SlaversCollar"],"picked":"Pandora\u0027s Box"},{"not_picked":["Empty Cage","Snecko Eye"],"picked":"Inserter"}],"items_purged_floors":[13,20,28],"is_endless":false,"potions_floor_spawned":[2,6,8,12,16,19,21,24,38,44,48],"ascension_level":4}}