{"host":"ywbsnexmk111etbw","time":1608860619,"event":{"mods":["Act Like it!","BaseMod","Colored Powertips","Curses Come First","Downfall","Hubris","Infinite Spire","Marisa????????","Minty Spire (QoL Compilation)","Pale of the Ancients","Permanent Neow","Replay The Spire","StSLib","The Cursed","The Dragon Tamer","The Mystic","The Necromancer","Wandering Minibosses"],"gold_per_floor":[115,112,112,112,112,112,134,122,194,213,213,213,213,221,221,305,305,313,324,324,330,35,35,56,51,51],"floor_reached":25,"playtime":1054,"items_purged":["Pain"],"score":221,"play_id":"03ef75b4-22cc-4c7f-ac3e-3e920bac2df2","local_time":"20201224204339","is_ascension_mode":false,"campfire_choices":[{"data":"hubris:InfiniteBlow","floor":6,"key":"SMITH"},{"floor":12,"key":"REST"},{"floor":15,"key":"REST"},{"data":"Bone_Armory","floor":23,"key":"SMITH"}],"circlet_count":0,"master_deck":["Strike_W","Strike_W","Strike_W","Strike_W","Defend_W","Defend_W","Defend_W+1","Defend_W","Negative_Energy_Arrows+1","Bone_Wall","Bone_Armor+1","Skeleton_Dragon","hubris:InfiniteBlow+1","Thousand_Bone_Knives","Bone_Prison","Bone_Shift","Death_March_Dance","Summon_Death_Knight","Finger_Of_Death+1","Blood_Whip+1","Blood_Magic","Bone_Armory+1","Bone_Bullets"],"relics":["Vampire_Amulet","hubris:Towel","WarpedTongs","War Paint","Darkstone Periapt","infinitespire:ShieldingShard","Black Star","infinitespire:Lucky Rock","hubris:GlazedTorus","Regal Pillow"],"acts_visited":["Exordium","TheCity"],"potions_floor_usage":[7,16,24],"damage_taken":[{"damage":0,"enemies":"2 Louse","floor":1,"turns":2},{"damage":1,"enemies":"Jaw Worm","floor":2,"turns":6},{"damage":13,"enemies":"3 Sentries","floor":7,"turns":7},{"damage":4,"enemies":"Cultist","floor":8,"turns":5},{"damage":1,"enemies":"Large Slime","floor":10,"turns":5},{"damage":11,"enemies":"Exordium Wildlife","floor":14,"turns":4},{"damage":45,"enemies":"Hexaghost","floor":16,"turns":12},{"damage":0,"enemies":"Chosen","floor":18,"turns":6},{"damage":3,"enemies":"3 Byrds","floor":19,"turns":6},{"damage":17,"enemies":"Snecko","floor":21,"turns":5},{"damage":47,"enemies":"Replay:Snechameleon","floor":24,"turns":6},{"damage":15,"enemies":"3 Cultists","floor":25,"turns":3}],"seed_played":"-6413814851545434199","potions_obtained":[{"floor":2,"key":"BlessingOfTheForge"},{"floor":8,"key":"Dexterity Potion"},{"floor":21,"key":"AttackPotion"}],"is_trial":false,"path_per_floor":["M","M","?","?","?","R","E","M","T","M","?","R","?","M","R","B",null,"M","M","?","M","$","R","E","M"],"character_chosen":"NECROMANCER","items_purchased":["infinitespire:Lucky Rock","Bone_Armory"],"campfire_rested":2,"item_purchase_floors":[22,22],"current_hp_per_floor":[75,75,57,57,57,57,50,48,48,51,18,40,40,33,55,12,75,75,75,72,57,57,57,12,0,0],"gold":51,"neow_bonus":"RANDOM_EVENT","is_daily":false,"chose_seed":false,"campfire_upgraded":2,"win_rate":0.0,"timestamp":1608860619,"path_taken":["M","M","?","?","?","R","E","M","T","?","?","R","?","M","R","BOSS","M","M","?","M","$","R","E","M"],"items_purchased_type":["Relic","Card"],"build_version":"2020-12-22","purchased_purges":1,"victory":false,"max_hp_per_floor":[75,75,75,75,75,75,75,75,75,75,75,75,75,75,75,75,75,75,75,75,75,75,75,75,75,75],"card_choices":[{"not_picked":["Whirlwind_of_Bones","Shackles_Of_Pain"],"picked":"Bone_Armor","floor":1},{"not_picked":["Blood_Whip","Scare"],"picked":"Skeleton_Dragon","floor":2},{"not_picked":["infinitespire:FutureSight","ReplayTheSpireMod:Black Plague"],"picked":"hubris:InfiniteBlow","floor":3},{"not_picked":["Death_March_Dance","Negative_Energy_Sphere"],"picked":"Thousand_Bone_Knives","floor":7},{"not_picked":["Corrupt","Negative_Energy_Javelin"],"picked":"Bone_Prison","floor":8},{"not_picked":["Bones_to_Steel","Stop_Heart"],"picked":"Bone_Shift","floor":10},{"not_picked":["Blood_Magic","Chill_Blood"],"picked":"Death_March_Dance","floor":14},{"not_picked":["Requiem","Negative_Energy_Bomb"],"picked":"Summon_Death_Knight","floor":16},{"not_picked":["Scare","Consume_Illness+1"],"picked":"Finger_Of_Death+1","floor":18},{"not_picked":["Shackles_Of_Pain","Acid_Javelin"],"picked":"Blood_Whip+1","floor":19},{"not_picked":["Necrotic_Claws+1","Summon_Lich"],"picked":"Blood_Magic","floor":21},{"not_picked":["Negative_Energy_Javelin","Negative_Energy_Bomb"],"picked":"Bone_Bullets","floor":24}],"player_experience":135696,"relics_obtained":[{"floor":7,"key":"War Paint"},{"floor":9,"key":"Darkstone Periapt"},{"floor":24,"key":"hubris:GlazedTorus"},{"floor":24,"key":"Regal Pillow"}],"event_choices":[{"damage_healed":0,"gold_gain":0,"player_choice":"Grow","damage_taken":0,"max_hp_gain":0,"max_hp_loss":0,"event_name":"Living Wall","floor":0,"gold_loss":0,"cards_upgraded":["Negative_Energy_Arrows"]},{"damage_healed":0,"gold_gain":0,"player_choice":"Rummage","damage_taken":0,"relics_obtained":["WarpedTongs"],"max_hp_gain":0,"max_hp_loss":0,"event_name":"Accursed Blacksmith","floor":5,"gold_loss":0,"cards_obtained":["Pain"]},{"damage_healed":0,"gold_gain":0,"player_choice":"Success","damage_taken":33,"relics_obtained":["infinitespire:ShieldingShard"],"max_hp_gain":0,"max_hp_loss":0,"event_name":"Scrap Ooze","floor":11,"gold_loss":0},{"damage_healed":0,"gold_gain":0,"player_choice":"Ignored","damage_taken":0,"max_hp_gain":0,"max_hp_loss":0,"event_name":"Golden Idol","floor":13,"gold_loss":0},{"damage_healed":0,"gold_gain":0,"player_choice":"Punched","damage_taken":3,"max_hp_gain":0,"max_hp_loss":0,"event_name":"Designer","floor":20,"gold_loss":0}],"is_beta":false,"boss_relics":[{"not_picked":["Ring of Chaos","Replay:Grab Bag"],"picked":"Black Star"}],"items_purged_floors":[22],"is_endless":false,"potions_floor_spawned":[2,8,21],"killed_by":"3 Cultists","ascension_level":0}}