{"host":"u36ni54khriudopt","time":1608914061,"event":{"mods":["BaseMod","Downfall","GifTheSpireLib","Minty Spire (QoL Compilation)","StSLib","[IsaacMod]ÒÔÈö¼âËþ"],"gold_per_floor":[99,99,274,274,274,199,224,324,340,350,350,362,287,299,317,420,420,420,49,49,34,49,49,94,94,17,33,57,57,57,71,88,187,187,187,202,302,321,8,21,21,21,21,21,70,70,84,117,117,117],"floor_reached":51,"playtime":3067,"items_purged":[],"score":761,"play_id":"231002ec-c468-46d5-a585-73d67daae97b","local_time":"20201226003421","is_ascension_mode":false,"campfire_choices":[{"floor":1.0,"key":"RECALL"},{"data":"DoctorFetus","floor":6.0,"key":"SMITH"},{"data":"sneckomod:Unknown3Cost","floor":13,"key":"SMITH"},{"data":"sneckomod:UnknownRareSkill","floor":18,"key":"SMITH"},{"data":"sneckomod:UnknownRarePower","floor":23,"key":"SMITH"},{"data":"expansioncontent:CaCaw","floor":29,"key":"SMITH"},{"data":"sneckomod:MorePower","floor":35,"key":"SMITH"},{"floor":42,"key":"REST"},{"floor":46,"key":"REST"},{"floor":49,"key":"REST"}],"circlet_count":0,"master_deck":["sneckomod:TailWhip","sneckomod:SnekBite","sneckomod:Unknown+1","sneckomod:Unknown+1","DoctorFetus+1","sneckomod:SlitherStrike","sneckomod:ImprovisedGuard","sneckomod:SerpentIdol","sneckomod:QuickBite","sneckomod:IronFang","sneckomod:Unknown3Cost+1","Parasite","sneckomod:UnknownBlock","sneckomod:DiceBlock","sneckomod:RainOfDice","sneckomod:UnknownRareSkill+1","sneckomod:UnknownVulnerable+1","sneckomod:MasterEye","sneckomod:UnknownStrike","sneckomod:Unknown","sneckomod:UnknownStrike","sneckomod:Unknown0Cost","sneckomod:UnknownColorless","sneckomod:UnknownBlock","sneckomod:UnknownRarePower+1","sneckomod:UnknownUncommonPower","sneckomod:Unknown0Cost","expansioncontent:CaCaw+1","sneckomod:DiceCrush","sneckomod:UnknownUncommonPower","sneckomod:Bewildered","sneckomod:UnknownWeak","sneckomod:UnknownStrike+1","sneckomod:MorePower+1","sneckomod:UnknownWeak+1","sneckomod:UnknownClassSLIMEBOUND+1","sneckomod:UnknownRarePower","sneckomod:UnknownUncommonAttack+1","sneckomod:IronFang+1","Slimebound:Icky","sneckomod:CheapStock","sneckomod:UnknownRareAttack+1","sneckomod:SerpentMind","sneckomod:UnknownUncommonSkill+1"],"relics":["sneckomod:SuperSneckoSoul","HushsDoor","HowToJump","downfall:HeartsMalice","War Paint","downfall:HeartBlessingRed","downfall:HeartBlessingBlue","Sundial","Boot","GuppysPaw","Happy Flower","sneckomod:BabySnecko","Cursed Key","GuppysTail","DoctorsRemote","downfall:TeleportStone","Girya","PunchingBag"],"acts_visited":["Exordium","TheCity","TheBeyond"],"potions_floor_usage":[16,16,16,26,31,31,33,48],"damage_taken":[{"damage":0.0,"enemies":"2 Louse","floor":2.0,"turns":1.0},{"damage":0.0,"enemies":"Jaw Worm","floor":5.0,"turns":1.0},{"damage":0.0,"enemies":"downfall:Heads","floor":8.0,"turns":1.0},{"damage":0.0,"enemies":"Small Slimes","floor":9.0,"turns":2.0},{"damage":12.0,"enemies":"Blue Slaver","floor":10.0,"turns":3.0},{"damage":8,"enemies":"3 Louse","floor":12,"turns":2},{"damage":30,"enemies":"Exordium Thugs","floor":14,"turns":4},{"damage":1,"enemies":"3 Louse","floor":15,"turns":3},{"damage":17,"enemies":"downfall:Watcher","floor":16,"turns":6},{"damage":5,"enemies":"downfall:FleeingMerchant","floor":19,"turns":4},{"damage":12,"enemies":"downfall:FleeingMerchant","floor":21,"turns":4},{"damage":0,"enemies":"Shell Parasite","floor":22,"turns":2},{"damage":2,"enemies":"downfall:FleeingMerchant","floor":26,"turns":4},{"damage":0,"enemies":"Spheric Guardian","floor":27,"turns":2},{"damage":10,"enemies":"Snecko","floor":31,"turns":4},{"damage":27,"enemies":"Shelled Parasite and Fungi","floor":32,"turns":5},{"damage":60,"enemies":"downfall:Silent","floor":33,"turns":6},{"damage":19,"enemies":"3 Shapes","floor":36,"turns":3},{"damage":21,"enemies":"3 Darklings","floor":38,"turns":6},{"damage":55,"enemies":"Sphere and 2 Shapes","floor":40,"turns":4},{"damage":23,"enemies":"2 Orb Walkers","floor":45,"turns":3},{"damage":7,"enemies":"4 Shapes","floor":47,"turns":7},{"damage":60,"enemies":"Giant Head","floor":48,"turns":8},{"damage":55,"enemies":"downfall:Ironclad","floor":50,"turns":7}],"seed_played":"853630376722070521","potions_obtained":[{"floor":9.0,"key":"CultistPotion"},{"floor":12,"key":"SpeedPotion"},{"floor":14,"key":"Energy Potion"},{"floor":15,"key":"SkillPotion"},{"floor":16,"key":"EssenceOfSteel"},{"floor":22,"key":"GamblersBrew"},{"floor":25,"key":"CultistPotion"},{"floor":27,"key":"Slimebound:ThreeZeroPotion"},{"floor":38,"key":"SneckoOil"}],"is_trial":false,"path_per_floor":["R","M","?","?","M","R","T","?","M","M","?","M","R","M","M","B",null,"R","$","?","$","M","R","T","?","$","M","T","R","?","M","M","B",null,"R","M","?","M","$","M","T","R","?","$","?","R","M","E","R","B",null],"character_chosen":"THE_SNECKO","items_purchased":["sneckomod:MasterEye","sneckomod:UnknownStrike","Sundial","expansioncontent:CaCaw","GuppysPaw","sneckomod:DiceCrush","GuppysTail"],"campfire_rested":3,"item_purchase_floors":[19,19,19,26,26,26,39],"current_hp_per_floor":[90,90,90,87,87,87,87,87,87,76,91,84,94,64,63,47,113,113,108,108,100,100,100,100,100,98,98,98,98,98,88,63,7,107,107,103,103,82,82,27,27,59,59,59,48,80,73,50,82,36],"gold":117,"neow_bonus":"THREE_ENEMY_KILL","is_daily":false,"chose_seed":false,"campfire_upgraded":6,"win_rate":0.0,"timestamp":1608914061,"path_taken":["R","M","?","?","M","R","T","?","?","M","?","M","R","M","M","BOSS","R","$","?","$","?","R","T","?","$","?","?","R","?","?","M","BOSS","R","M","?","?","$","M","T","R","?","?","?","R","?","E","R","BOSS"],"items_purchased_type":["Card","Card","Relic","Card","Relic","Card","Relic"],"build_version":"2020-12-22","purchased_purges":0,"victory":true,"max_hp_per_floor":[90,90,90,90,90,90,90,90,90,91,91,92,102,102,102,103,113,113,113,113,113,113,113,113,113,110,110,110,110,110,110,110,107,107,107,107,107,107,107,107,107,107,107,107,107,107,107,107,107,107],"card_choices":[{"not_picked":[],"picked":"DoctorFetus","floor":0.0},{"not_picked":["sneckomod:DefensiveFlair","sneckomod:QuickMove"],"picked":"sneckomod:SlitherStrike","floor":2.0},{"not_picked":["Bomb","sneckomod:SoulDraw"],"picked":"sneckomod:ImprovisedGuard","floor":5.0},{"not_picked":["sneckomod:UnknownClassGREEN","sneckomod:ImprovisedGuard"],"picked":"sneckomod:QuickBite","floor":8.0},{"not_picked":["sneckomod:UnknownStrike","sneckomod:WideSting"],"picked":"sneckomod:IronFang","floor":9.0},{"not_picked":["sneckomod:QuickBite","sneckomod:SnekBeam"],"picked":"sneckomod:Unknown3Cost","floor":10.0},{"not_picked":["sneckomod:QuickMove","sneckomod:WideSting"],"picked":"sneckomod:UnknownBlock","floor":12},{"not_picked":["sneckomod:UnknownWeak","sneckomod:QuickMove"],"picked":"sneckomod:DiceBlock","floor":14},{"not_picked":["sneckomod:DiceBlock","sneckomod:SlitherStrike"],"picked":"sneckomod:RainOfDice","floor":15},{"not_picked":["sneckomod:Restock","sneckomod:SoulExchange"],"picked":"sneckomod:UnknownRareSkill","floor":16},{"not_picked":["sneckomod:DiceCrush+1","sneckomod:Nope"],"picked":"sneckomod:UnknownVulnerable+1","floor":19},{"not_picked":["sneckomod:UnknownExhaust","sneckomod:DefensiveFlair"],"picked":"sneckomod:UnknownRarePower","floor":21},{"not_picked":["sneckomod:DiceBlock","sneckomod:TrashToTreasure+1"],"picked":"sneckomod:UnknownUncommonPower","floor":22},{"not_picked":["sneckomod:UnknownX","sneckomod:TrashToTreasure+1"],"picked":"sneckomod:Unknown0Cost","floor":26},{"not_picked":["sneckomod:UnknownClassHEXA_GHOST_PURPLE","sneckomod:QuickMove"],"picked":"sneckomod:UnknownUncommonPower","floor":27},{"not_picked":["sneckomod:DefensiveFlair","sneckomod:SoulDraw"],"picked":"sneckomod:UnknownWeak","floor":31},{"not_picked":["sneckomod:SerpentIdol","sneckomod:UnknownWeak"],"picked":"sneckomod:UnknownStrike+1","floor":32},{"not_picked":["sneckomod:Unknown3Cost","sneckomod:UnknownRarePower"],"picked":"sneckomod:MorePower","floor":33},{"not_picked":["sneckomod:UnknownCommonSkill+1","sneckomod:UnknownCommonAttack","sneckomod:TrashToTreasure+1"],"picked":"SKIP","floor":36},{"not_picked":["sneckomod:UnknownStrike+1","sneckomod:UnknownBlock"],"picked":"sneckomod:UnknownWeak+1","floor":37},{"not_picked":["sneckomod:UnknownWeak+1","sneckomod:UnknownExhaust+1"],"picked":"sneckomod:UnknownClassSLIMEBOUND+1","floor":38},{"not_picked":["sneckomod:IronFang+1","sneckomod:UnknownStrike+1"],"picked":"sneckomod:UnknownRarePower","floor":38},{"not_picked":["sneckomod:UnknownVulnerable+1","sneckomod:Unknown1Cost+1"],"picked":"sneckomod:UnknownUncommonAttack+1","floor":40},{"not_picked":["sneckomod:SoulRoll","sneckomod:UnknownCommonSkill"],"picked":"sneckomod:IronFang+1","floor":40},{"not_picked":["sneckomod:Unknown0Cost","sneckomod:UnknownBlock+1"],"picked":"sneckomod:CheapStock","floor":45},{"not_picked":["sneckomod:UnknownX+1","sneckomod:UnknownClassBLUE+1"],"picked":"sneckomod:UnknownRareAttack+1","floor":47},{"not_picked":["sneckomod:DefensiveFlair+1","sneckomod:Unknown2Cost+1"],"picked":"sneckomod:SerpentMind","floor":47},{"not_picked":["sneckomod:UnknownCommonSkill+1","sneckomod:UnknownExhaust+1"],"picked":"sneckomod:UnknownUncommonSkill+1","floor":48},{"not_picked":["sneckomod:SoulExchange","sneckomod:UnknownClassBLUE","sneckomod:SoulCleanse"],"picked":"SKIP","floor":48}],"player_experience":385272,"relics_obtained":[{"floor":24,"key":"Boot"},{"floor":28,"key":"Happy Flower"},{"floor":41,"key":"DoctorsRemote"},{"floor":45,"key":"Girya"},{"floor":48,"key":"PunchingBag"}],"event_choices":[{"damage_healed":0.0,"max_hp_gain":0.0,"max_hp_loss":0.0,"gold_gain":0.0,"event_name":"Scrap Ooze","player_choice":"Success","floor":4.0,"gold_loss":0.0,"damage_taken":3.0,"relics_obtained":["War Paint"]},{"damage_healed":22.0,"max_hp_gain":0.0,"max_hp_loss":0.0,"gold_gain":0.0,"event_name":"Mushrooms","player_choice":"Healed and dodged fight","floor":11.0,"gold_loss":0.0,"damage_taken":0.0,"cards_obtained":["Parasite"]},{"damage_healed":0,"gold_gain":0,"player_choice":"Fight","damage_taken":0,"max_hp_gain":0,"max_hp_loss":0,"event_name":"Mysterious Sphere","floor":45,"gold_loss":0}],"is_beta":false,"boss_relics":[{"not_picked":["Runic Dome","Velvet Choker"],"picked":"sneckomod:SuperSneckoSoul"},{"not_picked":[]},{"not_picked":["Snecko Eye","Runic Pyramid"],"picked":"Cursed Key"},{"not_picked":[]}],"items_purged_floors":[],"is_endless":false,"potions_floor_spawned":[9,12,14,15,16,22,27,38],"ascension_level":0}}