{"host":"zh06ha8197vgjo02","time":1608876501,"event":{"mods":["AchievementEnabler","Arknights The Spire","BaseMod","Better Skull","CapriCore","DeckTracker","GifTheSpireLib","Hermit","Koishi","Marisa£¨Ùöéë¡¡Øª×âÞÞ£©","Minty Spire (QoL Compilation)","Reimu£¨ÚÏ???£©","StSLib","SuperFastMode","Td1madao Mod","The Cursed","The Dragon Tamer","The Immortal","TheBandit"],"gold_per_floor":[116,116,135,135,135,60,23,50,50,70,70,82,82,94,94,190,190,205,219,219,239,239,239,255,255,255,272,272,291,321,22,22,119,119,133,149,0,0,0],"floor_reached":38,"playtime":3587,"items_purged":["Poor:ReiMu"],"score":396,"play_id":"a6130cf0-155d-4f3b-92c3-e737ca424d17","local_time":"20201225150821","is_ascension_mode":false,"campfire_choices":[{"data":"wariomod:TheGrandJourney","floor":11,"key":"SMITH"},{"data":"wariomod:WipeClean","floor":15,"key":"SMITH"},{"data":"wariomod:CursedSpaces","floor":23,"key":"SMITH"},{"data":"wariomod:DiceyMove","floor":28,"key":"SMITH"},{"floor":32,"key":"REST"}],"circlet_count":0,"master_deck":["wariomod:Strike","wariomod:Strike+1","wariomod:Strike","wariomod:Strike","wariomod:Defend","wariomod:Defend+1","wariomod:Defend","wariomod:Defend","wariomod:Step+1","wariomod:Leap","TheCursedMod:Dregs","wariomod:RacingSpeed","wariomod:TheGrandJourney+1","wariomod:RacingSpeed","wariomod:Leapslam","wariomod:RacingSpeed","wariomod:WipeClean+1","wariomod:GodlyGift","wariomod:DiceyMove+1","wariomod:CursedSpaces+1","wariomod:BodyBlock","wariomod:DiceyMove","wariomod:Immortalize+1","wariomod:KeyFinisher","wariomod:ChargeForth"],"relics":["wariomod:TheHat","Incense Burner","YidongShenshe:ReiMu","ats:Originium","Sundial","HornCleat","Runic Dome","Tea:ReiMu","White Beast Statue","ats:Originium","Nunchaku","Gambling Chip","SlaversCollar","Red Mask"],"acts_visited":["Exordium","TheCity","TheBeyond"],"potions_floor_usage":[21,24,29,29,30,30,36],"damage_taken":[{"damage":1,"enemies":"Cultist","floor":1,"turns":4},{"damage":1,"enemies":"Jaw Worm","floor":3,"turns":2},{"damage":19,"enemies":"3 Sentries","floor":8,"turns":9},{"damage":0,"enemies":"2 Louse","floor":10,"turns":2},{"damage":0,"enemies":"Blue Slaver","floor":12,"turns":4},{"damage":0,"enemies":"3 Louse","floor":14,"turns":2},{"damage":12,"enemies":"Hexaghost","floor":16,"turns":9},{"damage":0,"enemies":"2 Thieves","floor":18,"turns":3},{"damage":0,"enemies":"3 Byrds","floor":19,"turns":3},{"damage":0,"enemies":"Snake Plant","floor":21,"turns":5},{"damage":5,"enemies":"Cultist and Chosen","floor":24,"turns":4},{"damage":16,"enemies":"Centurion and Healer","floor":27,"turns":6},{"damage":9,"enemies":"Sentry and Sphere","floor":29,"turns":4},{"damage":4,"enemies":"Gremlin Leader","floor":30,"turns":8},{"damage":22,"enemies":"Automaton","floor":33,"turns":9},{"damage":32,"enemies":"3 Shapes","floor":35,"turns":4},{"damage":14,"enemies":"3 Darklings","floor":36,"turns":7},{"damage":56,"enemies":"Transient","floor":38,"turns":4}],"seed_played":"8032675191227757791","potions_obtained":[{"floor":3,"key":"AttackPotion"},{"floor":8,"key":"Energy Potion"},{"floor":13,"key":"ColorlessPotion"},{"floor":24,"key":"AttackPotion"},{"floor":27,"key":"BlessingOfTheForge"},{"floor":29,"key":"Weak Potion"},{"floor":30,"key":"Fruit Juice"},{"floor":33,"key":"SkillPotion"},{"floor":35,"key":"BlessingOfTheForge"},{"floor":36,"key":"LiquidBronze"}],"is_trial":false,"path_per_floor":["M","?","M","?","?","$","$","E","T","M","R","M","?","M","R","B",null,"M","M","?","M","?","R","M","T","T","M","R","M","E","$","R","B",null,"M","M","?","M"],"character_chosen":"THE_BANDIT","items_purchased":["wariomod:TheGrandJourney","Gambling Chip"],"campfire_rested":1,"item_purchase_floors":[7,31],"current_hp_per_floor":[79,79,78,62,62,62,62,43,43,43,43,43,43,43,43,31,80,80,80,80,80,65,65,60,60,60,44,44,35,36,36,90,68,90,58,44,44,0,0],"gold":0,"neow_bonus":"ONE_RARE_RELIC","is_daily":false,"chose_seed":false,"campfire_upgraded":4,"win_rate":0.0,"timestamp":1608876501,"path_taken":["M","?","M","?","?","?","$","E","T","M","R","M","?","M","R","BOSS","M","?","?","?","?","R","M","?","T","M","R","M","E","?","R","BOSS","M","M","?","M"],"items_purchased_type":["Card","Relic"],"build_version":"2020-12-22","purchased_purges":1,"victory":false,"max_hp_per_floor":[80,80,80,80,80,80,80,80,80,80,80,80,80,80,80,80,80,80,80,80,80,85,85,85,85,85,85,85,85,90,90,90,90,90,90,90,90,90,90],"card_choices":[{"not_picked":["wariomod:OctoJump","wariomod:ThatsNotAll","wariomod:DisarmingMoves"],"picked":"SKIP","floor":1},{"not_picked":["wariomod:DropBash","wariomod:TrekTime"],"picked":"wariomod:RacingSpeed","floor":3},{"not_picked":["wariomod:Hopshield","wariomod:AwfulLook"],"picked":"wariomod:RacingSpeed","floor":8},{"not_picked":["wariomod:Bombshield","wariomod:Immortalize"],"picked":"wariomod:Leapslam","floor":10},{"not_picked":["wariomod:SimpleShield","wariomod:Leapslam"],"picked":"wariomod:RacingSpeed","floor":12},{"not_picked":["wariomod:Smackflip","wariomod:Hopshield"],"picked":"wariomod:WipeClean","floor":14},{"not_picked":["wariomod:FabulousPrizes","wariomod:BoomForm"],"picked":"wariomod:GodlyGift","floor":16},{"not_picked":["wariomod:DanceDash","wariomod:TempestBlasts+1"],"picked":"wariomod:DiceyMove","floor":18},{"not_picked":["wariomod:DamnedStrength","wariomod:SmallSprint","wariomod:BlastDash+1"],"picked":"SKIP","floor":19},{"not_picked":["wariomod:BoomBoom+1","wariomod:Boomsmack+1"],"picked":"wariomod:CursedSpaces","floor":21},{"not_picked":["wariomod:Leapslam","wariomod:SmackSlam"],"picked":"wariomod:BodyBlock","floor":24},{"not_picked":["wariomod:Smackflip+1","wariomod:Enshrine"],"picked":"wariomod:DiceyMove","floor":27},{"not_picked":["wariomod:ThatsNotAll+1","wariomod:SmallSprint","wariomod:NullJump"],"picked":"SKIP","floor":29},{"not_picked":["wariomod:ImFeelingLucky","wariomod:Leapslam+1"],"picked":"wariomod:Immortalize+1","floor":30},{"not_picked":["wariomod:FabulousPrizes","wariomod:PoisonBombs"],"picked":"wariomod:KeyFinisher","floor":33},{"not_picked":["wariomod:PayItForwards","wariomod:SmallSprint","wariomod:ThatsNotAll"],"picked":"SKIP","floor":35},{"not_picked":["wariomod:CursedSpaces","wariomod:DisarmingMoves+1"],"picked":"wariomod:ChargeForth","floor":36}],"player_experience":663278,"relics_obtained":[{"floor":8,"key":"ats:Originium"},{"floor":8,"key":"Sundial"},{"floor":9,"key":"HornCleat"},{"floor":25,"key":"Tea:ReiMu"},{"floor":26,"key":"White Beast Statue"},{"floor":30,"key":"ats:Originium"},{"floor":30,"key":"Nunchaku"}],"event_choices":[{"damage_healed":0,"gold_gain":0,"player_choice":"Grow","damage_taken":0,"max_hp_gain":0,"max_hp_loss":0,"event_name":"Living Wall","floor":2,"gold_loss":0,"cards_upgraded":["wariomod:Step"]},{"damage_healed":0,"gold_gain":0,"player_choice":"Entered Light","damage_taken":16,"max_hp_gain":0,"max_hp_loss":0,"event_name":"Shining Light","floor":4,"gold_loss":0,"cards_upgraded":["wariomod:Strike","wariomod:Defend"]},{"damage_healed":0,"gold_gain":0,"player_choice":"Take Tiny Shrine away","damage_taken":0,"relics_obtained":["YidongShenshe:ReiMu"],"max_hp_gain":0,"max_hp_loss":0,"event_name":"yidonshenshe","floor":5,"gold_loss":0,"cards_obtained":["Poor:ReiMu"]},{"damage_healed":0,"gold_gain":0,"player_choice":"Got Potions","damage_taken":0,"max_hp_gain":0,"max_hp_loss":0,"event_name":"Lab","floor":13,"gold_loss":0},{"damage_healed":0,"gold_gain":0,"player_choice":"Ignored","damage_taken":0,"max_hp_gain":0,"max_hp_loss":0,"event_name":"NoteForYourself","floor":20,"gold_loss":0},{"damage_healed":0,"gold_gain":0,"player_choice":"Shed Blood","damage_taken":20,"max_hp_gain":5,"max_hp_loss":0,"event_name":"Forgotten Altar","floor":22,"gold_loss":0},{"damage_healed":0,"gold_gain":0,"player_choice":"Paid","damage_taken":0,"relics_obtained":["Red Mask"],"max_hp_gain":0,"max_hp_loss":0,"event_name":"Tomb of Lord Red Mask","floor":37,"gold_loss":149}],"is_beta":false,"boss_relics":[{"not_picked":["Ectoplasm","Sozu"],"picked":"Runic Dome"},{"not_picked":["Velvet Choker","RedLine:ReiMu"],"picked":"SlaversCollar"}],"items_purged_floors":[6],"is_endless":false,"potions_floor_spawned":[3,8,14,18,24,27,29,30,33,35,36],"killed_by":"Transient","ascension_level":0}}