{"host":"cm56dopeulr50jn0","time":1608869179,"event":{"mods":["BaseMod","Bestiary","Better Match","Better Third Choice","Downfall","Minty Spire (QoL Compilation)","Relic Stats","StSLib"],"gold_per_floor":[99,112,124,299,61,61,85,107,119,157,169,200,241,238,263,377,389,401,425,451,473,18,18,18,52,78,105,123,33,33,46,60,157,157,82,95,138,158,181,220,220,256,284,209,249,249,101,101,148,148],"floor_reached":51,"playtime":5534,"items_purged":["Doubt","hexamod:Defend"],"score":873,"play_id":"59b237ef-2556-4c53-83e8-35aa61477a93","local_time":"20201224200619","is_ascension_mode":true,"campfire_choices":[{"data":"hexamod:Float","floor":1.0,"key":"SMITH"},{"data":"hexamod:RainOfEmbers","floor":6.0,"key":"SMITH"},{"data":"hexamod:VolcanoVisage","floor":9.0,"key":"SMITH"},{"floor":11.0,"key":"REST"},{"data":"hexamod:WildfireWeapon","floor":18.0,"key":"SMITH"},{"floor":23.0,"key":"REST"},{"data":"hexamod:RetreatToShadows","floor":35.0,"key":"SMITH"},{"floor":44,"key":"REST"},{"floor":46,"key":"RECALL"}],"circlet_count":0,"master_deck":["hexamod:Strike+1","hexamod:Strike+1","hexamod:Defend+1","hexamod:Defend","hexamod:Sear","hexamod:Float+1","hexamod:GhostLash+1","hexamod:GhostOfSpirePresent+1","hexamod:UnlimitedPower+1","hexamod:RecurringNightmare+1","hexamod:SpectersWail+1","hexamod:RainOfEmbers+1","hexamod:NightmareGuise+1","hexamod:VolcanoVisage+1","hexamod:ChargedBarrage","hexamod:Incineration","hexamod:FlamesFromBeyond+1","hexamod:SuperheatedStrike+1","hexamod:Rewind","hexamod:GhostOfSpirePast","hexamod:HeatShield","hexamod:WildfireWeapon+1","hexamod:Hexaguard+1","hexamod:SpectralAdrenaline+1","hexamod:FastForward","hexamod:RetreatToShadows+1","hexamod:Haunt","hexamod:ThermalTransfer+1","hexamod:Haunt+1","hexamod:ThirdSeal","hexamod:GhostflameBarrier","hexamod:ShieldOfDarkness","hexamod:RadiantFlame","hexamod:HeatMetal+1","hexamod:SoulSteal","hexamod:ParanormalForm","CurseOfTheBell","hexamod:RadiantFlame","hexamod:BurningTouch+1","hexamod:Rewind+1","hexamod:FirstSeal","hexamod:ShieldOfDarkness+1","hexamod:NightmareGuise+1","hexamod:Incineration+1","hexamod:CatchUp+1","Parasite","hexamod:GhostShield+1","hexamod:WildfireWeapon"],"relics":["Astrolabe","Medical Kit","MawBank","Turnip","StrikeDummy","Velvet Choker","PreservedInsect","Anchor","Mummified Hand","Nunchaku","hexamod:TheBrokenSeal","Potion Belt","Calling Bell","CeramicFish","Eternal Feather","Peace Pipe","downfall:HeartBlessingGreen","Sling","Happy Flower","downfall:HeartBlessingBlue","White Beast Statue","Chemical X"],"acts_visited":["Exordium","TheCity","TheBeyond"],"potions_floor_usage":[50,50,50,50],"damage_taken":[{"damage":0.0,"enemies":"2 Louse","floor":2.0,"turns":2.0},{"damage":6.0,"enemies":"Jaw Worm","floor":3.0,"turns":3.0},{"damage":0.0,"enemies":"downfall:FleeingMerchant","floor":5.0,"turns":4.0},{"damage":0.0,"enemies":"Cultist","floor":8.0,"turns":3.0},{"damage":27.0,"enemies":"3 Sentries","floor":10.0,"turns":6.0},{"damage":8.0,"enemies":"Gremlin Gang","floor":12.0,"turns":4.0},{"damage":12.0,"enemies":"Gremlin Nob","floor":13.0,"turns":4.0},{"damage":3.0,"enemies":"downfall:FleeingMerchant","floor":14.0,"turns":4.0},{"damage":13.0,"enemies":"Exordium Wildlife","floor":15.0,"turns":4.0},{"damage":13.0,"enemies":"downfall:Ironclad","floor":16.0,"turns":6.0},{"damage":13.0,"enemies":"Spheric Guardian","floor":19.0,"turns":5.0},{"damage":8.0,"enemies":"Shell Parasite","floor":20.0,"turns":3.0},{"damage":21.0,"enemies":"Snake Plant","floor":21.0,"turns":4.0},{"damage":0.0,"enemies":"downfall:FleeingMerchant","floor":22.0,"turns":4.0},{"damage":22.0,"enemies":"Gremlin Leader","floor":25.0,"turns":6.0},{"damage":15.0,"enemies":"Centurion and Healer","floor":26.0,"turns":5.0},{"damage":8.0,"enemies":"Slavers","floor":27.0,"turns":2.0},{"damage":2.0,"enemies":"Snecko","floor":28.0,"turns":4.0},{"damage":8.0,"enemies":"downfall:FleeingMerchant","floor":29.0,"turns":4.0},{"damage":0.0,"enemies":"Snake Plant","floor":31.0,"turns":1.0},{"damage":0.0,"enemies":"Chosen and Byrds","floor":32.0,"turns":6.0},{"damage":25.0,"enemies":"downfall:Silent","floor":33.0,"turns":6.0},{"damage":0.0,"enemies":"Orb Walker","floor":36.0,"turns":3.0},{"damage":0.0,"enemies":"downfall:FleeingMerchant","floor":37.0,"turns":3.0},{"damage":0.0,"enemies":"3 Darklings","floor":38.0,"turns":4.0},{"damage":25,"enemies":"Jaw Worm Horde","floor":39,"turns":5},{"damage":15,"enemies":"Reptomancer","floor":40,"turns":4},{"damage":15,"enemies":"Transient","floor":42,"turns":5},{"damage":0,"enemies":"Maw","floor":43,"turns":6},{"damage":4,"enemies":"Giant Head","floor":45,"turns":6},{"damage":5,"enemies":"Writhing Mass","floor":49,"turns":3},{"damage":7,"enemies":"downfall:Watcher","floor":50,"turns":5}],"seed_played":"-2227460974854661659","potions_obtained":[{"floor":2.0,"key":"Strength Potion"},{"floor":10.0,"key":"Guardian:BlockOnCardUsePotion"},{"floor":12.0,"key":"Strength Potion"},{"floor":16.0,"key":"FearPotion"},{"floor":25.0,"key":"FairyPotion"},{"floor":28.0,"key":"CultistPotion"},{"floor":31.0,"key":"Strength Potion"}],"is_trial":false,"path_per_floor":["R","M","M","?","$","R","T","M","R","E","R","M","E","$","M","B",null,"R","M","M","M","$","R","T","E","M","E","M","$","?","M","M","B",null,"R","M","$","M","M","E","T","M","M","R","E","R","$","?","M","B",null],"character_chosen":"THE_SPIRIT","items_purchased":["Medical Kit","hexamod:ThirdSeal","hexamod:FifthSeal","PreservedInsect","Anchor","hexamod:RadiantFlame","Sling","Chemical X"],"campfire_rested":3,"item_purchase_floors":[5,5,22,22,22,37,37,47],"current_hp_per_floor":[70,70,64,64,64,64,64,64,64,37,58,50,38,35,22,9,70,70,57,49,28,28,49,49,27,80,72,70,62,90,90,90,65,90,90,90,90,90,65,50,50,42,42,100,100,100,100,100,100,93],"gold":148,"neow_bonus":"BOSS_RELIC","is_daily":false,"chose_seed":false,"campfire_upgraded":5,"win_rate":0.0,"timestamp":1608869179,"path_taken":["R","M","M","?","$","R","T","M","R","E","R","M","E","?","M","BOSS","R","M","M","M","?","R","T","E","M","E","?","$","?","M","M","BOSS","R","M","$","M","M","E","T","M","M","R","E","R","?","?","M","BOSS"],"items_purchased_type":["Relic","Card","Card","Relic","Relic","Card","Relic","Relic"],"build_version":"2020-12-22","purchased_purges":2,"victory":true,"max_hp_per_floor":[70,70,70,70,70,70,70,70,70,70,70,70,70,70,70,70,70,70,70,70,70,70,70,70,70,80,80,80,80,90,90,90,90,90,90,90,90,90,90,90,90,90,90,100,100,100,100,100,100,100],"relic_stats":{"Happy Flower":[8],"counters":[32,134],"Astrolabe":["hexamod:GhostLash","hexamod:GhostOfSpirePresent","hexamod:UnlimitedPower"],"CeramicFish":99,"Eternal Feather":24,"PreservedInsect":271,"Medical Kit":[0],"MawBank":180,"Peace Pipe":0,"Nunchaku":[8],"Mummified Hand":[112],"Turnip":[16],"Chemical X":[3],"obtain_stats":[{"Potion Belt":27,"Happy Flower":40,"Astrolabe":0,"CeramicFish":34,"Velvet Choker":17,"hexamod:TheBrokenSeal":26,"Eternal Feather":34,"downfall:HeartBlessingGreen":35,"PreservedInsect":22,"Medical Kit":5,"MawBank":7,"Sling":37,"White Beast Statue":45,"Calling Bell":34,"Peace Pipe":34,"Anchor":22,"Nunchaku":25,"Mummified Hand":24,"downfall:HeartBlessingBlue":44,"Turnip":10,"Chemical X":47,"StrikeDummy":13,"hexamod:SpiritBrand":0},{"Potion Belt":17,"Happy Flower":27,"Astrolabe":0,"CeramicFish":22,"Velvet Choker":10,"hexamod:TheBrokenSeal":16,"Eternal Feather":22,"downfall:HeartBlessingGreen":22,"PreservedInsect":14,"Medical Kit":3,"MawBank":3,"Sling":24,"White Beast Statue":30,"Calling Bell":22,"Peace Pipe":22,"Anchor":14,"Nunchaku":15,"Mummified Hand":14,"downfall:HeartBlessingBlue":29,"Turnip":5,"Chemical X":30,"StrikeDummy":7,"hexamod:SpiritBrand":0},{"Potion Belt":69,"Happy Flower":109,"Astrolabe":0,"CeramicFish":90,"Velvet Choker":40,"hexamod:TheBrokenSeal":66,"Eternal Feather":90,"downfall:HeartBlessingGreen":90,"PreservedInsect":56,"Medical Kit":9,"MawBank":9,"Sling":96,"White Beast Statue":126,"Calling Bell":90,"Peace Pipe":90,"Anchor":56,"Nunchaku":62,"Mummified Hand":56,"downfall:HeartBlessingBlue":120,"Turnip":18,"Chemical X":126,"StrikeDummy":26,"hexamod:SpiritBrand":0}]},"card_choices":[{"not_picked":["hexamod:GhostOfSpirePresent","hexamod:BacktrackSmack"],"picked":"hexamod:RecurringNightmare","floor":2.0},{"not_picked":["hexamod:GhostOfSpirePresent","hexamod:HauntingEcho"],"picked":"hexamod:SpectersWail","floor":3.0},{"not_picked":["hexamod:StepThrough","hexamod:NecessarySacrifice"],"picked":"hexamod:RainOfEmbers","floor":5.0},{"not_picked":["hexamod:FastForward","hexamod:DynamicBlow"],"picked":"hexamod:NightmareGuise","floor":8.0},{"not_picked":["hexamod:GhostShield","hexamod:SpectralAdrenaline"],"picked":"hexamod:VolcanoVisage","floor":8.0},{"not_picked":["hexamod:ThirdSeal","hexamod:BurningTouch"],"picked":"hexamod:SixthSeal","floor":10.0},{"not_picked":["hexamod:UnlimitedPower","hexamod:NecessarySacrifice"],"picked":"hexamod:ChargedBarrage","floor":10.0},{"not_picked":["hexamod:InspiringFlames","hexamod:GhostShield"],"picked":"hexamod:Incineration","floor":12.0},{"not_picked":["hexamod:Rewind","hexamod:NightmareGuise"],"picked":"hexamod:FlamesFromBeyond","floor":13.0},{"not_picked":["hexamod:Toasty","hexamod:RainOfEmbers"],"picked":"hexamod:SuperheatedStrike","floor":13.0},{"not_picked":["hexamod:HeatCrush","hexamod:NightmareGuise"],"picked":"hexamod:Rewind","floor":14.0},{"not_picked":["hexamod:SoulSteal","hexamod:InspiringFlames"],"picked":"hexamod:GhostOfSpirePast","floor":14.0},{"not_picked":["hexamod:BurningTouch","hexamod:ShieldOfDarkness"],"picked":"hexamod:FourthSeal","floor":15.0},{"not_picked":["hexamod:BacktrackSmack","hexamod:SuperheatedStrike"],"picked":"hexamod:HeatShield","floor":15.0},{"not_picked":["hexamod:ApocalypseNow","hexamod:EmpoweringStance"],"picked":"hexamod:UnleashSpirits","floor":16.0},{"not_picked":["hexamod:TimeOfNeed","hexamod:HexaLevel"],"picked":"hexamod:WildfireWeapon","floor":16.0},{"not_picked":["hexamod:SpectralAdrenaline","hexamod:NightmareGuise"],"picked":"hexamod:Hexaguard+1","floor":19.0},{"not_picked":["hexamod:InspiringFlames","hexamod:Hexaguard"],"picked":"hexamod:SecondSeal","floor":19.0},{"not_picked":["hexamod:GhostOfSpireFuture","hexamod:EmpoweredFlame"],"picked":"hexamod:SpectralAdrenaline+1","floor":20.0},{"not_picked":["hexamod:FourthSeal","hexamod:DynamicBlow"],"picked":"hexamod:FastForward","floor":20.0},{"not_picked":["hexamod:FastForward","hexamod:GhostShield"],"picked":"hexamod:RetreatToShadows","floor":21.0},{"not_picked":["hexamod:ThirdSeal","hexamod:GhostLash","hexamod:GhostOfSpirePresent"],"picked":"SKIP","floor":21.0},{"not_picked":["hexamod:EmpoweredFlame","hexamod:GhostShield"],"picked":"hexamod:Haunt","floor":22.0},{"not_picked":["hexamod:HauntingEcho","hexamod:BacktrackSmack"],"picked":"hexamod:ThermalTransfer+1","floor":22.0},{"not_picked":["hexamod:FourthSeal","hexamod:SecondSeal"],"picked":"hexamod:FirstSeal","floor":25.0},{"not_picked":["hexamod:GhostOfSpirePresent+1","hexamod:ShieldOfDarkness"],"picked":"hexamod:Haunt+1","floor":25.0},{"not_picked":["hexamod:FastForward","hexamod:ThermalTransfer","hexamod:SwordOfDarkness"],"picked":"SKIP","floor":25.0},{"not_picked":["hexamod:BacktrackSmack","hexamod:UnlimitedPower"],"picked":"hexamod:ThirdSeal","floor":26.0},{"not_picked":["hexamod:GhostflameInferno","hexamod:NightmareGuise","hexamod:Again"],"picked":"SKIP","floor":27.0},{"not_picked":["hexamod:NightmareGuise","hexamod:Hexaguard"],"picked":"hexamod:GhostflameBarrier","floor":28.0},{"not_picked":["hexamod:SuperheatedStrike","hexamod:SwordOfDarkness","hexamod:Firestarter+1"],"picked":"SKIP","floor":28.0},{"not_picked":["hexamod:BurningTouch","hexamod:DynamicBlow"],"picked":"hexamod:ShieldOfDarkness","floor":29.0},{"not_picked":["hexamod:AdvancingGuard","hexamod:InspiringFlames","hexamod:ShieldOfDarkness"],"picked":"SKIP","floor":29.0},{"not_picked":["hexamod:SpectersWail","hexamod:Firestarter+1"],"picked":"hexamod:RadiantFlame","floor":31.0},{"not_picked":["hexamod:StepThrough+1","hexamod:ThermalTransfer","hexamod:InspiringFlames"],"picked":"SKIP","floor":31.0},{"not_picked":["hexamod:Hexaguard","hexamod:RadiantFlame"],"picked":"hexamod:HeatMetal+1","floor":32.0},{"not_picked":["hexamod:SkipABeat","hexamod:Haunt+1"],"picked":"hexamod:SoulSteal","floor":32.0},{"not_picked":["hexamod:GhostflameInferno","hexamod:ApocalypseNow"],"picked":"hexamod:ParanormalForm","floor":33.0},{"not_picked":["hexamod:SwordOfDarkness+1","hexamod:NecessarySacrifice+1","hexamod:ShieldOfDarkness+1"],"picked":"SKIP","floor":36.0},{"not_picked":["hexamod:GhostLash+1","hexamod:FourthSeal","hexamod:SwordOfDarkness+1"],"picked":"SKIP","floor":37.0},{"not_picked":["hexamod:PhantomFireball","hexamod:HeatCrush"],"picked":"hexamod:BurningTouch+1","floor":38},{"not_picked":["hexamod:GhostLash+1","hexamod:BurningTouch"],"picked":"hexamod:Rewind+1","floor":39},{"not_picked":["hexamod:NecessarySacrifice+1","hexamod:BacktrackSmack+1","hexamod:BurningTouch"],"picked":"SKIP","floor":39},{"not_picked":["hexamod:SpectersWail+1","hexamod:NightmareStrike+1"],"picked":"hexamod:FirstSeal","floor":40},{"not_picked":["hexamod:ThermalTransfer","hexamod:SwordOfDarkness","hexamod:FastForward"],"picked":"SKIP","floor":40},{"not_picked":["hexamod:SkipABeat+1","hexamod:RainOfEmbers"],"picked":"hexamod:ShieldOfDarkness+1","floor":42},{"not_picked":["hexamod:RainOfEmbers","hexamod:Again+1"],"picked":"hexamod:NightmareGuise+1","floor":42},{"not_picked":["hexamod:GhostLash","hexamod:TurnItUp"],"picked":"hexamod:Incineration+1","floor":43},{"not_picked":["hexamod:GhostOfSpirePast","hexamod:ThirdSeal","hexamod:RadiantFlame+1"],"picked":"SKIP","floor":43},{"not_picked":["hexamod:FlamesFromBeyond","hexamod:AdvancingGuard+1"],"picked":"hexamod:CatchUp+1","floor":45},{"not_picked":["hexamod:SecondSeal","hexamod:ThermalTransfer","hexamod:HeatMetal+1"],"picked":"SKIP","floor":45},{"not_picked":["hexamod:FourthSeal","hexamod:SwordOfDarkness"],"picked":"hexamod:GhostShield+1","floor":49},{"not_picked":["hexamod:NightmareStrike+1","hexamod:ChargedBarrage+1"],"picked":"hexamod:WildfireWeapon","floor":49}],"player_experience":1353431,"relics_obtained":[{"floor":7.0,"key":"MawBank"},{"floor":10.0,"key":"Turnip"},{"floor":13.0,"key":"StrikeDummy"},{"floor":24.0,"key":"Mummified Hand"},{"floor":25.0,"key":"Nunchaku"},{"floor":27.0,"key":"Potion Belt"},{"floor":34.0,"key":"CeramicFish"},{"floor":34.0,"key":"Eternal Feather"},{"floor":34.0,"key":"Peace Pipe"},{"floor":40,"key":"Happy Flower"},{"floor":45,"key":"White Beast Statue"}],"event_choices":[{"cards_removed":["hexamod:UnleashSpirits"],"damage_healed":18.0,"max_hp_gain":10.0,"max_hp_loss":0.0,"gold_gain":0.0,"event_name":"Bonfire Elementals","player_choice":"Offered Rare","floor":30.0,"gold_loss":0.0,"damage_taken":0.0}],"is_beta":false,"boss_relics":[{"not_picked":["Black Star","Runic Dome"],"picked":"Velvet Choker"},{"not_picked":["Tiny House","Philosopher\u0027s Stone"],"picked":"Calling Bell"}],"items_purged_floors":[29,37],"is_endless":false,"potions_floor_spawned":[2,10,12,16,20,21,28,31,32,33,38,40,43,49],"ascension_level":1}}