{"host":"cfluht5kr2kfk9p9","time":1608884355,"event":{"mods":["ATMod(阿瑾Mod)","BaseMod","GungeonMod","Highlight Path","Koishi","Minty Spire (QoL Compilation)","Quick Restart","Rare Cards Sparkle","Relic Stats","Replay The Spire","RumiaBox-露米娅的神秘盒子","Spicy Shops","StSLib","TestMod","The Alterego","UnlockEverythingMod","[IsaacMod]以撒尖塔","【功能Mod】混沌之环修复补丁","【遗物卡牌】REMEMod"],"gold_per_floor":[110,130,530,550,48,76,76,110,137,149,149,179,179,189,189,266,266,276,276,276],"floor_reached":19,"playtime":844,"items_purged":["Strike_G"],"score":574,"play_id":"02ca568b-693d-47df-9cba-ddaa1a2f9e55","local_time":"20201225161915","is_ascension_mode":true,"campfire_choices":[{"data":"Koishi:PerfectMindControl","floor":7.0,"key":"SMITH"},{"data":"AT_BreakingExtremeWeapon","floor":11,"key":"SMITH"},{"data":"Hidden Blade","floor":13,"key":"SMITH"},{"floor":15,"key":"REST"}],"circlet_count":0,"master_deck":["AscendersBane","Strike_G","Defend_G","Defend_G","Defend_G","Defend_G","Defend_G","Survivor","Neutralize","AT_BreakingExtremeWeapon+1","Koishi:PerfectMindControl+1","Acrobatics","Backflip","AT_TwilightShroud","Hidden Blade+1","Escape Plan","AT_ThistleTea","Storm of Steel","AT_KingSlayer","Backflip"],"relics":["HushsDoor","REME_ComplimentaryCards","AT_ATBox","testmod-LifeArmor","MoneyPower","testmod-PortableAltar","Ccalipers","Shuriken","TheBible","DemoMod:WeirdEgg","DemoMod:LamentConfigurum","DemoMod:GlassGuonStoneRelic","REME_HandOfSuture","Replay:Drink Me","GuppysCollar","DeathBook","GuppysHairball"],"acts_visited":["Exordium","TheCity"],"potions_floor_usage":[8],"damage_taken":[{"damage":4.0,"enemies":"Cultist","floor":1.0,"turns":4.0},{"damage":2.0,"enemies":"Jaw Worm","floor":2.0,"turns":2.0},{"damage":3.0,"enemies":"2 Louse","floor":4.0,"turns":3.0},{"damage":2.0,"enemies":"Gremlin Nob","floor":6.0,"turns":3.0},{"damage":20,"enemies":"3 Sentries","floor":8,"turns":12},{"damage":12,"enemies":"Gremlin Gang","floor":10,"turns":4},{"damage":5,"enemies":"Lagavulin","floor":12,"turns":7},{"damage":3,"enemies":"Exordium Thugs","floor":14,"turns":5},{"damage":5,"enemies":"Slime Boss","floor":16,"turns":8},{"damage":0,"enemies":"Chosen","floor":18,"turns":2},{"damage":1,"enemies":"3 Byrds","floor":19,"turns":4}],"seed_played":"1937151606128196830","potions_obtained":[{"floor":4.0,"key":"Fire Potion"},{"floor":6.0,"key":"Elixir"},{"floor":14,"key":"GamblersBrew"},{"floor":16,"key":"EssenceOfSteel"}],"is_trial":false,"path_per_floor":["M","M","?","M","$","E","R","E","T","M","R","E","R","M","R","B",null,"M","M"],"character_chosen":"THE_SILENT","items_purchased":["Ccalipers","Shuriken","AT_KingSlayer","GuppysCollar","DeathBook","GuppysHairball"],"campfire_rested":1,"item_purchase_floors":[5,5,17,17,17,17],"current_hp_per_floor":[55,53,53,50,50,48,48,28,28,16,16,11,11,8,23,18,1,1,0,0],"gold":276,"neow_bonus":"BOSS_RELIC","is_daily":false,"chose_seed":false,"campfire_upgraded":3,"win_rate":0.0,"timestamp":1608884355,"path_taken":["M","M","?","?","$","E","R","E","T","?","R","E","R","M","R","BOSS","M","M"],"items_purchased_type":["Relic","Relic","Card","Relic","Relic","Relic"],"build_version":"2020-12-22","purchased_purges":1,"victory":false,"max_hp_per_floor":[65,64,63,62,61,60,59,58,57,56,55,54,53,52,51,50,1,1,1,1],"relic_stats":{"counters":[11,53],"Shuriken":[14],"obtain_stats":[{"KeepersGift":0,"testmod-TestBox":0,"AT_ATBox":0,"DemoMod:WeirdEgg":8,"testmod-LifeArmor":0,"testmod-PortableAltar":0,"DemoMod:GlassGuonStoneRelic":1,"MoneyPower":0,"DeathBook":17,"TheBible":6,"Ccalipers":5,"Shuriken":5,"DemoMod:LamentConfigurum":9,"REME_HandOfSuture":12,"GuppysHairball":17,"HushsDoor":0,"Replay:Drink Me":17,"GuppysCollar":17,"Ring of the Snake":0,"REME_ComplimentaryCards":0},{"KeepersGift":0,"testmod-TestBox":0,"AT_ATBox":0,"DemoMod:WeirdEgg":5,"testmod-LifeArmor":0,"testmod-PortableAltar":0,"DemoMod:GlassGuonStoneRelic":1,"MoneyPower":0,"DeathBook":9,"TheBible":4,"Ccalipers":3,"Shuriken":3,"DemoMod:LamentConfigurum":5,"REME_HandOfSuture":7,"GuppysHairball":9,"HushsDoor":0,"Replay:Drink Me":9,"GuppysCollar":9,"Ring of the Snake":0,"REME_ComplimentaryCards":0},{"KeepersGift":0,"testmod-TestBox":0,"AT_ATBox":0,"DemoMod:WeirdEgg":24,"testmod-LifeArmor":0,"testmod-PortableAltar":0,"DemoMod:GlassGuonStoneRelic":4,"MoneyPower":0,"DeathBook":48,"TheBible":12,"Ccalipers":9,"Shuriken":9,"DemoMod:LamentConfigurum":24,"REME_HandOfSuture":35,"GuppysHairball":48,"HushsDoor":0,"Replay:Drink Me":48,"GuppysCollar":48,"Ring of the Snake":0,"REME_ComplimentaryCards":0}]},"card_choices":[{"not_picked":["Dodge and Roll","Sucker Punch"],"picked":"Bomb","floor":1.0},{"not_picked":["Flechettes","AT_KneejerkReflex"],"picked":"Acrobatics","floor":2.0},{"not_picked":["Masterful Stab","Die Die Die"],"picked":"Backflip","floor":4.0},{"not_picked":["Deadly Poison","Underhanded Strike"],"picked":"AT_TwilightShroud","floor":6.0},{"not_picked":["Heel Hook","Poison Darts"],"picked":"Hidden Blade","floor":8},{"not_picked":["Bouncing Flask","Dash","Hidden Blade"],"picked":"SKIP","floor":10},{"not_picked":["Predator","Setup"],"picked":"Escape Plan","floor":12},{"not_picked":["Outmaneuver","Sneak Up"],"picked":"AT_ThistleTea","floor":14},{"not_picked":["Corpse Explosion","Glass Knife"],"picked":"Storm of Steel","floor":16},{"not_picked":["Sucker Punch+1","PiercingWail"],"picked":"Backflip","floor":18}],"player_experience":18951,"relics_obtained":[{"floor":6.0,"key":"TheBible"},{"floor":8,"key":"DemoMod:WeirdEgg"},{"floor":9,"key":"DemoMod:LamentConfigurum"},{"floor":12,"key":"REME_HandOfSuture"}],"event_choices":[{"damage_healed":0.0,"max_hp_gain":0.0,"max_hp_loss":0.0,"gold_gain":400.0,"event_name":"恩洛斯的盘子","player_choice":"Sell","floor":3.0,"relics_lost":["testmod-TestBox"],"gold_loss":0.0,"damage_taken":0.0}],"is_beta":false,"boss_relics":[{"not_picked":["Coffee Dripper","testmod-Nine"],"picked":"Replay:Drink Me"},{"not_picked":[]}],"items_purged_floors":[5],"is_endless":false,"potions_floor_spawned":[4,6,14,16],"killed_by":"3 Byrds","ascension_level":20}}