{"host":"30jsp143e4v19aze","time":1608939991,"event":{"mods":["BaseMod","Colored Map","Colored Powertips","Curses Come First","DeckTracker","Highlight Path","Minty Spire (QoL Compilation)","Quick Restart","Relic Stats","StSLib","everything is the same but u backflip on backflip","slay the spire mod where everything is the same but ironclad has a cowboy hat"],"gold_per_floor":[116,127,27,39,55,55,87,159,186,36,36,73,73,98,98,210,210,236,85,85,106,106,141,150,150,203,38,38,47,72,113,113,226,280,309,364,386,1403,1428,1453,646,682,708,726,752,181,210,224,224,224,224,224,36,70,70],"floor_reached":56,"playtime":6009,"items_purged":["Strike_P","Decay","Normality","Normality"],"score":1325,"play_id":"641419f7-5a8f-4bbc-b42b-f2b7752c5c8f","local_time":"20201226004631","is_ascension_mode":false,"campfire_choices":[{"floor":6,"key":"RECALL"},{"floor":11,"key":"REST"},{"floor":13,"key":"REST"},{"floor":15,"key":"REST"},{"floor":25,"key":"REST"},{"floor":32,"key":"REST"},{"data":"Shame","floor":49,"key":"PURGE"},{"data":"Judgement","floor":52,"key":"PURGE"}],"circlet_count":0,"master_deck":["Eruption+1","Vigilance+1","LikeWater","FollowUp+1","CutThroughFate+1","Tantrum","MentalFortress","BowlingBash+1","Study+1","Indignation","LessonLearned+1","Wallop+1","SignatureMove+1","Meditate+1","Fasting2+1","Scrawl+1","Nirvana+1","Tantrum+1","Study+1","Conclude+1","Omniscience+1","Wallop+1","ClearTheMind+1","Sanctity+1","LikeWater+1","Thinking Ahead","MasterReality","Madness+1","Madness","Protect+1","ThirdEye+1","Wallop","Night Terror"],"relics":["Fusion Hammer","Happy Flower","CeramicFish","Damaru","Lantern","Black Star","Sling","Ancient Tea Set","Meat on the Bone","Art of War","Calipers","Red Mask","Vajra","Akabeko","Pandora\u0027s Box","Peace Pipe","HornCleat","HandDrill","Blue Candle","War Paint","Whetstone","Toolbox","PrismaticShard","Eternal Feather","Toy Ornithopter"],"acts_visited":["Exordium","TheCity","TheBeyond","TheEnding"],"potions_floor_usage":[7,8,12,16,21,28,36,45,50,55],"damage_taken":[{"damage":1,"enemies":"Jaw Worm","floor":1,"turns":3},{"damage":10,"enemies":"Small Slimes","floor":2,"turns":2},{"damage":0,"enemies":"Cultist","floor":4,"turns":2},{"damage":0,"enemies":"2 Fungi Beasts","floor":5,"turns":3},{"damage":20,"enemies":"Lagavulin","floor":7,"turns":4},{"damage":8,"enemies":"Lagavulin Event","floor":8,"turns":5},{"damage":9,"enemies":"3 Sentries","floor":12,"turns":8},{"damage":0,"enemies":"Looter","floor":14,"turns":1},{"damage":22,"enemies":"Slime Boss","floor":16,"turns":4},{"damage":30,"enemies":"3 Byrds","floor":18,"turns":4},{"damage":0,"enemies":"Shell Parasite","floor":21,"turns":3},{"damage":38,"enemies":"Book of Stabbing","floor":23,"turns":3},{"damage":7,"enemies":"Centurion and Healer","floor":28,"turns":4},{"damage":15,"enemies":"Masked Bandits","floor":30,"turns":3},{"damage":0,"enemies":"Gremlin Leader","floor":31,"turns":5},{"damage":50,"enemies":"Automaton","floor":33,"turns":10},{"damage":49,"enemies":"3 Shapes","floor":35,"turns":7},{"damage":0,"enemies":"2 Orb Walkers","floor":36,"turns":2},{"damage":41,"enemies":"Orb Walker","floor":37,"turns":4},{"damage":17,"enemies":"Jaw Worm Horde","floor":39,"turns":2},{"damage":0,"enemies":"Spire Growth","floor":40,"turns":5},{"damage":0,"enemies":"Giant Head","floor":42,"turns":9},{"damage":32,"enemies":"Sphere and 2 Shapes","floor":45,"turns":4},{"damage":0,"enemies":"Transient","floor":47,"turns":5},{"damage":16,"enemies":"Writhing Mass","floor":48,"turns":5},{"damage":30,"enemies":"Time Eater","floor":50,"turns":10},{"damage":20,"enemies":"Shield and Spear","floor":54,"turns":4},{"damage":56,"enemies":"The Heart","floor":55,"turns":13}],"seed_played":"-4615584931326592856","potions_obtained":[{"floor":1,"key":"BlessingOfTheForge"},{"floor":2,"key":"PowerPotion"},{"floor":5,"key":"LiquidMemories"},{"floor":21,"key":"SmokeBomb"},{"floor":30,"key":"Energy Potion"},{"floor":36,"key":"Explosive Potion"},{"floor":37,"key":"FearPotion"},{"floor":40,"key":"Swift Potion"}],"is_trial":false,"path_per_floor":["M","M","$","M","M","R","E","?","T","$","R","E","R","M","R","B",null,"M","$","?","M","?","E","?","R","T","$","M","?","?","E","R","B",null,"M","?","M","?","M","M","$","E","T","?","M","$","M","M","R","B",null,"R","$","E","B",null],"character_chosen":"WATCHER","items_purchased":["EntropicBrew","MentalFortress","BowlingBash","Sling","Meditate","HornCleat","FairyPotion","HandDrill","Thinking Ahead","Whetstone","Regen Potion","AttackPotion","Toolbox","Wallop","PrismaticShard"],"campfire_rested":5,"item_purchase_floors":[3,10,10,19,27,41,41,41,41,46,46,46,46,53,53],"current_hp_per_floor":[71,61,61,61,61,61,41,33,33,33,54,45,66,66,72,50,72,42,42,42,42,42,4,4,25,25,25,30,30,27,39,60,22,72,35,47,18,18,13,25,25,37,37,28,33,33,45,41,41,38,72,72,72,52,13],"gold":70,"neow_bonus":"BOSS_RELIC","is_daily":false,"chose_seed":false,"campfire_upgraded":0,"win_rate":0.0,"timestamp":1608939991,"path_taken":["M","M","$","M","M","R","E","?","T","$","R","E","R","M","R","BOSS","M","$","?","?","?","E","?","R","T","?","M","?","?","E","R","BOSS","M","?","M","?","M","M","$","E","T","?","M","$","M","M","R","BOSS","R","$","E","BOSS"],"items_purchased_type":["Potion","Card","Card","Relic","Card","Relic","Potion","Relic","Card","Relic","Potion","Potion","Relic","Card","Relic"],"build_version":"2020-12-22","purchased_purges":4,"victory":true,"max_hp_per_floor":[72,72,72,72,72,72,72,72,72,72,72,72,72,72,72,72,72,72,72,72,72,72,72,72,72,72,72,72,72,72,72,72,72,72,72,72,72,72,72,72,72,72,72,72,72,72,72,72,72,72,72,72,72,72,72],"relic_stats":{"Happy Flower":[40],"counters":[28,134],"CeramicFish":297,"Blue Candle":[0],"Eternal Feather":0,"Whetstone":["BowlingBash","Conclude"],"War Paint":["Scrawl","Sanctity"],"Peace Pipe":2,"Pandora\u0027s Box":["Judgement","Nirvana","Tantrum","Study","Conclude","Omniscience"],"Black Star":4,"Art of War":[12],"HandDrill":[18],"obtain_stats":[{"Lantern":12,"Calipers":29,"CeramicFish":8,"Vajra":31,"Whetstone":46,"Sling":19,"Ancient Tea Set":23,"PrismaticShard":53,"HornCleat":41,"Toolbox":46,"Fusion Hammer":0,"Red Mask":30,"HandDrill":41,"Happy Flower":7,"Blue Candle":42,"Damaru":9,"Eternal Feather":54,"War Paint":42,"Akabeko":31,"Peace Pipe":36,"Pandora\u0027s Box":34,"Black Star":17,"Art of War":26,"PureWater":0,"Toy Ornithopter":54,"Meat on the Bone":23},{"Lantern":7,"Calipers":13,"CeramicFish":6,"Vajra":15,"Whetstone":23,"Sling":10,"Ancient Tea Set":12,"PrismaticShard":26,"HornCleat":21,"Toolbox":23,"Fusion Hammer":0,"Red Mask":14,"HandDrill":21,"Happy Flower":5,"Blue Candle":22,"Damaru":6,"Eternal Feather":27,"War Paint":22,"Akabeko":15,"Peace Pipe":18,"Pandora\u0027s Box":16,"Black Star":9,"Art of War":12,"PureWater":0,"Toy Ornithopter":27,"Meat on the Bone":12},{"Lantern":27,"Calipers":46,"CeramicFish":19,"Vajra":54,"Whetstone":97,"Sling":36,"Ancient Tea Set":42,"PrismaticShard":117,"HornCleat":84,"Toolbox":97,"Fusion Hammer":0,"Red Mask":49,"HandDrill":84,"Happy Flower":14,"Blue Candle":93,"Damaru":19,"Eternal Feather":121,"War Paint":93,"Akabeko":54,"Peace Pipe":73,"Pandora\u0027s Box":64,"Black Star":32,"Art of War":42,"PureWater":0,"Toy Ornithopter":121,"Meat on the Bone":42}],"Toy Ornithopter":5,"Meat on the Bone":180},"card_choices":[{"not_picked":["Halt","JustLucky","ClearTheMind"],"picked":"SKIP","floor":1},{"not_picked":["EmptyBody","WreathOfFlame","Consecrate"],"picked":"SKIP","floor":2},{"not_picked":["Vengeance","PathToVictory"],"picked":"LikeWater","floor":4},{"not_picked":["JustLucky","ThirdEye"],"picked":"FollowUp","floor":5},{"not_picked":["LikeWater","SashWhip"],"picked":"CutThroughFate","floor":7},{"not_picked":["JustLucky","ConjureBlade"],"picked":"Tantrum","floor":8},{"not_picked":["FlurryOfBlows","EmptyFist"],"picked":"Study","floor":12},{"not_picked":["Halt","EmptyFist"],"picked":"Indignation","floor":14},{"not_picked":["Establishment","MasterReality"],"picked":"LessonLearned","floor":16},{"not_picked":["Halt","CrushJoints"],"picked":"Wallop","floor":18},{"not_picked":["PathToVictory","JustLucky+1"],"picked":"SignatureMove+1","floor":21},{"not_picked":["Prostrate+1","Establishment","JustLucky"],"picked":"SKIP","floor":23},{"not_picked":["FlyingSleeves","Prostrate"],"picked":"Fasting2+1","floor":31},{"not_picked":["SpiritShield","Omniscience"],"picked":"Scrawl","floor":33},{"not_picked":["CutThroughFate+1","ThirdEye"],"picked":"Wallop","floor":35},{"not_picked":["Establishment","BattleHymn+1"],"picked":"ClearTheMind+1","floor":37},{"not_picked":["BowlingBash","CutThroughFate+1"],"picked":"Sanctity","floor":39},{"not_picked":["WindmillStrike+1","SashWhip"],"picked":"LikeWater","floor":40},{"not_picked":["SashWhip+1","SandsOfTime"],"picked":"MasterReality","floor":42},{"not_picked":["Indignation+1","ClearTheMind+1"],"picked":"Protect+1","floor":45},{"not_picked":["SashWhip+1","CutThroughFate"],"picked":"ThirdEye+1","floor":47},{"not_picked":["Evaluate+1","Halt","InnerPeace"],"picked":"SKIP","floor":48},{"not_picked":["Aggregate+1","Iron Wave"],"picked":"Night Terror","floor":54}],"player_experience":3204761,"relics_obtained":[{"floor":7,"key":"Happy Flower"},{"floor":8,"key":"CeramicFish"},{"floor":9,"key":"Damaru"},{"floor":12,"key":"Lantern"},{"floor":23,"key":"Ancient Tea Set"},{"floor":23,"key":"Meat on the Bone"},{"floor":26,"key":"Art of War"},{"floor":30,"key":"Red Mask"},{"floor":31,"key":"Vajra"},{"floor":31,"key":"Akabeko"},{"floor":36,"key":"Peace Pipe"},{"floor":42,"key":"Blue Candle"},{"floor":42,"key":"War Paint"},{"floor":54,"key":"Eternal Feather"},{"floor":54,"key":"Toy Ornithopter"}],"event_choices":[{"damage_healed":0,"gold_gain":0,"player_choice":"Searched \u00271\u0027 times","damage_taken":0,"max_hp_gain":0,"max_hp_loss":0,"event_name":"Dead Adventurer","floor":8,"gold_loss":0},{"cards_removed":["Strike_P"],"damage_healed":0,"gold_gain":0,"player_choice":"Purged","damage_taken":0,"max_hp_gain":0,"max_hp_loss":0,"event_name":"Purifier","floor":20,"gold_loss":0},{"damage_healed":0,"gold_gain":0,"player_choice":"Ignored","damage_taken":0,"max_hp_gain":0,"max_hp_loss":0,"event_name":"Vampires","floor":22,"gold_loss":0},{"damage_healed":0,"gold_gain":0,"player_choice":"Smashed Altar","damage_taken":0,"max_hp_gain":0,"max_hp_loss":0,"event_name":"Forgotten Altar","floor":24,"gold_loss":0,"cards_obtained":["Decay"]},{"damage_healed":0,"gold_gain":0,"player_choice":"Stole Relic","damage_taken":0,"relics_obtained":["Calipers"],"max_hp_gain":0,"max_hp_loss":0,"event_name":"Addict","floor":29,"gold_loss":0,"cards_obtained":["Shame"]},{"damage_healed":0,"gold_gain":0,"player_choice":"Fought Bandits","damage_taken":0,"max_hp_gain":0,"max_hp_loss":0,"event_name":"Masked Bandits","floor":30,"gold_loss":0},{"damage_healed":0,"gold_gain":0,"player_choice":"Fight","damage_taken":0,"max_hp_gain":0,"max_hp_loss":0,"event_name":"Mysterious Sphere","floor":36,"gold_loss":0},{"damage_healed":0,"gold_gain":999,"player_choice":"Gold","damage_taken":0,"max_hp_gain":0,"max_hp_loss":0,"event_name":"MindBloom","floor":38,"gold_loss":0,"cards_obtained":["Normality","Normality"]},{"damage_healed":0,"gold_gain":0,"player_choice":"Embrace Madness","damage_taken":9,"max_hp_gain":0,"max_hp_loss":0,"event_name":"Winding Halls","floor":44,"gold_loss":0,"cards_obtained":["Madness","Madness"]}],"is_beta":false,"boss_relics":[{"not_picked":["Cursed Key","Philosopher\u0027s Stone"],"picked":"Black Star"},{"not_picked":["VioletLotus","Empty Cage"],"picked":"Pandora\u0027s Box"}],"items_purged_floors":[10,27,41,46],"is_endless":false,"potions_floor_spawned":[1,2,5,14,21,30,36,37,40],"ascension_level":0}}