{"host":"kiauivt48syq9iz6","time":1608868344,"event":{"mods":["BaseMod","Conspire","Downfall","Hermit","Minty Spire (QoL Compilation)","Replay The Spire","SIMod","StSLib","The Animator","The Construct","The Cursed","The Runesmith","The Servant 0.9.4"],"gold_per_floor":[117,131,8,21,21,64,88,88,88,88,109,109,122,122,122,245,245,261,261,275,275,14,14,14],"floor_reached":23,"playtime":1222,"items_purged":[],"score":191,"play_id":"51005339-a040-4ebe-81bd-e437e48e9cb0","local_time":"20201224205224","is_ascension_mode":false,"campfire_choices":[{"floor":8,"key":"REST"},{"floor":12,"key":"REST"},{"data":"hermit:Brawl","floor":15,"key":"SMITH"}],"circlet_count":0,"master_deck":["hermit:Strike_Hermit","hermit:Strike_Hermit","hermit:Defend_Hermit","hermit:Defend_Hermit","hermit:Snapshot+1","hermit:Covet","hermit:BigShot","hermit:HoleUp","hermit:Determination","hermit:Glare","hermit:Dive","Injury","hermit:Vantage","hermit:Dive","hermit:Cheat","hermit:Brawl+1","hermit:Snipe","hermit:Reprieve","hermit:FullyLoaded","hermit:Combo","hermit:Manifest","hermit:NoHoldsBarred+1"],"relics":["hermit:Momento","Golden Idol","Replay:Bottled Flurry","conspire:InfiniteJournal","Replay:PocketPolymizer","hermit:BartenderGlass","Ring of Fury","conspire:Dentures"],"acts_visited":["Exordium","TheCity"],"potions_floor_usage":[11,16,18,18,20,20,20,23,23,23],"damage_taken":[{"damage":0,"enemies":"2 Louse","floor":1,"turns":3},{"damage":3,"enemies":"Small Slimes","floor":2,"turns":4},{"damage":1,"enemies":"Jaw Worm","floor":4,"turns":5},{"damage":18,"enemies":"Lagavulin","floor":6,"turns":9},{"damage":3,"enemies":"Red Slaver","floor":7,"turns":5},{"damage":8,"enemies":"Large Slime","floor":11,"turns":7},{"damage":5,"enemies":"2 Fungi Beasts","floor":13,"turns":5},{"damage":38,"enemies":"The Guardian","floor":16,"turns":11},{"damage":27,"enemies":"Shell Parasite","floor":18,"turns":10},{"damage":13,"enemies":"Chosen","floor":20,"turns":6},{"damage":57,"enemies":"Book of Stabbing","floor":23,"turns":5}],"seed_played":"-5656185334657559667","potions_obtained":[{"floor":4,"key":"Weak Potion"},{"floor":7,"key":"SkillPotion"},{"floor":11,"key":"Swift Potion"},{"floor":16,"key":"Explosive Potion"},{"floor":18,"key":"ColorlessPotion"},{"floor":20,"key":"DistilledChaos"}],"is_trial":false,"path_per_floor":["M","M","$","M","?","E","M","R","T","?","M","R","M","?","R","B",null,"M","?","M","?","$","E"],"character_chosen":"HERMIT","items_purchased":["hermit:Determination","hermit:Glare","conspire:Dentures"],"campfire_rested":2,"item_purchase_floors":[3,3,22],"current_hp_per_floor":[75,72,72,71,71,53,50,72,72,60,52,74,69,69,69,31,75,48,48,44,44,44,0,0],"gold":14,"neow_bonus":"UPGRADE_CARD","is_daily":false,"chose_seed":false,"campfire_upgraded":1,"win_rate":0.0,"timestamp":1608868344,"path_taken":["M","M","$","M","?","E","M","R","T","?","M","R","M","?","R","BOSS","M","?","M","?","$","E"],"items_purchased_type":["Card","Card","Relic"],"build_version":"2020-12-22","purchased_purges":0,"victory":false,"max_hp_per_floor":[75,75,75,75,75,75,75,75,75,75,75,75,75,75,75,75,75,75,75,75,75,75,75,75],"card_choices":[{"not_picked":["hermit:Desperado","hermit:Ricochet"],"picked":"hermit:BigShot","floor":1},{"not_picked":["hermit:DeadMansHand","hermit:Horror"],"picked":"hermit:HoleUp","floor":2},{"not_picked":["hermit:CursedWeapon","hermit:ShadowCloak"],"picked":"hermit:Dive","floor":4},{"not_picked":["hermit:Showdown","hermit:Deadeye"],"picked":"hermit:Vantage","floor":6},{"not_picked":["hermit:TrackingShot","hermit:Desperado"],"picked":"hermit:Dive","floor":7},{"not_picked":["hermit:ItchyTrigger","hermit:TakeCover"],"picked":"hermit:Cheat","floor":11},{"not_picked":["hermit:Coalescence","hermit:TakeAim"],"picked":"hermit:Brawl","floor":13},{"not_picked":["hermit:Magnum","hermit:DeadOrAlive"],"picked":"hermit:Reprieve","floor":16},{"not_picked":["hermit:LuckOfTheDraw","hermit:Feint"],"picked":"hermit:FullyLoaded","floor":18},{"not_picked":["hermit:Glare","hermit:Roulette"],"picked":"hermit:NoHoldsBarred+1","floor":20}],"player_experience":58354,"relics_obtained":[{"floor":6,"key":"Replay:Bottled Flurry"},{"floor":9,"key":"conspire:InfiniteJournal"},{"floor":21,"key":"Ring of Fury"}],"event_choices":[{"damage_healed":0,"gold_gain":0,"player_choice":"Take Wound","damage_taken":0,"relics_obtained":["Golden Idol"],"max_hp_gain":0,"max_hp_loss":0,"event_name":"Golden Idol","floor":5,"gold_loss":0,"cards_obtained":["Injury"]},{"damage_healed":0,"gold_gain":0,"player_choice":"Success","damage_taken":12,"relics_obtained":["Replay:PocketPolymizer"],"max_hp_gain":0,"max_hp_loss":0,"event_name":"Scrap Ooze","floor":10,"gold_loss":0},{"cards_removed":["hermit:Strike_Hermit"],"damage_healed":0,"gold_gain":0,"player_choice":"Offered Basic","damage_taken":0,"max_hp_gain":0,"max_hp_loss":0,"event_name":"Bonfire Elementals","floor":14,"gold_loss":0},{"damage_healed":0,"gold_gain":0,"cards_transformed":["hermit:Defend_Hermit","hermit:Defend_Hermit"],"player_choice":"Became Test Subject","damage_taken":0,"max_hp_gain":0,"max_hp_loss":0,"event_name":"Drug Dealer","floor":19,"gold_loss":0,"cards_obtained":["hermit:Combo","hermit:Manifest"]}],"is_beta":false,"boss_relics":[{"not_picked":["Kintsugi","conspire:RoyalGoblet"],"picked":"hermit:BartenderGlass"}],"items_purged_floors":[],"is_endless":false,"potions_floor_spawned":[4,7,11,16,18,20],"killed_by":"Book of Stabbing","ascension_level":0}}