{"host":"ÇïÍ¥»¨¿ªÃÎÀïÏã","time":1608872290,"event":{"mods":["ATMod(°¢èªMod)","BaseMod","Custom Start","Minty Spire (QoL Compilation)","Replay The Spire","StSLib","Waifu the Spire","¡¾ÒÅÎï¿¨ÅÆ¡¿REMEMod"],"gold_per_floor":[116,141,141,141,66,66,66,77,77,122,122],"floor_reached":10,"playtime":228,"items_purged":["Strike_G"],"score":84,"play_id":"a3cfb16b-a6fb-4a52-a468-421a7458ed47","local_time":"20201225125810","is_ascension_mode":true,"campfire_choices":[{"data":"AT_FamilyPortrait","floor":6,"key":"SMITH"}],"circlet_count":0,"master_deck":["AscendersBane","Strike_G","Strike_G","Strike_G","Strike_G","Defend_G","Defend_G","Defend_G","Defend_G","Defend_G","Survivor","Neutralize","AT_FamilyPortrait+1","Amnesia","Amnesia","Blade Dance"],"relics":["AT_ATBox","REME_ComplimentaryCards","REME_LowDesire","AT_RedTearstoneRing","Dream Catcher","Ring of Peace","ReplayTheSpireMod:Ring of Challenge","Tiny Chest"],"acts_visited":["Exordium"],"potions_floor_usage":[],"damage_taken":[{"damage":5,"enemies":"Cultist","floor":1,"turns":5},{"damage":0,"enemies":"Small Slimes","floor":8,"turns":3},{"damage":0,"enemies":"3 Sentries","floor":10,"turns":1}],"seed_played":"3429091569541172628","potions_obtained":[{"floor":8,"key":"Swift Potion"}],"is_trial":false,"path_per_floor":["M","T","?","?","$","R","?","M","T","E"],"character_chosen":"THE_SILENT","items_purchased":[],"campfire_rested":0,"item_purchase_floors":[],"current_hp_per_floor":[62,62,62,62,62,62,55,55,55,55,55],"gold":122,"neow_bonus":"BOSS_RELIC","is_daily":false,"chose_seed":false,"campfire_upgraded":1,"win_rate":0.0,"timestamp":1608872290,"path_taken":["M","?","?","?","?","R","?","M","T","E"],"items_purchased_type":[],"build_version":"2020-12-18","purchased_purges":1,"victory":false,"max_hp_per_floor":[70,70,70,70,70,70,70,70,70,70,70],"card_choices":[{"not_picked":["Expertise","Sucker Punch","Dagger Throw","Madness"],"picked":"SKIP","floor":1},{"not_picked":["Cloak And Dagger","Poisoned Stab","REME_ProfessionalPlagiarism"],"picked":"Blade Dance","floor":8}],"player_experience":459747,"relics_obtained":[{"floor":0,"key":"AT_RedTearstoneRing"},{"floor":0,"key":"Dream Catcher"},{"floor":4,"key":"Ring of Peace"},{"floor":4,"key":"ReplayTheSpireMod:Ring of Challenge"},{"floor":9,"key":"Tiny Chest"}],"event_choices":[{"damage_healed":0,"gold_gain":0,"player_choice":"Ignored","damage_taken":0,"max_hp_gain":0,"max_hp_loss":0,"event_name":"Liars Game","floor":3,"gold_loss":0}],"is_beta":true,"boss_relics":[],"items_purged_floors":[5],"is_endless":false,"potions_floor_spawned":[8],"killed_by":"3 Sentries","ascension_level":11}}