{"host":"i09pxcjttd31eh4q","time":1608859708,"event":{"mods":["AchievementEnabler","BaseMod","Colored Map","Keyboard Shortcuts","Minty Spire (QoL Compilation)","StSLib","SuperFastMode"],"gold_per_floor":[114,132,146,166,182,182,197,177,177,177,193,209,209,105,105,177,227,244,39,50,81,56,56,56,56],"floor_reached":24,"playtime":772,"items_purged":["Strike_G"],"score":380,"play_id":"dd77cb87-e66d-4ccb-a4e4-232da0698e6e","local_time":"20201225102828","is_ascension_mode":true,"campfire_choices":[{"data":"Noxious Fumes","floor":6.0,"key":"SMITH"},{"data":"Neutralize","floor":10.0,"key":"SMITH"},{"data":"Deadly Poison","floor":13.0,"key":"SMITH"},{"data":"Calculated Gamble","floor":15.0,"key":"SMITH"},{"data":"Bouncing Flask","floor":23.0,"key":"SMITH"}],"circlet_count":0,"master_deck":["AscendersBane","Strike_G","Strike_G","Strike_G","Strike_G","Defend_G","Defend_G","Defend_G","Defend_G","Defend_G","Survivor","Neutralize+1","Masterful Stab","Calculated Gamble+1","Backflip+1","Blade Dance","Noxious Fumes+1","Deadly Poison+1","PiercingWail","Die Die Die","Bouncing Flask+1","Catalyst","Well Laid Plans","Prepared"],"relics":["Ring of the Snake","Strawberry","Meat on the Bone","Tiny House","Snake Skull","Red Mask"],"acts_visited":["Exordium","TheCity"],"potions_floor_usage":[24],"damage_taken":[{"damage":0.0,"enemies":"Cultist","floor":1.0,"turns":4.0},{"damage":0.0,"enemies":"2 Louse","floor":2.0,"turns":3.0},{"damage":4.0,"enemies":"Jaw Worm","floor":3.0,"turns":4.0},{"damage":15.0,"enemies":"Looter","floor":4.0,"turns":4.0},{"damage":8.0,"enemies":"Exordium Wildlife","floor":5.0,"turns":4.0},{"damage":14.0,"enemies":"Large Slime","floor":7.0,"turns":6.0},{"damage":0.0,"enemies":"3 Louse","floor":11.0,"turns":4.0},{"damage":0.0,"enemies":"Lots of Slimes","floor":12.0,"turns":3.0},{"damage":7.0,"enemies":"Hexaghost","floor":16.0,"turns":9.0},{"damage":13.0,"enemies":"Spheric Guardian","floor":18.0,"turns":5.0},{"damage":0.0,"enemies":"Chosen","floor":20.0,"turns":3.0},{"damage":38.0,"enemies":"Masked Bandits","floor":21.0,"turns":4.0},{"damage":30,"enemies":"Shelled Parasite and Fungi","floor":24,"turns":4}],"seed_played":"3186856926881191213","potions_obtained":[{"floor":4.0,"key":"Swift Potion"},{"floor":5.0,"key":"Fire Potion"},{"floor":11.0,"key":"ColorlessPotion"},{"floor":16.0,"key":"ColorlessPotion"},{"floor":17.0,"key":"EntropicBrew"},{"floor":20.0,"key":"SpeedPotion"}],"is_trial":false,"path_per_floor":["M","M","M","M","M","R","M","?","T","R","M","M","R","$","R","B",null,"M","$","M","?","$","R","M"],"character_chosen":"THE_SILENT","items_purchased":["PiercingWail","Snake Skull","Bouncing Flask","Prepared"],"campfire_rested":0,"item_purchase_floors":[14,19,19,22],"current_hp_per_floor":[66,66,62,47,39,39,25,25,25,25,37,37,37,37,37,42,70,57,57,57,31,31,31,1,1],"gold":56,"neow_bonus":"RANDOM_COMMON_RELIC","is_daily":false,"chose_seed":false,"campfire_upgraded":5,"win_rate":0.0,"timestamp":1608859708,"path_taken":["M","M","M","M","M","R","M","?","T","R","M","?","R","$","R","BOSS","M","$","M","?","$","R","M"],"items_purchased_type":["Card","Relic","Card","Card"],"build_version":"2020-12-22","purchased_purges":1,"victory":false,"max_hp_per_floor":[73,73,73,73,73,73,73,73,73,73,73,73,73,73,73,73,78,78,78,78,78,78,78,78,78],"card_choices":[{"not_picked":["Acrobatics","Slice"],"picked":"Masterful Stab","floor":1.0},{"not_picked":["Blur","Cloak And Dagger"],"picked":"Calculated Gamble","floor":2.0},{"not_picked":["PiercingWail","Choke"],"picked":"Backflip","floor":3.0},{"not_picked":["Underhanded Strike","Envenom"],"picked":"Blade Dance","floor":4.0},{"not_picked":["Sucker Punch","Quick Slash"],"picked":"Noxious Fumes","floor":5.0},{"not_picked":["Dagger Spray","Night Terror","Flying Knee"],"picked":"SKIP","floor":7.0},{"not_picked":["Flechettes","Quick Slash","PiercingWail"],"picked":"SKIP","floor":11.0},{"not_picked":["Dagger Spray","Bane"],"picked":"Deadly Poison","floor":12.0},{"not_picked":["Unload","Glass Knife"],"picked":"Die Die Die","floor":16.0},{"not_picked":["Quick Slash+1","Dagger Spray","Skewer"],"picked":"SKIP","floor":18.0},{"not_picked":["Quick Slash+1","Dagger Spray","Skewer"],"picked":"SKIP","floor":18.0},{"not_picked":["Backflip","Flying Knee"],"picked":"Catalyst","floor":20.0},{"not_picked":["Infinite Blades","Quick Slash"],"picked":"Well Laid Plans","floor":21.0}],"player_experience":770598,"relics_obtained":[{"floor":9.0,"key":"Meat on the Bone"},{"floor":21.0,"key":"Red Mask"}],"event_choices":[{"damage_healed":0.0,"max_hp_gain":0.0,"max_hp_loss":0.0,"gold_gain":0.0,"event_name":"The Woman in Blue","player_choice":"Bought 1 Potion","floor":8.0,"gold_loss":0.0,"damage_taken":0.0},{"damage_healed":0.0,"max_hp_gain":0.0,"max_hp_loss":0.0,"gold_gain":0.0,"event_name":"Masked Bandits","player_choice":"Fought Bandits","floor":21.0,"gold_loss":0.0,"damage_taken":0.0}],"is_beta":false,"boss_relics":[{"not_picked":["Snecko Eye","Busted Crown"],"picked":"Tiny House"}],"items_purged_floors":[14],"is_endless":false,"potions_floor_spawned":[4,5,11,12,16,20],"killed_by":"Shelled Parasite and Fungi","ascension_level":20}}