{"host":"a271difpu8igxb07","time":1608881020,"event":{"mods":["Ascension Reborn","Aspiration","BaseMod","BetterRewards","Colored Map","Conspire","Custom Start","Dota2Spire","Energized Spire","Halation","Hubris","Infinite Spire","Minty Spire (QoL Compilation)","Quick Restart","Replay The Spire","Retaliation","StSLib","vexMod"],"gold_per_floor":[114,114,130,93,93,127,127,144,144,176,186,221,71,97,97,194,194,208,208,208,208,208,208,236,260,337,337,356,356,372,398,398,498,498,510,28,42,71,125,152,152,186,236,281,305,305,335,335,335,351],"floor_reached":51,"playtime":3379,"items_purged":[],"score":1047,"play_id":"774f7d09-2aa0-482c-812e-b3911b9642dd","local_time":"20201225142340","daily_mods":["Colorless Cards","Heirloom","Time Dilation","Elite Swarm","Lethality"],"is_ascension_mode":true,"campfire_choices":[{"data":"Footwork","floor":7.0,"key":"SMITH"},{"floor":15.0,"key":"REST"},{"data":"Replay:Sssssssssshield","floor":23.0,"key":"SMITH"},{"data":"ReplayUltimateDefense","floor":29.0,"key":"SMITH"},{"data":"Footwork+1","floor":32.0,"key":"SMITH"},{"data":"Infinite Blades","floor":41.0,"key":"SMITH"},{"data":"ReplayUltimateDefense+1","floor":49.0,"key":"SMITH"}],"circlet_count":0,"master_deck":["Strike_G+1","Strike_G+1","Strike_G+1","Strike_G+1","Strike_G+1","Defend_G+1","Defend_G+1","Defend_G+1","Defend_G+1","Survivor","Neutralize","Poisoned Stab","Dagger Spray","Footwork+2","Envenom","Replay:Sssssssssshield+1","ReplayUltimateDefense+2","Blade Dance","infinitespire:Neurotoxin","Mayhem","Tools of the Trade","Clumsy","Blade Dance","Doppelganger","hubris:EnhanceAbility","Skewer+1","Secret Technique","Poison Darts","Well Laid Plans","Infinite Blades+1","Sucker Punch+1","Blade Dance","A Thousand Cuts","ReplayUltimateDefense","Chrysalis","PiercingWail","ReplayTheSpireMod:Speed Training"],"relics":["Ring of the Snake","conspire:InfiniteJournal","infinitespire:Bottled Soul","Replay:Rubber Ducky","Bottled Lightning","Anchor","Boot","Dota2Spire:ArmletOfMordiggian","energizedSpire:HighHeels","Tiny Chest","hubris:Towel","Pet Ghost","Bronze Scales","Replay:WaspNest","infinitespire:Broken Mirror","SlaversCollar","Pear","halation:Thesaurus","aspiration:Lifesprig","Blue Doll","Dota2Spire:Vanguard","Dota2Spire:Satanic","Bag of Preparation","Replay:Bandana","Ancient Tea Set","hubris:EvacipatedBox","Oddly Smooth Stone"],"acts_visited":["Exordium","TheCity","TheBeyond"],"potions_floor_usage":[50,50,50],"damage_taken":[{"damage":0.0,"enemies":"Cultist","floor":1.0,"turns":2.0},{"damage":0.0,"enemies":"Small Slimes","floor":3.0,"turns":2.0},{"damage":3.0,"enemies":"Gremlin Nob","floor":6.0,"turns":4.0},{"damage":0.0,"enemies":"Jaw Worm","floor":8.0,"turns":2.0},{"damage":22.0,"enemies":"3 Sentries","floor":10.0,"turns":5.0},{"damage":0.0,"enemies":"Large Slime","floor":11.0,"turns":5.0},{"damage":0.0,"enemies":"Gremlin Nob","floor":12.0,"turns":5.0},{"damage":10.0,"enemies":"3 Sentries","floor":14.0,"turns":5.0},{"damage":31.0,"enemies":"Slime Boss","floor":16.0,"turns":7.0},{"damage":6.0,"enemies":"3 Byrds","floor":18.0,"turns":4.0},{"damage":0.0,"enemies":"conspire:SneckoGhost","floor":24.0,"turns":6.0},{"damage":0.0,"enemies":"conspire:FuzzyDice","floor":28.0,"turns":4.0},{"damage":3.0,"enemies":"Shelled Parasite and Fungi","floor":30.0,"turns":3.0},{"damage":0.0,"enemies":"Book of Stabbing","floor":31.0,"turns":5.0},{"damage":22.0,"enemies":"Collector","floor":33.0,"turns":6.0},{"damage":0.0,"enemies":"3 Darklings","floor":35.0,"turns":4.0},{"damage":0.0,"enemies":"3 Shapes","floor":37.0,"turns":4.0},{"damage":20.0,"enemies":"conspire:MimicChest","floor":38.0,"turns":5.0},{"damage":6.0,"enemies":"R_Hoarder","floor":40.0,"turns":4.0},{"damage":0.0,"enemies":"Nemesis","floor":42.0,"turns":3.0},{"damage":2.0,"enemies":"Reptomancer","floor":44.0,"turns":4.0},{"damage":17.0,"enemies":"3 Darklings","floor":45.0,"turns":3.0},{"damage":0.0,"enemies":"4 Shapes","floor":47.0,"turns":4.0},{"damage":36,"enemies":"infinitespire:MassOfShapes","floor":50,"turns":8}],"seed_played":"-7143041901696483681","potions_obtained":[{"floor":1.0,"key":"Toxic Potion"},{"floor":3.0,"key":"Elixir"},{"floor":10.0,"key":"Energy Potion"},{"floor":12.0,"key":"Adrenaline Potion"},{"floor":14.0,"key":"Dota2Spire:HealingSalve"},{"floor":16.0,"key":"LiquidBronze"},{"floor":18.0,"key":"SkillPotion"},{"floor":33.0,"key":"ColorlessPotion"},{"floor":37.0,"key":"Toxic Potion"},{"floor":40.0,"key":"Ancient Potion"},{"floor":46.0,"key":"Toxic Potion"},{"floor":46.0,"key":"Cursed Concoction"}],"is_trial":true,"path_per_floor":["M","?","M","$","T","E","R","M","T","E","M","E","$","E","R","B",null,"M","AVR","?","?","?","R","E","T","T","$","M","R","M","E","R","B",null,"M","$","M","?","T","E","R","E","T","E","M","?","M","$","R","B",null],"character_chosen":"THE_SILENT","items_purchased":["Footwork","Dota2Spire:ArmletOfMordiggian","Infinite Blades","Pear","halation:Thesaurus","hubris:EvacipatedBox","Oddly Smooth Stone"],"campfire_rested":1,"item_purchase_floors":[4,13,36,36,36,48,48],"current_hp_per_floor":[70,70,70,70,70,67,67,67,67,45,45,45,45,35,56,25,70,64,64,64,51,51,51,51,51,51,51,51,51,48,48,48,26,75,75,85,85,65,65,59,59,59,59,57,40,40,40,11,11,4],"gold":351,"neow_bonus":"","is_daily":false,"chose_seed":false,"campfire_upgraded":6,"win_rate":0.0,"timestamp":1608881020,"path_taken":["M","?","M","?","?","E","R","M","T","E","M","E","$","E","R","BOSS","M","AVR","?","?","?","R","E","?","T","?","M","R","?","E","R","BOSS","M","$","M","?","?","E","R","E","T","E","?","?","M","?","R","BOSS"],"items_purchased_type":["Card","Relic","Card","Relic","Relic","Relic","Relic"],"build_version":"2020-12-22","purchased_purges":0,"victory":true,"max_hp_per_floor":[70,70,70,70,70,70,70,70,70,70,70,70,70,70,70,70,70,70,70,70,75,75,75,75,75,75,75,75,75,75,75,75,75,75,75,85,85,85,85,85,85,85,85,85,85,85,85,85,85,85],"card_choices":[{"not_picked":["Skewer","Backflip"],"picked":"Poisoned Stab","floor":1.0},{"not_picked":["Outmaneuver","ReplayTheSpireMod:Exploit Weakness"],"picked":"Dagger Spray","floor":3.0},{"not_picked":["hubris:EnhanceAbility","aspiration:Lunge"],"picked":"Envenom","floor":6.0},{"not_picked":["Concentrate","PiercingWail"],"picked":"Replay:Sssssssssshield","floor":8.0},{"not_picked":["Mayhem","Replay:Bag of Tricks"],"picked":"ReplayUltimateDefense","floor":10.0},{"not_picked":["Swift Strike","Slice"],"picked":"Blade Dance","floor":11.0},{"not_picked":["Grand Finale","Crow Ritual"],"picked":"infinitespire:Neurotoxin","floor":12.0},{"not_picked":["ReplayTheSpireMod:From All Sides","Midas Touch"],"picked":"Mayhem","floor":14.0},{"not_picked":["Crow Ritual","Malaise"],"picked":"Tools of the Trade","floor":16.0},{"not_picked":["Deadly Poison+1","Bandage Up+1"],"picked":"Blade Dance","floor":18.0},{"not_picked":["Secret Technique","Replay:Dark Deal"],"picked":"Doppelganger","floor":24.0},{"not_picked":["Outmaneuver+1","Dagger Spray"],"picked":"hubris:EnhanceAbility","floor":28.0},{"not_picked":["hubris:TrickCloak","PiercingWail"],"picked":"Skewer+1","floor":30.0},{"not_picked":["Unload","Replay:Dark Deal"],"picked":"Secret Technique","floor":31.0},{"not_picked":["DDmod:PotionAddictCard","infinitespire:Neurotoxin"],"picked":"Poison Darts","floor":33.0},{"not_picked":["Deadly Poison","ReplayUltimateDefense"],"picked":"Well Laid Plans","floor":35.0},{"not_picked":["Underhanded Strike+1","Cloak And Dagger"],"picked":"Sucker Punch+1","floor":37.0},{"not_picked":["Purity","Forethought"],"picked":"Blade Dance","floor":38.0},{"not_picked":["Replay:Bag of Tricks","infinitespire:Neurotoxin"],"picked":"A Thousand Cuts","floor":40.0},{"not_picked":["Storm of Steel","Unload"],"picked":"ReplayUltimateDefense","floor":42.0},{"not_picked":["Phantasmal Killer","HandOfGreed"],"picked":"Chrysalis","floor":44.0},{"not_picked":["Flechettes","Slice"],"picked":"PiercingWail","floor":45.0},{"not_picked":["Poisoned Stab","Prepared"],"picked":"ReplayTheSpireMod:Speed Training","floor":47.0}],"player_experience":102244,"relics_obtained":[{"floor":5.0,"key":"infinitespire:Bottled Soul"},{"floor":6.0,"key":"Replay:Rubber Ducky"},{"floor":9.0,"key":"Bottled Lightning"},{"floor":10.0,"key":"Anchor"},{"floor":12.0,"key":"Boot"},{"floor":14.0,"key":"aspiration:HiddenCompartment"},{"floor":24.0,"key":"Pet Ghost"},{"floor":25.0,"key":"Bronze Scales"},{"floor":26.0,"key":"Replay:WaspNest"},{"floor":31.0,"key":"infinitespire:Broken Mirror"},{"floor":38.0,"key":"Blue Doll"},{"floor":39.0,"key":"Dota2Spire:Vanguard"},{"floor":40.0,"key":"Dota2Spire:Satanic"},{"floor":42.0,"key":"Bag of Preparation"},{"floor":43.0,"key":"Replay:Bandana"},{"floor":44.0,"key":"Ancient Tea Set"}],"event_choices":[{"cards_removed":["Defend_G"],"damage_healed":0.0,"max_hp_gain":0.0,"max_hp_loss":0.0,"gold_gain":0.0,"event_name":"Wheel of Change","player_choice":"Card Removal","floor":2.0,"gold_loss":0.0,"damage_taken":0.0},{"damage_healed":0.0,"max_hp_gain":5.0,"max_hp_loss":0.0,"gold_gain":0.0,"event_name":"Forgotten Altar","player_choice":"Shed Blood","floor":21.0,"gold_loss":0.0,"damage_taken":18.0},{"damage_healed":0.0,"max_hp_gain":0.0,"max_hp_loss":0.0,"gold_gain":0.0,"event_name":"Back to Basics","player_choice":"Simplicity","floor":22.0,"gold_loss":0.0,"damage_taken":0.0,"cards_upgraded":["Strike_G","Strike_G","Strike_G","Strike_G","Strike_G","Defend_G","Defend_G","Defend_G","Defend_G"]},{"damage_healed":0.0,"max_hp_gain":0.0,"max_hp_loss":0.0,"gold_gain":0.0,"event_name":"Lab","player_choice":"Got Potions","floor":46.0,"gold_loss":0.0,"damage_taken":0.0}],"is_beta":false,"boss_relics":[{"not_picked":["Ectoplasm","aspiration:SecretTechniqueScroll"],"picked":"energizedSpire:HighHeels"},{"not_picked":["WristBlade","hubris:RunicObelisk"],"picked":"SlaversCollar"}],"items_purged_floors":[],"is_endless":false,"potions_floor_spawned":[1,3,10,12,14,16,18,31,33,37,40,45],"ascension_level":0}}