{"host":"30jsp143e4v19aze","time":1608912980,"event":{"mods":["BaseMod","Colored Map","Colored Powertips","Curses Come First","DeckTracker","Highlight Path","Minty Spire (QoL Compilation)","Quick Restart","Relic Stats","StSLib","everything is the same but u backflip on backflip","slay the spire mod where everything is the same but ironclad has a cowboy hat"],"gold_per_floor":[117,29,29,44,44,44,79,79,79,79,97,97,107,141,141,216,216,236,62,74,37,37,37,37,37],"floor_reached":24,"playtime":762,"items_purged":[],"score":454,"play_id":"82d9fb08-759c-403a-97e1-632b9484950a","local_time":"20201225171620","is_ascension_mode":true,"campfire_choices":[{"data":"Evolve","floor":6,"key":"SMITH"},{"data":"Searing Blow","floor":8,"key":"SMITH"},{"data":"Searing Blow+1","floor":10,"key":"SMITH"},{"data":"Searing Blow+2","floor":12,"key":"SMITH"},{"data":"Searing Blow+3","floor":15,"key":"SMITH"},{"data":"Searing Blow+4","floor":23,"key":"SMITH"}],"circlet_count":0,"master_deck":["AscendersBane","Strike_R","Strike_R","Strike_R","Strike_R","Defend_R","Defend_R","Defend_R","Defend_R","Bash+1","Burning Pact","Evolve+1","Battle Trance+1","Searing Blow+5","Dual Wield","Immolate","Spot Weakness","Double Tap","Dropkick","Second Wind"],"relics":["Burning Blood","NeowsBlessing","Bottled Lightning","InkBottle","Bag of Preparation","Sozu"],"acts_visited":["Exordium","TheCity"],"potions_floor_usage":[16,20],"damage_taken":[{"damage":0,"enemies":"2 Louse","floor":1,"turns":1},{"damage":0,"enemies":"Small Slimes","floor":4,"turns":1},{"damage":0,"enemies":"Gremlin Nob","floor":7,"turns":1},{"damage":7,"enemies":"Jaw Worm","floor":11,"turns":3},{"damage":3,"enemies":"3 Louse","floor":13,"turns":4},{"damage":30,"enemies":"3 Sentries","floor":14,"turns":9},{"damage":30,"enemies":"Hexaghost","floor":16,"turns":7},{"damage":6,"enemies":"Spheric Guardian","floor":18,"turns":3},{"damage":2,"enemies":"Chosen","floor":20,"turns":3},{"damage":65,"enemies":"Slavers","floor":24,"turns":5}],"seed_played":"7763796499422108732","potions_obtained":[{"floor":4,"key":"Weak Potion"},{"floor":14,"key":"Fire Potion"}],"is_trial":false,"path_per_floor":["M","$","?","M","?","R","E","R","T","R","M","R","M","E","R","B",null,"M","$","M","$","?","R","E"],"character_chosen":"IRONCLAD","items_purchased":["Evolve","Double Tap","Dropkick"],"campfire_rested":0,"item_purchase_floors":[2,19,21],"current_hp_per_floor":[74,74,67,73,50,50,56,56,56,56,55,55,58,34,34,10,59,59,59,63,63,63,63,0,0],"gold":37,"neow_bonus":"THREE_ENEMY_KILL","is_daily":false,"chose_seed":false,"campfire_upgraded":6,"win_rate":0.0,"timestamp":1608912980,"path_taken":["M","$","?","M","?","R","E","R","T","R","M","R","M","E","R","BOSS","M","$","M","$","?","R","E"],"items_purchased_type":["Card","Card","Card"],"build_version":"2020-12-22","purchased_purges":0,"victory":false,"max_hp_per_floor":[75,75,75,75,75,75,75,75,75,75,75,75,75,75,75,75,75,75,75,75,75,75,75,75,75],"relic_stats":{"Sozu":0,"counters":[10,37],"Bag of Preparation":[8],"obtain_stats":[{"Sozu":17,"NeowsBlessing":0,"Bag of Preparation":14,"Bottled Lightning":7,"Burning Blood":0,"InkBottle":9},{"Sozu":7,"NeowsBlessing":0,"Bag of Preparation":6,"Bottled Lightning":3,"Burning Blood":0,"InkBottle":3},{"Sozu":26,"NeowsBlessing":0,"Bag of Preparation":19,"Bottled Lightning":3,"Burning Blood":0,"InkBottle":3}],"Burning Blood":54,"InkBottle":[6]},"card_choices":[{"not_picked":["Havoc","Headbutt"],"picked":"Burning Pact","floor":1},{"not_picked":["Anger","Intimidate"],"picked":"Battle Trance","floor":4},{"not_picked":["Entrench","Shrug It Off"],"picked":"Searing Blow","floor":7},{"not_picked":["Clash","Clothesline","Cleave"],"picked":"SKIP","floor":11},{"not_picked":["Havoc","Burning Pact"],"picked":"Dual Wield","floor":13},{"not_picked":["Sword Boomerang","Thunderclap","Burning Pact"],"picked":"SKIP","floor":14},{"not_picked":["Corruption","Impervious"],"picked":"Immolate","floor":16},{"not_picked":["Clothesline","Whirlwind"],"picked":"Spot Weakness","floor":18},{"not_picked":["Havoc","Cleave+1","Clash"],"picked":"SKIP","floor":20}],"player_experience":3189082,"relics_obtained":[{"floor":7,"key":"Bottled Lightning"},{"floor":9,"key":"InkBottle"},{"floor":14,"key":"Bag of Preparation"}],"event_choices":[{"cards_removed":["Strike_R"],"damage_healed":0,"gold_gain":0,"player_choice":"Card Removal","damage_taken":7,"max_hp_gain":0,"max_hp_loss":0,"event_name":"Golden Wing","floor":3,"gold_loss":0},{"damage_healed":0,"gold_gain":0,"player_choice":"Entered Light","damage_taken":23,"max_hp_gain":0,"max_hp_loss":0,"event_name":"Shining Light","floor":5,"gold_loss":0,"cards_upgraded":["Bash","Battle Trance"]},{"damage_healed":0,"gold_gain":0,"player_choice":"Read","damage_taken":0,"max_hp_gain":0,"max_hp_loss":0,"event_name":"The Library","floor":22,"gold_loss":0,"cards_obtained":["Second Wind"]}],"is_beta":false,"boss_relics":[{"not_picked":["Philosopher\u0027s Stone","Empty Cage"],"picked":"Sozu"}],"items_purged_floors":[],"is_endless":false,"potions_floor_spawned":[4,14],"killed_by":"Slavers","ascension_level":20}}