{"host":"g2lr277mwibby3fj","time":1608900434,"event":{"mods":["BaseMod","Googly Eyes","Minty Spire (QoL Compilation)","StSLib","TestMod"],"gold_per_floor":[109,124,5,5,5,35,61,61,61,93,93,128,128,162,162,261,261,284,22,22,46,69,69,100,100,100,123,123,158,181,215,215,310,310,333,356,87,1086,709,752,752,795,849,890,1040,1040,1053,1071,1071,1071],"floor_reached":51,"playtime":1678,"items_purged":["Defend_P","Defend_P","Normality"],"score":1820,"play_id":"ce6fb1aa-3fe9-4796-8d47-fcdc21770faa","local_time":"20201225204714","is_ascension_mode":true,"campfire_choices":[{"data":"Eruption","floor":8.0,"key":"SMITH"},{"floor":11.0,"key":"REST"},{"data":"Pray","floor":15.0,"key":"SMITH"},{"data":"Ragnarok","floor":23.0,"key":"SMITH"},{"data":"Adaptation","floor":28,"key":"SMITH"},{"data":"Tantrum","floor":32,"key":"SMITH"},{"data":"TalkToTheHand","floor":41,"key":"SMITH"},{"data":"1","floor":49,"key":"LIFT"}],"circlet_count":0,"master_deck":["AscendersBane","Strike_P","Strike_P","Strike_P","Strike_P","Eruption+1","Vigilance","Pray+1","FlurryOfBlows","Adaptation+1","Indignation","FearNoEvil","Ragnarok+1","Adaptation+1","Crescendo+1","Tantrum+1","DeusExMachina","TalkToTheHand+1","Omniscience"],"relics":["PureWater","testmod-TestBox","testmod-SaigiyounoYou","testmod-IndustrialRevolution","Odd Mushroom","testmod-LifeArmor","Yang","testmod-InjuryResistance","Golden Idol","testmod-Prudence","Mummified Hand","Pear","Bag of Preparation","Pantograph","CloakClasp","testmod-Justice","HornCleat","testmod-NegativeEmotionEnhancer","Centennial Puzzle","OrangePellets","Kunai","Girya","Singing Bowl"],"acts_visited":["Exordium","TheCity","TheBeyond"],"potions_floor_usage":[],"damage_taken":[{"damage":0.0,"enemies":"Cultist","floor":1.0,"turns":2.0},{"damage":9.0,"enemies":"Small Slimes","floor":2.0,"turns":4.0},{"damage":28.0,"enemies":"Gremlin Nob","floor":6.0,"turns":4.0},{"damage":13.0,"enemies":"The Mushroom Lair","floor":7.0,"turns":3.0},{"damage":12.0,"enemies":"Lagavulin","floor":10.0,"turns":5.0},{"damage":0.0,"enemies":"Gremlin Nob","floor":12.0,"turns":3.0},{"damage":0.0,"enemies":"Lagavulin","floor":14.0,"turns":3.0},{"damage":14.0,"enemies":"The Guardian","floor":16.0,"turns":7.0},{"damage":25.0,"enemies":"Shell Parasite","floor":18.0,"turns":4.0},{"damage":0.0,"enemies":"2 Thieves","floor":21.0,"turns":2.0},{"damage":9.0,"enemies":"3 Cultists","floor":22.0,"turns":4.0},{"damage":29,"enemies":"Book of Stabbing","floor":24,"turns":5},{"damage":5,"enemies":"Centurion and Healer","floor":27,"turns":3},{"damage":0,"enemies":"Gremlin Leader","floor":29,"turns":3},{"damage":0,"enemies":"Chosen and Byrds","floor":30,"turns":2},{"damage":19,"enemies":"Slavers","floor":31,"turns":3},{"damage":25,"enemies":"Champ","floor":33,"turns":3},{"damage":0,"enemies":"Orb Walker","floor":35,"turns":1},{"damage":0,"enemies":"3 Darklings","floor":36,"turns":2},{"damage":0,"enemies":"Giant Head","floor":40,"turns":3},{"damage":6,"enemies":"Reptomancer","floor":42,"turns":2},{"damage":0,"enemies":"Nemesis","floor":44,"turns":2},{"damage":0,"enemies":"Spire Growth","floor":47,"turns":1},{"damage":0,"enemies":"Jaw Worm Horde","floor":48,"turns":2},{"damage":6,"enemies":"Time Eater","floor":50,"turns":4}],"seed_played":"-4484692781546255144","potions_obtained":[{"floor":6.0,"key":"StancePotion"},{"floor":7.0,"key":"testmod-TimePotion"},{"floor":12.0,"key":"AttackPotion"},{"floor":16.0,"key":"BottledMiracle"},{"floor":18.0,"key":"DistilledChaos"},{"floor":21.0,"key":"Fire Potion"},{"floor":31,"key":"SkillPotion"}],"is_trial":false,"path_per_floor":["M","M","$","?","?","E","?","R","T","E","R","E","?","E","R","B",null,"M","$","?","M","M","R","E","T","T","M","R","E","M","E","R","B",null,"M","M","$","?","$","E","R","E","T","E","?","?","M","M","R","B",null],"character_chosen":"WATCHER","items_purchased":["Adaptation","Mummified Hand","Centennial Puzzle","OrangePellets","TalkToTheHand"],"campfire_rested":1,"item_purchase_floors":[3,19,37,39,39],"current_hp_per_floor":[72,70,70,63,37,22,17,17,17,15,37,46,46,53,53,59,65,48,48,58,68,73,73,63,63,63,69,69,77,77,65,65,62,73,78,79,79,79,79,80,80,81,81,82,82,82,85,88,88,89],"gold":1071,"neow_bonus":"TEN_PERCENT_HP_BONUS","is_daily":false,"chose_seed":false,"campfire_upgraded":6,"win_rate":0.0,"timestamp":1608900434,"path_taken":["M","M","?","?","?","E","?","R","T","E","R","E","?","E","R","BOSS","M","$","?","M","M","R","E","?","T","M","R","E","M","E","R","BOSS","M","M","$","?","$","E","R","E","T","E","?","?","?","M","R","BOSS"],"items_purchased_type":["Card","Relic","Relic","Relic","Card"],"build_version":"2020-12-22","purchased_purges":3,"victory":true,"max_hp_per_floor":[74,74,74,74,74,74,74,74,74,74,74,74,67,67,67,67,67,67,67,77,77,77,77,77,77,77,77,77,77,77,77,77,77,77,78,79,79,79,79,80,80,81,81,82,82,82,85,88,88,89],"card_choices":[{"not_picked":["Crescendo","ThirdEye"],"picked":"Pray","floor":1.0},{"not_picked":["SandsOfTime","EmptyFist"],"picked":"FlurryOfBlows","floor":2.0},{"not_picked":["Evaluate","Collect","Nirvana"],"picked":"SKIP","floor":6.0},{"not_picked":["Consecrate","CrushJoints"],"picked":"Indignation","floor":7.0},{"not_picked":["BowlingBash","CutThroughFate"],"picked":"FearNoEvil","floor":10.0},{"not_picked":["ThirdEye","EmptyFist","CrushJoints"],"picked":"SKIP","floor":12.0},{"not_picked":["CarveReality","Indignation","ForeignInfluence"],"picked":"SKIP","floor":14.0},{"not_picked":["Vault","DevaForm"],"picked":"Ragnarok","floor":16.0},{"not_picked":["SashWhip","Consecrate"],"picked":"Adaptation+1","floor":18.0},{"not_picked":["FlurryOfBlows+1","SashWhip+1","Indignation"],"picked":"SKIP","floor":21.0},{"not_picked":["Worship","CrushJoints","Evaluate"],"picked":"SKIP","floor":22.0},{"not_picked":["EmptyMind","WaveOfTheHand"],"picked":"Crescendo+1","floor":24},{"not_picked":["SashWhip","ForeignInfluence","Indignation"],"picked":"SKIP","floor":27},{"not_picked":["Collect","JustLucky+1"],"picked":"Tantrum","floor":29},{"not_picked":["ClearTheMind","Fasting2","WindmillStrike+1"],"picked":"SKIP","floor":30},{"not_picked":["Consecrate","BowlingBash","CrushJoints"],"picked":"SKIP","floor":31},{"not_picked":["Blasphemy","ConjureBlade"],"picked":"DeusExMachina","floor":33},{"not_picked":["Halt","Vengeance+1","ClearTheMind"],"picked":"SKIP","floor":35},{"not_picked":["Halt","Vengeance+1","ClearTheMind"],"picked":"SKIP","floor":35},{"not_picked":["PathToVictory","FlurryOfBlows+1","Halt"],"picked":"SKIP","floor":36},{"not_picked":["Halt+1","PathToVictory","Establishment"],"picked":"SKIP","floor":40},{"not_picked":["Protect+1","EmptyFist","Consecrate"],"picked":"SKIP","floor":42},{"not_picked":["CutThroughFate","Indignation+1"],"picked":"Omniscience","floor":44},{"not_picked":["Crescendo","Conclude+1","ReachHeaven+1"],"picked":"Singing Bowl","floor":47},{"not_picked":["DeceiveReality","Protect+1","Sanctity+1"],"picked":"Singing Bowl","floor":48}],"player_experience":480490,"relics_obtained":[{"floor":7.0,"key":"Odd Mushroom"},{"floor":9.0,"key":"testmod-LifeArmor"},{"floor":10.0,"key":"Yang"},{"floor":12.0,"key":"testmod-InjuryResistance"},{"floor":14.0,"key":"Omamori"},{"floor":24,"key":"Bag of Preparation"},{"floor":25,"key":"Pantograph"},{"floor":26,"key":"CloakClasp"},{"floor":29,"key":"testmod-Justice"},{"floor":31,"key":"HornCleat"},{"floor":40,"key":"Kunai"},{"floor":42,"key":"Girya"},{"floor":44,"key":"Singing Bowl"}],"event_choices":[{"cards_removed":["Defend_P"],"damage_healed":0.0,"max_hp_gain":0.0,"max_hp_loss":0.0,"gold_gain":0.0,"event_name":"Golden Wing","player_choice":"Card Removal","floor":4.0,"gold_loss":0.0,"damage_taken":7.0},{"damage_healed":0.0,"max_hp_gain":0.0,"max_hp_loss":0.0,"gold_gain":0.0,"event_name":"Scrap Ooze","player_choice":"Success","floor":5.0,"gold_loss":0.0,"damage_taken":26.0,"relics_obtained":["testmod-IndustrialRevolution"]},{"damage_healed":0.0,"max_hp_gain":0.0,"max_hp_loss":0.0,"gold_gain":0.0,"event_name":"Mushrooms","player_choice":"Fought Mushrooms","floor":7.0,"gold_loss":0.0,"damage_taken":0.0},{"damage_healed":0.0,"max_hp_gain":0.0,"max_hp_loss":7.0,"gold_gain":0.0,"event_name":"Golden Idol","player_choice":"Lose Max HP","floor":13.0,"gold_loss":0.0,"damage_taken":0.0,"relics_obtained":["Golden Idol"]},{"damage_healed":0.0,"max_hp_gain":0.0,"max_hp_loss":0.0,"gold_gain":0.0,"event_name":"The Mausoleum","player_choice":"Opened","floor":20.0,"gold_loss":0.0,"damage_taken":0.0,"relics_obtained":["Pear"],"cards_obtained":["Writhe"]},{"damage_healed":0,"gold_gain":999,"player_choice":"Gold","damage_taken":0,"max_hp_gain":0,"max_hp_loss":0,"event_name":"MindBloom","floor":38,"gold_loss":0,"cards_obtained":["Normality","Normality"]},{"damage_healed":0,"gold_gain":150,"player_choice":"Sell","damage_taken":0,"max_hp_gain":0,"max_hp_loss":0,"event_name":"¶÷ÂåË¹µÄÅÌ×Ó","floor":45,"relics_lost":["Omamori"],"gold_loss":0},{"cards_removed":["Defend_P"],"damage_healed":0,"gold_gain":0,"player_choice":"Purged","damage_taken":0,"max_hp_gain":0,"max_hp_loss":0,"event_name":"Purifier","floor":46,"gold_loss":0}],"is_beta":false,"boss_relics":[{"not_picked":["testmod-HarvestTotem","testmod-PortableAltar"],"picked":"testmod-Prudence"},{"not_picked":["testmod-EnergyCheck","Velvet Choker"],"picked":"testmod-NegativeEmotionEnhancer"}],"items_purged_floors":[3,37,39],"is_endless":false,"potions_floor_spawned":[6,7,12,16,18,21,31,33,40,44,47,48],"ascension_level":18}}