{"host":"jewdtr7eremy7cl3","time":1608864718,"event":{"mods":["ATMod(阿瑾Mod)","Act Like it!","BaseMod","Dota2Spire","Gensokyo","Lobotomy","LobotomyExtend","Minty Spire (QoL Compilation)","Remilia（蕾米莉亚）","Spicy Shops","StSLib","The Alterego","The Forsaken","The Servant 0.9.4","TheWitcher","WarShipGirlsR/战舰少女R mod","【东方二次创作】八云紫mod","残留之物"],"gold_per_floor":[269,269,269,269,287,314,1,1,24,24,38,49,49,49,49,149,149,168,168,182,62,75,75,75,107,107,107,119,119,119],"floor_reached":29,"playtime":2075,"items_purged":[],"score":266,"play_id":"42e6a50a-1574-4536-9b30-82b4cd2cf05e","local_time":"20201225105158","is_ascension_mode":false,"campfire_choices":[{"data":"Gensokyo:CrescentMoonSlash","floor":13,"key":"SMITH"},{"floor":15,"key":"REST"},{"floor":23,"key":"REST"},{"floor":27,"key":"REST"}],"circlet_count":0,"master_deck":["Strike_S","Strike_S","Strike_S","Strike_S","Defend_S","Defend_S+1","Defend_S","KidneyShot","Exchange+1","Scorched","ShatteredReality","SpecialFormula","RealityMarble","UniverseFragment","Spin","Bloodbath","StarChef","Gensokyo:CrescentMoonSlash+1","WallGazer","KillingDoll","OldLady","Comet","OSAHOGD","Wellcheers","TimeTheft","Rudolta","Sabotage","ShyLook","Potential","HappyTeddy","ReturningBlade+1","LongBird","FlawlessForm"],"relics":["Uniform","AT_ATBox","CogitoBucket","LetterFromLob","Gensokyo:PortableGap","War Paint","Meat on the Bone","AT_RedTearstoneRing","Dota2Spire:ArmletOfMordiggian","Fusion Hammer","HellTrain","Gensokyo:LionMask","CaptainsWheel","Torii","WingedGreaves"],"acts_visited":["Gensokyo:Gensokyo","Gensokyo:Gensokyoer"],"potions_floor_usage":[16,25],"damage_taken":[{"damage":5.0,"enemies":"Gensokyo:Gryphon","floor":1.0,"turns":3.0},{"damage":0.0,"enemies":"Gensokyo:2_Kodama","floor":5.0,"turns":1.0},{"damage":0.0,"enemies":"Gensokyo:Cirno","floor":6.0,"turns":4.0},{"damage":4,"enemies":"Gensokyo:3_Fairies","floor":11,"turns":3},{"damage":15,"enemies":"Gensokyo:Python_and_Kodama","floor":12,"turns":3},{"damage":59,"enemies":"Gensokyo:Kokoro","floor":16,"turns":14},{"damage":51,"enemies":"Gensokyo:2_Gloops","floor":18,"turns":4},{"damage":12,"enemies":"Gensokyo:Chomper","floor":20,"turns":4},{"damage":25,"enemies":"Gensokyo:Slime_Group","floor":22,"turns":3},{"damage":33,"enemies":"Gensokyo:Reisen","floor":25,"turns":7},{"damage":11,"enemies":"Gensokyo:Wraith","floor":28,"turns":4},{"damage":33,"enemies":"Gensokyo:Tenshi","floor":29,"turns":1}],"seed_played":"3742885962473259172","potions_obtained":[{"floor":11,"key":"Dexterity Potion"},{"floor":16,"key":"Block Potion"},{"floor":25,"key":"Explosive Potion"},{"floor":28,"key":"DuplicationPotion"}],"is_trial":false,"path_per_floor":["M","?","?","?","M","E","$","?","T","$","M","M","R","?","R","B",null,"M","?","M","?","M","R","?","E","T","R","M","E"],"character_chosen":"THE_SERVANT","items_purchased":["Meat on the Bone","AT_FalsePromise"],"campfire_rested":3,"item_purchase_floors":[7,7],"current_hp_per_floor":[60,64,64,59,59,59,59,54,54,54,50,41,41,30,47,15,59,28,28,28,28,24,41,41,27,27,43,32,0,0],"gold":119,"neow_bonus":"","is_daily":false,"chose_seed":false,"campfire_upgraded":1,"win_rate":0.0,"timestamp":1608864718,"path_taken":["M","?","?","?","M","E","$","?","T","?","M","?","R","?","R","BOSS","M","?","M","?","M","R","?","E","T","R","M","E"],"items_purchased_type":["Relic","Card"],"build_version":"2020-12-22","purchased_purges":0,"victory":false,"max_hp_per_floor":[65,65,65,59,59,59,59,59,59,59,59,59,59,59,59,59,59,59,59,59,59,59,59,55,55,55,55,55,55,55],"card_choices":[{"not_picked":["MeatLantern","Freischutz","CherryBlossoms"],"picked":"Singing Bowl","floor":1.0},{"not_picked":["Bloodbath","CherryBlossoms"],"picked":"Scorched","floor":1.0},{"not_picked":["Revamp","Rewind"],"picked":"ShatteredReality","floor":1.0},{"not_picked":["Duplication","ShatteredReality"],"picked":"SpecialFormula","floor":3.0},{"not_picked":["Ricochet","Contraction"],"picked":"RealityMarble","floor":3.0},{"not_picked":["Bloodbath","BeautyBeast"],"picked":"UniverseFragment","floor":5.0},{"not_picked":["Revamp","Potential"],"picked":"Spin","floor":5.0},{"not_picked":["CherryBlossoms","VoidDream"],"picked":"Bloodbath","floor":6.0},{"not_picked":["Replace","Deadline"],"picked":"StarChef","floor":6.0},{"not_picked":["Murderer","SpiderBud"],"picked":"WallGazer","floor":11},{"not_picked":["ShatteredReality","DoubleEdge"],"picked":"KillingDoll","floor":11},{"not_picked":["ShyLook","SpiderBud"],"picked":"OldLady","floor":12},{"not_picked":["BottledTime","Unruled"],"picked":"Comet","floor":12},{"not_picked":["PunishingBird","Laetitia"],"picked":"OSAHOGD","floor":16},{"not_picked":["Solidify","Duplication"],"picked":"TrueSight","floor":16},{"not_picked":["Rudolta","SpiderBud"],"picked":"Wellcheers","floor":18},{"not_picked":["DoubleEdge","Revamp"],"picked":"TimeTheft","floor":18},{"not_picked":["BeautyBeast","FairyFestival"],"picked":"Rudolta","floor":20},{"not_picked":["Read","ShatteredReality"],"picked":"Sabotage","floor":20},{"not_picked":["QueenBee","MeatLantern","GalaxyChild"],"picked":"Singing Bowl","floor":22},{"not_picked":["MeltingLove","LittlePrince"],"picked":"ShyLook","floor":22},{"not_picked":["Alleviate+1","Rewind"],"picked":"Potential","floor":22},{"not_picked":["FairyFestival","HeroicMonk","CherryBlossoms"],"picked":"Singing Bowl","floor":25},{"not_picked":["CrumblingArmor","MeatLantern"],"picked":"HappyTeddy","floor":25},{"not_picked":["Duplication","InstantArmor"],"picked":"ReturningBlade+1","floor":25},{"not_picked":["Funeral","CherryBlossoms","LittlePrince"],"picked":"Singing Bowl","floor":28},{"not_picked":["HeroicMonk","VoidDream"],"picked":"LongBird","floor":28},{"not_picked":["Replace","Sabotage"],"picked":"FlawlessForm","floor":28}],"player_experience":124465,"relics_obtained":[{"floor":1.0,"key":"LetterFromLob"},{"floor":6.0,"key":"War Paint"},{"floor":9,"key":"AT_RedTearstoneRing"},{"floor":25,"key":"Torii"},{"floor":26,"key":"WingedGreaves"}],"event_choices":[],"is_beta":false,"boss_relics":[{"not_picked":["theForsaken:PaleLantern","Empty Cage"],"picked":"Fusion Hammer"}],"items_purged_floors":[],"is_endless":false,"potions_floor_spawned":[11,16,25,28],"killed_by":"Gensokyo:Tenshi","ascension_level":0}}