{"host":"ldbx2jhnvtia1ouf","time":1608895405,"event":{"mods":["BaseMod","Better Note","Better Sensory Stone","Better Skull","Better Third Choice","Block Reminder","Colored Map","Colored Powertips","Curses Come First","Highlight Path","Minty Spire (QoL Compilation)","Permanent Neow","Spicy Shops","StSLib","Transform Curses","Unceasing Turn Reminder"],"gold_per_floor":[115,115,115,6,20,20,51,51,74,88,100,100,100,112,112,214,214,228,240,240,240,240,240,240],"floor_reached":23,"playtime":1074,"items_purged":[],"score":189,"play_id":"2113c3a6-2a4d-4a27-b14a-5460268c8f46","local_time":"20201225212325","is_ascension_mode":false,"campfire_choices":[{"data":"Bouncing Flask","floor":6,"key":"SMITH"},{"floor":13,"key":"REST"},{"data":"Bane","floor":15,"key":"SMITH"}],"circlet_count":0,"master_deck":["Strike_G","Strike_G","Defend_G","Defend_G","Defend_G","Defend_G","Survivor","Neutralize","Deflect","Bouncing Flask+1","Dash","Poisoned Stab","Flying Knee","Footwork","Flying Knee","Bane+1","Tactician","Burst"],"relics":["Ring of the Snake","Omamori","Potion Belt","HoveringKite","Nilry\u0027s Codex"],"acts_visited":["Exordium","TheCity"],"potions_floor_usage":[16,16,20],"damage_taken":[{"damage":2,"enemies":"Cultist","floor":1,"turns":5},{"damage":2,"enemies":"2 Louse","floor":5,"turns":3},{"damage":18,"enemies":"Gremlin Nob","floor":7,"turns":4},{"damage":0,"enemies":"Small Slimes","floor":10,"turns":3},{"damage":13,"enemies":"2 Fungi Beasts","floor":11,"turns":3},{"damage":0,"enemies":"Looter","floor":14,"turns":4},{"damage":37,"enemies":"Slime Boss","floor":16,"turns":12},{"damage":21,"enemies":"Spheric Guardian","floor":18,"turns":5},{"damage":16,"enemies":"3 Byrds","floor":19,"turns":7},{"damage":28,"enemies":"Slavers","floor":23,"turns":1}],"seed_played":"6070031579901004372","potions_obtained":[{"floor":5,"key":"Dexterity Potion"},{"floor":11,"key":"DistilledChaos"},{"floor":18,"key":"Swift Potion"},{"floor":20,"key":"Fruit Juice"},{"floor":20,"key":"Regen Potion"},{"floor":20,"key":"Strength Potion"}],"is_trial":false,"path_per_floor":["M","T","?","$","M","R","E","?","T","M","M","?","R","M","R","B",null,"M","M","?","?","?","E"],"character_chosen":"THE_SILENT","items_purchased":["Bouncing Flask","Dash"],"campfire_rested":1,"item_purchase_floors":[4,4],"current_hp_per_floor":[47,47,70,70,68,68,50,50,50,50,37,30,51,51,51,14,70,49,33,38,38,22,0,0],"gold":240,"neow_bonus":"REMOVE_TWO","is_daily":false,"chose_seed":false,"campfire_upgraded":2,"win_rate":0.0,"timestamp":1608895405,"path_taken":["M","?","?","$","M","R","E","?","T","M","M","?","R","M","R","BOSS","M","M","?","?","?","E"],"items_purchased_type":["Card","Card"],"build_version":"2020-12-22","purchased_purges":0,"victory":false,"max_hp_per_floor":[70,70,70,70,70,70,70,70,70,70,70,70,70,70,70,70,70,70,70,75,75,75,75,75],"card_choices":[{"not_picked":["Dodge and Roll","Quick Slash"],"picked":"Deflect","floor":1},{"not_picked":["Deflect","Cloak And Dagger"],"picked":"Poisoned Stab","floor":5},{"not_picked":["Tactician","Bane"],"picked":"Flying Knee","floor":7},{"not_picked":["Dagger Throw","Dodge and Roll"],"picked":"Flying Knee","floor":10},{"not_picked":["Flying Knee","Dagger Throw"],"picked":"Bane","floor":11},{"not_picked":["Blade Dance","PiercingWail"],"picked":"Tactician","floor":14},{"not_picked":["Die Die Die","Unload"],"picked":"Burst","floor":16},{"not_picked":["Dagger Throw","Backflip","PiercingWail"],"picked":"SKIP","floor":18},{"not_picked":["Backflip+1","Sucker Punch+1","Blade Dance+1"],"picked":"SKIP","floor":19}],"player_experience":73721,"relics_obtained":[{"floor":7,"key":"Omamori"},{"floor":9,"key":"Potion Belt"},{"floor":22,"key":"Nilry\u0027s Codex"}],"event_choices":[{"damage_healed":23,"gold_gain":0,"player_choice":"Banana","damage_taken":0,"max_hp_gain":0,"max_hp_loss":0,"event_name":"Big Fish","floor":3,"gold_loss":0},{"damage_healed":0,"gold_gain":0,"cards_transformed":["Strike_G"],"player_choice":"Change","damage_taken":0,"max_hp_gain":0,"max_hp_loss":0,"event_name":"Living Wall","floor":8,"gold_loss":0,"cards_obtained":["Footwork"]},{"cards_removed":["Strike_G"],"damage_healed":0,"gold_gain":0,"player_choice":"Card Removal","damage_taken":7,"max_hp_gain":0,"max_hp_loss":0,"event_name":"Golden Wing","floor":12,"gold_loss":0},{"damage_healed":0,"gold_gain":0,"player_choice":"Got Potions","damage_taken":0,"max_hp_gain":0,"max_hp_loss":0,"event_name":"Lab","floor":20,"gold_loss":0},{"damage_healed":0,"gold_gain":0,"player_choice":"Ignored","damage_taken":0,"max_hp_gain":0,"max_hp_loss":0,"event_name":"betterNote:BetterNote","floor":21,"gold_loss":0,"cards_obtained":["Demon Form"]},{"damage_healed":0,"gold_gain":0,"player_choice":"Obtained Book","damage_taken":16,"max_hp_gain":0,"max_hp_loss":0,"event_name":"Cursed Tome","floor":22,"gold_loss":0}],"is_beta":false,"boss_relics":[{"not_picked":["Tiny House","WristBlade"],"picked":"HoveringKite"}],"items_purged_floors":[],"is_endless":false,"potions_floor_spawned":[5,11,18],"killed_by":"Slavers","ascension_level":0}}