{"host":"za9ilm1uiwmpmin1","time":1608935483,"event":{"mods":["AchievementEnabler","Act Like it!","BaseMod","Dota2Spire","Downfall","Friendly Minions","Gensokyo","KomeijiMod","Lobotomy","LobotomyExtend","Marisa£¨ìFÓê¡¡Ä§ÀíÉ³£©","Minty Spire (QoL Compilation)","MostiFishMod","Reorder Act Four","RumiaBox-Â¶Ã×æ«µÄÉñÃØºÐ×Ó","StSLib","TestMod","Waifu the Spire","[IsaacMod]ÒÔÈö¼âËþ","¡¾¹¦ÄÜMod¡¿»ìãçÖ®»·ÐÞ¸´²¹¶¡"],"gold_per_floor":[116,127,141,151,231,266,266,282,282,282,309,309,338,354,354,433,433,443,460,478,46,46,81,81,92,92,118,118,145,145,173,173,252,252,264,264,275,285,225,238,638,651,677,602,631,631,657,721,721,721,545,545,624,701,701,701,601,601,631,631],"floor_reached":24,"playtime":1817,"items_purged":["Strike_B","Funeral","Defend_B","Dualcast+1","Skim+1"],"score":3045,"play_id":"913119cb-5523-4928-bca6-3d266c9ee65c","local_time":"20201226063123","is_ascension_mode":true,"campfire_choices":[{"data":"Coolheaded","floor":7.0,"key":"SMITH"},{"data":"Zap","floor":10.0,"key":"SMITH"},{"data":"Dualcast","floor":15.0,"key":"SMITH"},{"floor":24.0,"key":"RECALL"},{"data":"Glacier","floor":32.0,"key":"SMITH"},{"data":"Conserve Battery","floor":13.0,"key":"SMITH"},{"data":"Skim","floor":15.0,"key":"SMITH"},{"data":"Gensokyo:ShootingStar","floor":21,"key":"SMITH"}],"circlet_count":0,"master_deck":["Zap+1","Glacier+1","Coolheaded+1","MostiFishMod:GatherIntelligence+1","MostiFishMod:Culaccino+1","MostiFishMod:ReadyAimFire+1","Recycle+1","Gensokyo:ShootingStar+1","Conserve Battery+1","QueenOfHatred"],"relics":["Cracked Core","DaveBox","HushsDoor","testmod-TestBox","Civilization","SteamSale","testmod-SaigiyounoYou","CogitoBucket","RabbitCall","SkinProphecy","Dota2Spire:Dagon","Dota2Spire:OctarineCore","ImportantClient","testmod-Temperance","TreeSap","BionicSphere","Centennial Puzzle","DeadEye","testmod-BouquetWithThorns","testmod-Nyarlathotep","SolemnVow_r","Juzu Bracelet","Gensokyo:RedStar","Guardian:PocketSentry","Dota2Spire:RefresherOrb","BackwardClock","AtMidnight","hexamod:BolsterEngine","LetterFromLob","SteinsOfFate","Art of War","MagicDraw1","Regal Pillow","Darkstone Periapt","BookOfRevelations","Bag of Preparation","ImportantClient","MealTicket"],"acts_visited":[],"potions_floor_usage":[23,23],"damage_taken":[{"damage":6.0,"enemies":"Gensokyo:Gryphon","floor":1.0,"turns":4.0},{"damage":1.0,"enemies":"Gensokyo:Python","floor":2.0,"turns":3.0},{"damage":0.0,"enemies":"Gensokyo:3_Fairies","floor":3.0,"turns":4.0},{"damage":0.0,"enemies":"Gensokyo:VengefulSpirit","floor":4.0,"turns":2.0},{"damage":0.0,"enemies":"Gensokyo:Cirno","floor":6.0,"turns":5.0},{"damage":0.0,"enemies":"Gensokyo:LivingMonolith","floor":8.0,"turns":3.0},{"damage":0.0,"enemies":"Gensokyo:Mamizou","floor":11.0,"turns":1.0},{"damage":0.0,"enemies":"Gensokyo:Cirno","floor":13.0,"turns":4.0},{"damage":0.0,"enemies":"Gensokyo:5_Fairies","floor":14.0,"turns":3.0},{"damage":0.0,"enemies":"Gensokyo:Reimu","floor":16.0,"turns":2.0},{"damage":0.0,"enemies":"Gensokyo:AngelMirror","floor":18.0,"turns":2.0},{"damage":0.0,"enemies":"Gensokyo:3_Dogs","floor":19.0,"turns":1.0},{"damage":0.0,"enemies":"Gensokyo:Slime_Group","floor":20.0,"turns":1.0},{"damage":0.0,"enemies":"Gensokyo:Reisen","floor":23.0,"turns":2.0},{"damage":0.0,"enemies":"Gensokyo:Wraith","floor":25.0,"turns":4.0},{"damage":0.0,"enemies":"Gensokyo:Tenshi","floor":27.0,"turns":2.0},{"damage":0.0,"enemies":"Gensokyo:Reisen","floor":29.0,"turns":2.0},{"damage":0.0,"enemies":"Gensokyo:Koishi","floor":31.0,"turns":1.0},{"damage":0.0,"enemies":"Gensokyo:Eiki","floor":33.0,"turns":1.0},{"damage":0.0,"enemies":"3 Darklings","floor":35.0,"turns":5.0},{"damage":0.0,"enemies":"3 Shapes","floor":37.0,"turns":2.0},{"damage":0.0,"enemies":"Jaw Worm","floor":1.0,"turns":1.0},{"damage":0.0,"enemies":"Small Slimes","floor":3.0,"turns":1.0},{"damage":0.0,"enemies":"Remiria","floor":4.0,"turns":2.0},{"damage":0.0,"enemies":"2 Louse","floor":5.0,"turns":1.0},{"damage":0.0,"enemies":"Gremlin Nob","floor":6.0,"turns":1.0},{"damage":0.0,"enemies":"3 Sentries","floor":8.0,"turns":1.0},{"damage":0.0,"enemies":"Lagavulin","floor":10.0,"turns":1.0},{"damage":0.0,"enemies":"3 Sentries","floor":11.0,"turns":1.0},{"damage":0.0,"enemies":"The Guardian","floor":16.0,"turns":1.0},{"damage":0.0,"enemies":"Hexaghost","floor":17.0,"turns":1.0},{"damage":0,"enemies":"Shield and Spear","floor":22,"turns":1},{"damage":0,"enemies":"The Heart","floor":23,"turns":4}],"seed_played":"5849542124321030848","potions_obtained":[{"floor":2.0,"key":"PowerPotion"},{"floor":6.0,"key":"LiquidMemories"},{"floor":11.0,"key":"FocusPotion"},{"floor":18.0,"key":"Fruit Juice"},{"floor":25.0,"key":"PowerPotion"},{"floor":5.0,"key":"Dota2Spire:Clarity"}],"is_trial":false,"path_per_floor":["M","M","M","M","?","E","R","M","T","R","E","?","E","M","R","B",null,"M","M","M","$","?","E","R","M","T","E","?","E","?","E","R","B",null,"M","?","M","?","M","$","M","?","M","E","?","E","T","E","?","?","R","$","R","B","B",null,null,"$","R","E","B",null],"character_chosen":"DEFECT","items_purchased":["MostiFishMod:ReadyAimFire+1","BionicSphere","Skim","Bag of Preparation"],"campfire_rested":0,"item_purchase_floors":[17,21,14,14],"current_hp_per_floor":[70,74,82,91,91,112,112,136,136,136,162,162,204,255,255,305,299,350,403,458,458,458,519,519,581,581,642,594,661,661,728,728,798,791,867,852,928,1013,1013,1090,1183,1262,1342,1342,1426,1426,1510,1599,1599,1599,1599,1599,1689,1780,1780,1796,1796,1796,1890,1992],"gold":631,"neow_bonus":"","is_daily":false,"chose_seed":false,"campfire_upgraded":7,"win_rate":0.0,"timestamp":1608935483,"path_taken":["M","M","M","M","?","E","R","M","T","R","E","?","E","M","R","BOSS","M","M","?","$","?","E","R","M","T","E","?","E","?","E","R","BOSS","M","?","M","?","M","$","M","?","M","E","?","E","T","E","?","?","R","$","R","BOSS","BOSS","$","R","E","BOSS"],"items_purchased_type":["Card","Relic","Card","Relic"],"build_version":"2020-12-22","purchased_purges":5,"victory":true,"max_hp_per_floor":[72,74,82,91,91,112,112,136,136,136,163,163,204,255,255,307,299,359,415,473,473,473,534,534,596,596,659,594,661,661,729,729,798,791,867,867,944,1022,1022,1102,1183,1266,1350,1350,1437,1437,1525,1616,1616,1616,1616,1616,1708,1801,1801,1801,1801,1801,1896,1992],"card_choices":[{"not_picked":["UniverseFragment","CrumblingArmor","BeautyBeast"],"picked":"Singing Bowl","floor":1.0},{"not_picked":["Fan","Loop"],"picked":"Glacier","floor":1.0},{"not_picked":["GalaxyChild","VoidDream","BeautyBeast"],"picked":"Singing Bowl","floor":2.0},{"not_picked":["Conserve Battery","Leap","Rebound"],"picked":"SKIP","floor":2.0},{"not_picked":["FairyFestival","SpiderBud","LaLuna"],"picked":"Singing Bowl","floor":3.0},{"not_picked":["Rudolta","CrumblingArmor"],"picked":"UniverseFragment","floor":3.0},{"not_picked":["Leap","Sunder","Steam Power"],"picked":"SKIP","floor":3.0},{"not_picked":["CrumblingArmor","MeatLantern","CherryBlossoms"],"picked":"Singing Bowl","floor":4.0},{"not_picked":["Lockon","Steam"],"picked":"Coolheaded","floor":4.0},{"not_picked":["GalaxyChild","VoidDream","CherryBlossoms"],"picked":"Singing Bowl","floor":6.0},{"not_picked":["Rebound","Conserve Battery+1"],"picked":"MostiFishMod:GatherIntelligence+1","floor":6.0},{"not_picked":["Murderer","FieryBird","Freischutz"],"picked":"Singing Bowl","floor":8.0},{"not_picked":["Rebound","Sunder","Cold Snap"],"picked":"SKIP","floor":8.0},{"not_picked":["SpiderBud","PunishingBird","LittlePrince"],"picked":"Singing Bowl","floor":11.0},{"not_picked":["Defragment","Genetic Algorithm+1","Chaos+1"],"picked":"SKIP","floor":11.0},{"not_picked":["OldLady","GreedKing","CherryBlossoms"],"picked":"Singing Bowl","floor":13.0},{"not_picked":["Ball Lightning","Compile Driver","Defragment"],"picked":"SKIP","floor":13.0},{"not_picked":["Murderer","Bloodbath","Woodsman"],"picked":"Singing Bowl","floor":14.0},{"not_picked":["Rebound","Redo+1","Hologram+1"],"picked":"SKIP","floor":14.0},{"not_picked":["BeautyBeast","Laetitia","OSAHOGD"],"picked":"Singing Bowl","floor":16.0},{"not_picked":["MostiFishMod:LinkProtocol+1","MostiFishMod:TalkingToTheRain"],"picked":"MostiFishMod:Culaccino+1","floor":16.0},{"not_picked":["Freischutz","WhitesApple","CherryBlossoms"],"picked":"Singing Bowl","floor":18.0},{"not_picked":["Coolheaded+1","Leap+1","Gash"],"picked":"SKIP","floor":18.0},{"not_picked":["LittlePrince","LaLuna","DespairKnight"],"picked":"Singing Bowl","floor":19.0},{"not_picked":["Coolheaded+1","Turbo+1"],"picked":"Recycle+1","floor":19.0},{"not_picked":["Wellcheers","VoidDream"],"picked":"Funeral","floor":20.0},{"not_picked":["Cold Snap","Ball Lightning","Turbo+1"],"picked":"SKIP","floor":20.0},{"not_picked":["WallGazer","LittleHelper","VoidDream"],"picked":"Singing Bowl","floor":23.0},{"not_picked":["Cold Snap","Sunder","Rebound"],"picked":"SKIP","floor":23.0},{"not_picked":["Murderer","SpiderBud","ShyLook"],"picked":"Singing Bowl","floor":25.0},{"not_picked":["Barrage","Scrape","Undo"],"picked":"SKIP","floor":25.0},{"not_picked":["Barrage","Scrape","Undo"],"picked":"SKIP","floor":25.0},{"not_picked":["SingingMachine","RedShoes","Laetitia"],"picked":"Singing Bowl","floor":27.0},{"not_picked":["Gash","Blizzard","Leap"],"picked":"SKIP","floor":27.0},{"not_picked":["Gash","Blizzard","Leap"],"picked":"SKIP","floor":27.0},{"not_picked":["Freischutz","VoidDream","SnowQueen"],"picked":"Singing Bowl","floor":29.0},{"not_picked":["Turbo","Lockon","Compile Driver+1"],"picked":"SKIP","floor":29.0},{"not_picked":["SnowQueen","Scarecrow","Scorched"],"picked":"Singing Bowl","floor":31.0},{"not_picked":["Steam","Loop","Cancel"],"picked":"SKIP","floor":31.0},{"not_picked":["NothingThere","FieryBird","SilentOrchestra"],"picked":"Singing Bowl","floor":33.0},{"not_picked":[],"picked":"Gensokyo:ShootingStar","floor":33.0},{"not_picked":["MeatLantern","LongBird","DespairKnight"],"picked":"Singing Bowl","floor":35.0},{"not_picked":["Sweeping Beam+1","Darkness","Redo"],"picked":"SKIP","floor":35.0},{"not_picked":["QueenOfHatred","BlackArmy","LongBird"],"picked":"Singing Bowl","floor":37.0},{"not_picked":["Cold Snap","Steam","Fan+1"],"picked":"SKIP","floor":37.0},{"not_picked":["VoidDream","SpiderBud","MeatLantern"],"picked":"Singing Bowl","floor":1.0},{"not_picked":["Chill","Beam Cell","Redo"],"picked":"SKIP","floor":1.0},{"not_picked":["HeroicMonk","OSAHOGD","BigBadWolf"],"picked":"Singing Bowl","floor":3.0},{"not_picked":["Cancel","Darkness","Streamline"],"picked":"SKIP","floor":3.0},{"not_picked":["OSAHOGD","PunishingBird","GreedKing"],"picked":"Singing Bowl","floor":4.0},{"not_picked":["WallGazer","OldLady","MeatLantern"],"picked":"Singing Bowl","floor":5.0},{"not_picked":["Beam Cell","Capacitor","Fusion"],"picked":"SKIP","floor":5.0},{"not_picked":["WallGazer","GreedKing","MHz"],"picked":"Singing Bowl","floor":6.0},{"not_picked":["Self Repair","Chill","Leap"],"picked":"SKIP","floor":6.0},{"not_picked":["Bloodbath","MeatLantern","BeautyBeast"],"picked":"Singing Bowl","floor":8.0},{"not_picked":["Reprogram","Chill","Cold Snap"],"picked":"SKIP","floor":8.0},{"not_picked":["Wellcheers","Murderer","CrumblingArmor"],"picked":"Singing Bowl","floor":10.0},{"not_picked":["Steam","Reinforced Body","Loop"],"picked":"SKIP","floor":10.0},{"not_picked":["Rudolta","DreamingCurrent","GalaxyChild"],"picked":"Singing Bowl","floor":11.0},{"not_picked":["Hologram","Compile Driver"],"picked":"Conserve Battery","floor":11.0},{"not_picked":["FairyFestival","SpiderBud"],"picked":"QueenOfHatred","floor":16.0},{"not_picked":["BigBird","PunishingBird","OldLady"],"picked":"Singing Bowl","floor":17.0},{"not_picked":["MeatLantern","OSAHOGD","RedShoes"],"picked":"Singing Bowl","floor":22},{"not_picked":["Reprogram","Cold Snap","Coolheaded"],"picked":"SKIP","floor":22}],"player_experience":1199252,"relics_obtained":[{"floor":1.0,"key":"LetterFromLob"},{"floor":6.0,"key":"Toxic Egg 2"},{"floor":11.0,"key":"Dota2Spire:Dagon"},{"floor":13.0,"key":"Dota2Spire:OctarineCore"},{"floor":16.0,"key":"ImportantClient"},{"floor":23.0,"key":"Centennial Puzzle"},{"floor":26.0,"key":"DeadEye"},{"floor":27.0,"key":"testmod-BouquetWithThorns"},{"floor":29.0,"key":"Juzu Bracelet"},{"floor":31.0,"key":"Guardian:PocketSentry"},{"floor":35.0,"key":"AtMidnight"},{"floor":1.0,"key":"LetterFromLob"},{"floor":4.0,"key":"SteinsOfFate"},{"floor":6.0,"key":"Art of War"},{"floor":8.0,"key":"MagicDraw1"},{"floor":9.0,"key":"Regal Pillow"},{"floor":10.0,"key":"Darkstone Periapt"},{"floor":16.0,"key":"ImportantClient"},{"floor":22,"key":"MealTicket"}],"event_choices":[{"cards_removed":["Defend_B"],"damage_healed":0.0,"max_hp_gain":0.0,"max_hp_loss":0.0,"gold_gain":0.0,"event_name":"The Cleric","player_choice":"Card Removal","floor":7.0,"gold_loss":75.0,"damage_taken":0.0},{"damage_healed":0.0,"max_hp_gain":0.0,"max_hp_loss":0.0,"gold_gain":0.0,"event_name":"Dead Adventurer","player_choice":"Searched \u00273\u0027 times","floor":11.0,"gold_loss":0.0,"damage_taken":0.0,"relics_obtained":["BookOfRevelations"]}],"is_beta":false,"boss_relics":[{"not_picked":["Fusion Hammer","SynthV:MejaisSoulstealer"],"picked":"testmod-Temperance"},{"not_picked":[]},{"not_picked":["FrostBlade","MetatronsCube"],"picked":"Dota2Spire:RefresherOrb"},{"not_picked":[]}],"items_purged_floors":[17,34,2,14,20],"is_endless":false,"potions_floor_spawned":[2,6,11,13,16,18,25,27,33,3,5,6,10,11],"ascension_level":20}}