{"host":"otf1z5955ddlv5pq","time":1608932736,"event":{"mods":["BaseMod","Beaked The Cultist","Better Altar","Better Match","Better Note","Better Sensory Stone","Better Skull","Better Third Choice","Colored Map","Colored Powertips","Downfall","Minty Spire (QoL Compilation)","Rare Cards Sparkle","Replay The Spire","StSLib"],"gold_per_floor":[12,12,23,36,36,64,64,95,121,133,161,194,206,238,250,388,400,430,246,346,346,365,365,409,409,409,424,122,122,135,179,179,303,303,316,316,164,178,178,178],"floor_reached":39,"playtime":8851,"items_purged":["Looming Evil","All Out Attack+1"],"score":450,"play_id":"8ea8b0ee-88c4-4b8e-ba64-865568fcc0a1","local_time":"20201225134536","is_ascension_mode":true,"campfire_choices":[{"data":"Toxin Wave","floor":7,"key":"SMITH"},{"floor":13,"key":"REST"},{"floor":15,"key":"REST"},{"data":"Leg Sweep","floor":23,"key":"SMITH"},{"floor":25,"key":"REST"},{"data":"Footwork","floor":29,"key":"SMITH"}],"circlet_count":0,"master_deck":["Survivor","Neutralize","Replay:Poison Smokescreen+1","Toxin Wave+1","Dodge and Roll","Footwork+1","Toxin Wave","Caltrops","Envenom+1","Endless Agony","Finisher","Malaise+1","Backflip","PiercingWail","Crippling Poison","Toxin Wave+1","Fluid Movement+1","Backflip","Leg Sweep+1","Dodge and Roll","Dodge and Roll+1","Poisoned Stab+1","Poison Darts+1","Deflect","Bane+1"],"relics":["Ring of the Snake","Ring of Hypnosis","Bronze Scales","Pen Nib","MawBank","Golden Idol","Pandora\u0027s Box","Omamori","Question Card","War Paint","Guide Book","Boot","beaked:SacredDeck"],"acts_visited":["Exordium","TheCity","TheBeyond"],"potions_floor_usage":[6,8,16,27,31,31,33],"damage_taken":[{"damage":0,"enemies":"Small Slimes","floor":1,"turns":6},{"damage":0,"enemies":"Cultist","floor":3,"turns":3},{"damage":1,"enemies":"Jaw Worm","floor":4,"turns":3},{"damage":9,"enemies":"3 Sentries","floor":6,"turns":6},{"damage":35,"enemies":"Gremlin Nob","floor":8,"turns":5},{"damage":0,"enemies":"Blue Slaver","floor":11,"turns":3},{"damage":3,"enemies":"3 Louse","floor":12,"turns":3},{"damage":3,"enemies":"Looter","floor":14,"turns":3},{"damage":22,"enemies":"Slime Boss","floor":16,"turns":10},{"damage":8,"enemies":"Shell Parasite","floor":18,"turns":5},{"damage":0,"enemies":"3 Byrds","floor":22,"turns":2},{"damage":32,"enemies":"Gremlin Leader","floor":24,"turns":8},{"damage":0,"enemies":"Shelled Parasite and Fungi","floor":27,"turns":5},{"damage":2,"enemies":"Cultist and Chosen","floor":30,"turns":7},{"damage":18,"enemies":"Slavers","floor":31,"turns":4},{"damage":34,"enemies":"Champ","floor":33,"turns":14},{"damage":18,"enemies":"3 Darklings","floor":35,"turns":5},{"damage":9,"enemies":"Orb Walker","floor":38,"turns":5},{"damage":39,"enemies":"Jaw Worm Horde","floor":39,"turns":4}],"seed_played":"841567677996178855","potions_obtained":[{"floor":1,"key":"BlessingOfTheForge"},{"floor":3,"key":"Poison Potion"},{"floor":11,"key":"PowerPotion"},{"floor":16,"key":"SpeedPotion"},{"floor":18,"key":"LifebloodPotion"},{"floor":31,"key":"LiquidMemories"},{"floor":38,"key":"Explosive Potion"}],"is_trial":false,"path_per_floor":["M","?","M","M","?","E","R","E","T","?","M","M","R","M","R","B",null,"M","$","?","?","M","R","E","R","T","M","$","R","M","E","R_BF","B",null,"M","?","$","M","M"],"character_chosen":"THE_SILENT","items_purchased":["Backflip","CunningPotion","War Paint","Guide Book","Dexterity Potion"],"campfire_rested":3,"item_purchase_floors":[19,19,28,28,37],"current_hp_per_floor":[70,70,70,69,69,60,60,25,25,25,25,22,41,38,57,35,65,57,57,57,57,57,57,25,44,44,44,44,44,42,24,43,9,65,47,47,47,38,0,0],"gold":178,"neow_bonus":"REMOVE_TWO","is_daily":false,"chose_seed":false,"campfire_upgraded":3,"win_rate":0.0,"timestamp":1608932736,"path_taken":["M","?","?","M","?","E","R","E","T","?","M","M","R","M","R","BOSS","M","$","?","?","M","R","E","R","T","M","?","R","?","E","R_BF","BOSS","M","?","$","?","M"],"items_purchased_type":["Card","Potion","Relic","Relic","Potion"],"build_version":"2020-12-22","purchased_purges":2,"victory":false,"max_hp_per_floor":[70,70,70,70,70,70,70,70,70,65,65,65,65,65,65,65,65,65,65,65,65,65,65,65,65,65,65,65,65,65,65,65,65,65,65,65,65,65,65,65],"card_choices":[{"not_picked":["Skewer","Deadly Poison"],"picked":"All Out Attack","floor":1},{"not_picked":["PiercingWail","Deadly Poison"],"picked":"Replay:Poison Smokescreen","floor":3},{"not_picked":["Cloak And Dagger","Backstab"],"picked":"Toxin Wave","floor":4},{"not_picked":["Cloak And Dagger","Deadly Poison"],"picked":"Dodge and Roll","floor":6},{"not_picked":["Predator","Venomology"],"picked":"Footwork","floor":8},{"not_picked":["ReplayTheSpireMod:Speed Training","Acrobatics","PiercingWail"],"picked":"SKIP","floor":11},{"not_picked":["Deadly Poison","Underhanded Strike"],"picked":"Toxin Wave","floor":12},{"not_picked":["Calculated Gamble","Outmaneuver"],"picked":"Caltrops","floor":14},{"not_picked":["Storm of Steel","A Thousand Cuts"],"picked":"Envenom","floor":16},{"not_picked":["Dagger Spray+1","Bane"],"picked":"Fluid Movement+1","floor":18},{"not_picked":["ReplayTheSpireMod:Scrap Shanks","Dodge and Roll"],"picked":"Leg Sweep","floor":22},{"not_picked":["Footwork","Dagger Spray+1"],"picked":"Dodge and Roll","floor":24},{"not_picked":["Acrobatics","Dagger Spray","Backflip"],"picked":"Dodge and Roll+1","floor":27},{"not_picked":["Slice","Dagger Throw","Deadly Poison"],"picked":"Poisoned Stab","floor":30},{"not_picked":["Expertise","Grand Finale","Finisher","Backflip"],"picked":"SKIP","floor":31},{"not_picked":["Backflip","PiercingWail+1","Slice+1"],"picked":"Deflect","floor":35},{"not_picked":["Fluid Movement+1","Dagger Spray+1","Backflip"],"picked":"Bane+1","floor":38}],"player_experience":1130166,"relics_obtained":[{"floor":5,"key":"Ring of Hypnosis"},{"floor":6,"key":"Bronze Scales"},{"floor":8,"key":"Pen Nib"},{"floor":9,"key":"MawBank"},{"floor":24,"key":"Omamori"},{"floor":26,"key":"Question Card"},{"floor":31,"key":"Boot"}],"event_choices":[{"cards_removed":["Strike_G"],"damage_healed":0,"gold_gain":0,"player_choice":"Offered Basic","damage_taken":0,"max_hp_gain":0,"max_hp_loss":0,"event_name":"Bonfire Elementals","floor":2,"gold_loss":0},{"damage_healed":0,"gold_gain":0,"player_choice":"Lose Max HP","damage_taken":0,"relics_obtained":["Golden Idol"],"max_hp_gain":0,"max_hp_loss":5,"event_name":"Golden Idol","floor":10,"gold_loss":0},{"damage_healed":0,"gold_gain":100,"player_choice":"Pray","damage_taken":0,"max_hp_gain":0,"max_hp_loss":0,"event_name":"Golden Shrine","floor":20,"gold_loss":0},{"damage_healed":0,"gold_gain":0,"player_choice":"Upgraded","damage_taken":0,"max_hp_gain":0,"max_hp_loss":0,"event_name":"Upgrade Shrine","floor":21,"gold_loss":0,"cards_upgraded":["Envenom"]},{"damage_healed":0,"gold_gain":0,"player_choice":"Forge","damage_taken":0,"max_hp_gain":0,"max_hp_loss":0,"event_name":"Accursed Blacksmith","floor":36,"gold_loss":0,"cards_upgraded":["Poison Darts"]}],"is_beta":false,"boss_relics":[{"not_picked":["beaked:MawFillet","Runic Pyramid"],"picked":"Pandora\u0027s Box"},{"not_picked":["WristBlade","Philosopher\u0027s Stone"],"picked":"beaked:SacredDeck"}],"items_purged_floors":[19,37],"is_endless":false,"potions_floor_spawned":[1,3,11,16,18,22,31,38],"killed_by":"Jaw Worm Horde","ascension_level":1}}