{"host":"txisuftzfyypgs93","time":1608907150,"event":{"mods":["Aspiration","BaseMod","Colored Powertips","Downfall","GifTheSpireLib","Hubris","Infinite Spire","Minty Spire (QoL Compilation)","Replay The Spire","Shop Mod","StSLib","The Cursed","The Jungle","vexMod"],"gold_per_floor":[9999,9213,9232,9195,9170,9170,9170,9182,9208,9208,9230,9262,8315,8334,8334,8433,8433,8451,8451,8451,7224,7243,7271,7284,7284,7284],"floor_reached":25,"playtime":3680,"items_purged":["TheCursedMod:Defend_TheCursed","TheCursedMod:Strike_TheCursed","TheCursedMod:Strike_TheCursed"],"score":279,"play_id":"32c5172b-a738-4c60-8d12-a8c795ba83e7","local_time":"20201225223910","is_ascension_mode":false,"campfire_choices":[{"floor":7,"key":"RECALL"},{"data":"TheCursedMod:EmpowerCircles","floor":15,"key":"SMITH"}],"circlet_count":0,"master_deck":["TheCursedMod:Strike_TheCursed","TheCursedMod:Strike_TheCursed","TheCursedMod:Defend_TheCursed","TheCursedMod:Defend_TheCursed","TheCursedMod:Defend_TheCursed","TheCursedMod:CursedWand","TheCursedMod:CleanUpWorkshop","TheCursedMod:Dregs","TheCursedMod:Stigma","TheCursedMod:FleshFromBone","TheCursedMod:StingEye","TheCursedMod:LuckyCharm","TheCursedMod:SoulCrush","TheCursedMod:CursedArmor","ReplayTheSpireMod:Necrogeddon","TheCursedMod:CircleOfBlood","TheCursedMod:RapidMovement","TheCursedMod:WearCloak","TheCursedMod:SpitefulStrike","TheCursedMod:OutForBlood","TheCursedMod:SpitefulPray","TheCursedMod:AbyssShockwave","TheCursedMod:EmpowerCircles+1","TheCursedMod:CursedShiv","TheCursedMod:ShockAndAwe","TheCursedMod:SpreadPlague","Slimebound:CheckThePlaybook","Slimebound:Icky","TheCursedMod:HellsGateOpen","TheCursedMod:SmokeScreen","TheCursedMod:Mangle+1","TheCursedMod:SaltUponWound","TheCursedMod:CollectTribute","TheCursedMod:Torture","TheCursedMod:VitalStrike+1","TheCursedMod:ParallelWorld"],"relics":["TheCursedMod:BlackMagic101","Sundial","Question Card","BargainBundle","ReplayTheSpireMod:Lightbulb","Gremlin Food","Iron Hammer","Odd Mushroom","vexMod:BerryBomb","vexMod:FocusSash","InkBottle","OrangePellets","ChewingGum","hubris:BottledHeart","Replay:Arrowhead","Orrery","hubris:Zylophone","vexMod:RetaliationKit"],"acts_visited":["Exordium","TheCity"],"potions_floor_usage":[6,6,16,16,16,24],"damage_taken":[{"damage":7,"enemies":"2 Louse","floor":1,"turns":2},{"damage":2,"enemies":"Small Slimes","floor":3,"turns":4},{"damage":12,"enemies":"Gremlin Nob","floor":6,"turns":6},{"damage":0,"enemies":"Jaw Worm","floor":8,"turns":3},{"damage":3,"enemies":"The Mushroom Lair","floor":11,"turns":6},{"damage":3,"enemies":"Replay:BlueRogue","floor":12,"turns":8},{"damage":0,"enemies":"Large Slime","floor":14,"turns":5},{"damage":6,"enemies":"The Guardian","floor":16,"turns":8},{"damage":17,"enemies":"3 Byrds","floor":18,"turns":4},{"damage":0,"enemies":"Spheric Guardian","floor":22,"turns":5},{"damage":0,"enemies":"Slavers","floor":23,"turns":3},{"damage":0,"enemies":"Cultist and Chosen","floor":24,"turns":5},{"damage":2,"enemies":"Nightmare","floor":25,"turns":6}],"seed_played":"2203306983321035125","potions_obtained":[{"floor":1,"key":"Fire Potion"},{"floor":11,"key":"GamblersBrew"}],"is_trial":false,"path_per_floor":["M","$","M","?","?","E","R","M","T","?","?","E","$","M","R","B",null,"M","?","?","$","M","E","M","NM"],"character_chosen":"THE_CURSED","items_purchased":["Sundial","Question Card","BargainBundle","TheCursedMod:FleshFromBone","TheCursedMod:StingEye","TheCursedMod:LuckyCharm","Explosive Potion","Weak Potion","TheCursedMod:SoulCrush","TheCursedMod:CursedArmor","ReplayTheSpireMod:Necrogeddon","vexMod:FocusSash","InkBottle","OrangePellets","CultistPotion","TheCursedMod:SpitefulPray","TheCursedMod:AbyssShockwave","TheCursedMod:EmpowerCircles","TheCursedMod:HellsGateOpen","TheCursedMod:SmokeScreen","Replay:Arrowhead","CultistPotion","Energy Potion","Adrenaline Potion","Orrery","hubris:Zylophone"],"campfire_rested":0,"item_purchase_floors":[2,2,2,2,2,2,2,2,2,2,2,13,13,13,13,13,13,13,21,21,21,21,21,21,21,21],"current_hp_per_floor":[75,75,73,73,73,65,65,69,69,62,63,70,70,72,72,66,88,71,71,1,1,1,1,1,0,0],"gold":7284,"neow_bonus":"TEN_PERCENT_HP_BONUS","is_daily":false,"chose_seed":false,"campfire_upgraded":1,"win_rate":0.0,"timestamp":1608907150,"path_taken":["M","$","M","?","?","E","R","M","T","?","?","E","$","M","R","BOSS","M","?","?","$","M","E","M","NM"],"items_purchased_type":["Relic","Relic","Relic","Card","Card","Card","Potion","Potion","Card","Card","Card","Relic","Relic","Relic","Potion","Card","Card","Card","Card","Card","Relic","Potion","Potion","Potion","Relic","Relic"],"build_version":"2020-12-22","purchased_purges":3,"victory":false,"max_hp_per_floor":[82,82,82,82,82,82,82,82,82,82,82,88,88,88,88,88,88,88,88,1,1,1,1,1,1,1],"card_choices":[{"not_picked":["TheCursedMod:RapidMovement","TheCursedMod:WearCloak"],"picked":"TheCursedMod:Stigma","floor":1},{"not_picked":["TheCursedMod:CursedStaff","TheCursedMod:SoulCrush","TheCursedMod:CircleOfFocus"],"picked":"TheCursedMod:CircleOfBlood","floor":3},{"not_picked":["TheCursedMod:CursedMace","TheCursedMod:Wield","TheCursedMod:SurpriseAttack"],"picked":"TheCursedMod:RapidMovement","floor":6},{"not_picked":["TheCursedMod:FuryStrike","TheCursedMod:Torture","TheCursedMod:RavingStaff"],"picked":"TheCursedMod:WearCloak","floor":8},{"not_picked":["TheCursedMod:RavingStaff","TheCursedMod:RapidMovement","TheCursedMod:VitalStrike"],"picked":"TheCursedMod:SpitefulStrike","floor":11},{"not_picked":["TheCursedMod:HellfireBreathing","TheCursedMod:Obscuration","TheCursedMod:CircleOfBlood"],"picked":"TheCursedMod:OutForBlood","floor":12},{"not_picked":["TheCursedMod:FleshFromBone","TheCursedMod:HellfireBreathing","TheCursedMod:SoulCrush"],"picked":"TheCursedMod:CursedShiv","floor":14},{"not_picked":["TheCursedMod:DemonSword","TheCursedMod:OutForBlood","TheCursedMod:Neurasthenia"],"picked":"TheCursedMod:ShockAndAwe","floor":16},{"not_picked":["TheCursedMod:FleshFromBone","TheCursedMod:WearCloak+1","TheCursedMod:Wield"],"picked":"TheCursedMod:SpreadPlague","floor":18},{"not_picked":["TheCursedMod:CursedBoomerang","TheCursedMod:TroublousMinions","TheCursedMod:Stretching"],"picked":"TheCursedMod:Mangle+1","floor":21},{"not_picked":["TheCursedMod:DemonicPact","TheCursedMod:StingEye","TheCursedMod:ReleasedStrength"],"picked":"TheCursedMod:SaltUponWound","floor":21},{"not_picked":["TheCursedMod:CircleOfCorruption","TheCursedMod:CursedBlade","TheCursedMod:CursedAmulet+1"],"picked":"TheCursedMod:CollectTribute","floor":21},{"not_picked":["TheCursedMod:HellfireBreathing","TheCursedMod:SurpriseAttack","TheCursedMod:Stretching+1"],"picked":"TheCursedMod:Torture","floor":21},{"not_picked":["TheCursedMod:CircleOfFlame","TheCursedMod:CircleOfAmplification","TheCursedMod:Stigma"],"picked":"TheCursedMod:VitalStrike+1","floor":22},{"not_picked":["TheCursedMod:EmpowerCircles","TheCursedMod:Mangle","TheCursedMod:CursedAmulet"],"picked":"TheCursedMod:ParallelWorld","floor":23},{"not_picked":["TheCursedMod:HellsGateOpen","TheCursedMod:TacticalStrike","TheCursedMod:WearCloak","TheCursedMod:SurpriseAttack+1"],"picked":"SKIP","floor":24}],"player_experience":33960,"relics_obtained":[{"floor":6,"key":"Gremlin Food"},{"floor":11,"key":"Odd Mushroom"},{"floor":12,"key":"vexMod:BerryBomb"},{"floor":23,"key":"vexMod:RetaliationKit"}],"event_choices":[{"damage_healed":0,"gold_gain":0,"player_choice":"Left Gold","damage_taken":0,"max_hp_gain":0,"max_hp_loss":0,"event_name":"World of Goop","floor":4,"gold_loss":37},{"damage_healed":0,"gold_gain":0,"player_choice":"Success","damage_taken":7,"relics_obtained":["Iron Hammer"],"max_hp_gain":0,"max_hp_loss":0,"event_name":"Scrap Ooze","floor":10,"gold_loss":0},{"damage_healed":0,"gold_gain":0,"player_choice":"Fought Mushrooms","damage_taken":0,"max_hp_gain":0,"max_hp_loss":0,"event_name":"Mushrooms","floor":11,"gold_loss":0}],"is_beta":false,"boss_relics":[{"not_picked":["vexMod:ImprovementManual","vexMod:FluxCapacitor"],"picked":"ChewingGum"}],"items_purged_floors":[2,13,21],"is_endless":false,"potions_floor_spawned":[1,11,22,23],"killed_by":"Nightmare","ascension_level":0}}