{"host":"z5ys1wbqpsyqmecy","time":1608936914,"event":{"mods":["BaseMod","Colored Map","Colored Powertips","Minty Spire (QoL Compilation)","Relic Stats"],"gold_per_floor":[118,131,206,220,220,252,252,264,264,281,281,281,292,309,309,408,408,425,425,451,437,437,437,437],"floor_reached":23,"playtime":1732,"items_purged":[],"score":193,"play_id":"488c0cdc-ffa8-4d3a-930f-0417c6c7d128","local_time":"20201225145514","is_ascension_mode":false,"campfire_choices":[{"floor":7,"key":"REST"},{"data":"Blur","floor":12,"key":"SMITH"},{"data":"Acrobatics","floor":15,"key":"SMITH"}],"circlet_count":0,"master_deck":["Strike_G+1","Strike_G+1","Strike_G+1","Strike_G+1","Strike_G+1","Defend_G+1","Defend_G+1","Defend_G+1","Defend_G+1","Defend_G+1","Survivor","Neutralize","Acrobatics+1","Underhanded Strike","Deadly Poison+1","Dash","Blur+1","Cloak And Dagger","Prepared","Underhanded Strike","After Image","Cloak And Dagger","Tactician+1","Escape Plan+1"],"relics":["Ring of the Snake","Bottled Lightning","Letter Opener","Black Star","Red Mask"],"acts_visited":["Exordium","TheCity"],"potions_floor_usage":[16,16,20,21],"damage_taken":[{"damage":0,"enemies":"Small Slimes","floor":1,"turns":3},{"damage":2,"enemies":"2 Louse","floor":2,"turns":2},{"damage":0,"enemies":"Jaw Worm","floor":4,"turns":5},{"damage":24,"enemies":"Lagavulin","floor":6,"turns":7},{"damage":0,"enemies":"Looter","floor":8,"turns":4},{"damage":7,"enemies":"3 Louse","floor":10,"turns":4},{"damage":0,"enemies":"Exordium Wildlife","floor":13,"turns":4},{"damage":5,"enemies":"Large Slime","floor":14,"turns":7},{"damage":5,"enemies":"Slime Boss","floor":16,"turns":9},{"damage":10,"enemies":"Spheric Guardian","floor":18,"turns":6},{"damage":43,"enemies":"Masked Bandits","floor":20,"turns":7},{"damage":9,"enemies":"2 Thieves","floor":21,"turns":4},{"damage":22,"enemies":"Slavers","floor":23,"turns":3}],"seed_played":"829809950258611154","potions_obtained":[{"floor":1,"key":"CunningPotion"},{"floor":6,"key":"SpeedPotion"},{"floor":10,"key":"SmokeBomb"},{"floor":13,"key":"SkillPotion"},{"floor":20,"key":"ColorlessPotion"}],"is_trial":false,"path_per_floor":["M","M","?","M","?","E","R","M","T","M","$","R","M","M","R","B",null,"M","?","?","M","?","E"],"character_chosen":"THE_SILENT","items_purchased":[],"campfire_rested":1,"item_purchase_floors":[],"current_hp_per_floor":[63,61,50,50,33,9,34,34,34,27,27,27,27,22,22,17,84,74,74,31,22,22,0,0],"gold":437,"neow_bonus":"TWENTY_PERCENT_HP_BONUS","is_daily":false,"chose_seed":false,"campfire_upgraded":2,"win_rate":0.0,"timestamp":1608936914,"path_taken":["M","M","?","M","?","E","R","M","T","M","$","R","M","M","R","BOSS","M","?","?","M","?","E"],"items_purchased_type":[],"build_version":"2020-12-22","purchased_purges":0,"victory":false,"max_hp_per_floor":[84,84,84,84,84,84,84,84,84,84,84,84,84,84,84,84,84,84,84,84,84,84,84,84],"relic_stats":{"counters":[13,65],"Black Star":0,"Letter Opener":[99],"obtain_stats":[{"Black Star":17,"Red Mask":20,"Bottled Lightning":6,"Letter Opener":9,"Ring of the Snake":0},{"Black Star":9,"Red Mask":11,"Bottled Lightning":4,"Letter Opener":5,"Ring of the Snake":0},{"Black Star":45,"Red Mask":58,"Bottled Lightning":17,"Letter Opener":21,"Ring of the Snake":0}],"Ring of the Snake":[26]},"card_choices":[{"not_picked":["Finisher","PiercingWail"],"picked":"Acrobatics","floor":1},{"not_picked":["Calculated Gamble","Accuracy"],"picked":"Underhanded Strike","floor":2},{"not_picked":["Sucker Punch","Calculated Gamble"],"picked":"Deadly Poison","floor":4},{"not_picked":["Glass Knife","Backstab"],"picked":"Dash","floor":6},{"not_picked":["Bouncing Flask","Prepared"],"picked":"Blur","floor":8},{"not_picked":["Dagger Throw","Deadly Poison"],"picked":"Cloak And Dagger","floor":10},{"not_picked":["Leg Sweep","Quick Slash"],"picked":"Prepared","floor":13},{"not_picked":["Terror","Prepared"],"picked":"Underhanded Strike","floor":14},{"not_picked":["Malaise","Adrenaline"],"picked":"After Image","floor":16},{"not_picked":["Outmaneuver","Acrobatics"],"picked":"Cloak And Dagger","floor":18},{"not_picked":["PiercingWail","Bane+1"],"picked":"Tactician+1","floor":20},{"not_picked":["Endless Agony","Quick Slash"],"picked":"Escape Plan+1","floor":21}],"player_experience":42455,"relics_obtained":[{"floor":6,"key":"Bottled Lightning"},{"floor":9,"key":"Letter Opener"},{"floor":20,"key":"Red Mask"}],"event_choices":[{"damage_healed":0,"gold_gain":75,"player_choice":"Gather Gold","damage_taken":11,"max_hp_gain":0,"max_hp_loss":0,"event_name":"World of Goop","floor":3,"gold_loss":0},{"damage_healed":0,"gold_gain":0,"player_choice":"Entered Light","damage_taken":17,"max_hp_gain":0,"max_hp_loss":0,"event_name":"Shining Light","floor":5,"gold_loss":0,"cards_upgraded":["Defend_G","Deadly Poison"]},{"damage_healed":0,"gold_gain":0,"player_choice":"Ignored","damage_taken":0,"max_hp_gain":0,"max_hp_loss":0,"event_name":"Beggar","floor":19,"gold_loss":0},{"damage_healed":0,"gold_gain":0,"player_choice":"Fought Bandits","damage_taken":0,"max_hp_gain":0,"max_hp_loss":0,"event_name":"Masked Bandits","floor":20,"gold_loss":0},{"damage_healed":0,"gold_gain":0,"player_choice":"Simplicity","damage_taken":0,"max_hp_gain":0,"max_hp_loss":0,"event_name":"Back to Basics","floor":22,"gold_loss":0,"cards_upgraded":["Strike_G","Strike_G","Strike_G","Strike_G","Strike_G","Defend_G","Defend_G","Defend_G","Defend_G"]}],"is_beta":false,"boss_relics":[{"not_picked":["SlaversCollar","Coffee Dripper"],"picked":"Black Star"}],"items_purged_floors":[],"is_endless":false,"potions_floor_spawned":[1,6,10,13,20],"killed_by":"Slavers","ascension_level":0}}