{"host":"wfy07lporsqrbz3r","time":1608905535,"event":{"mods":["BaseMod","Minty Spire (QoL Compilation)","Replay The Spire","StSLib"],"gold_per_floor":[112,72,72,72,72,107,125,141,164,164,164],"floor_reached":10,"playtime":937,"items_purged":[],"score":182,"play_id":"4a8696aa-34e7-40d2-9dff-4e6240ffc24a","local_time":"20201225221215","is_ascension_mode":true,"campfire_choices":[],"circlet_count":0,"master_deck":["AscendersBane","Strike_G","Strike_G","Strike_G","Strike_G","Strike_G","Defend_G","Defend_G","Defend_G","Defend_G","Defend_G","Survivor","Neutralize","Reflex","Prepared+1","Regret","ReplayTheSpireMod:The Works","Expertise"],"relics":["Ring of the Snake","NeowsBlessing","Replay:Rubber Ducky","InkBottle","Bag of Preparation"],"acts_visited":["Exordium"],"potions_floor_usage":[10,10],"damage_taken":[{"damage":0.0,"enemies":"Jaw Worm","floor":1.0,"turns":1.0},{"damage":0,"enemies":"Gremlin Nob","floor":6,"turns":1},{"damage":0,"enemies":"Small Slimes","floor":7,"turns":1},{"damage":18,"enemies":"Cultist","floor":8,"turns":6},{"damage":0,"enemies":"3 Sentries","floor":10,"turns":2}],"seed_played":"3202429547338007269","potions_obtained":[{"floor":1.0,"key":"SkillPotion"},{"floor":7,"key":"SneckoOil"}],"is_trial":false,"path_per_floor":["M","$","?","?","$","E","M","M","T","E"],"character_chosen":"THE_SILENT","items_purchased":["Prepared+1"],"campfire_rested":0,"item_purchase_floors":[2],"current_hp_per_floor":[59,59,59,59,59,59,59,41,41,41,41],"gold":164,"neow_bonus":"THREE_ENEMY_KILL","is_daily":false,"chose_seed":false,"campfire_upgraded":0,"win_rate":0.0,"timestamp":1608905535,"path_taken":["M","$","?","?","?","E","M","M","T","E"],"items_purchased_type":["Card"],"build_version":"2020-12-22","purchased_purges":0,"victory":false,"max_hp_per_floor":[66,66,66,66,66,66,66,66,66,66,66],"card_choices":[{"not_picked":["Leg Sweep","Prepared"],"picked":"Reflex","floor":1.0},{"not_picked":["Escape Plan","Flying Knee","Bane"],"picked":"SKIP","floor":6},{"not_picked":["Sucker Punch","Deflect"],"picked":"ReplayTheSpireMod:The Works","floor":7},{"not_picked":["Slice","ReplayTheSpireMod:Tripwire"],"picked":"Expertise","floor":8}],"player_experience":719474,"relics_obtained":[{"floor":6,"key":"InkBottle"},{"floor":9,"key":"Bag of Preparation"}],"event_choices":[{"damage_healed":0.0,"max_hp_gain":0.0,"max_hp_loss":0.0,"gold_gain":0.0,"event_name":"Big Fish","player_choice":"Box","floor":3.0,"gold_loss":0.0,"damage_taken":0.0,"relics_obtained":["Replay:Rubber Ducky"],"cards_obtained":["Regret"]}],"is_beta":false,"boss_relics":[],"items_purged_floors":[],"is_endless":false,"potions_floor_spawned":[1,7],"killed_by":"3 Sentries","ascension_level":20}}