{"host":"p6s16n2sj7zvsuor","time":1608905471,"event":{"mods":["BaseMod","Minty Spire (QoL Compilation)"],"gold_per_floor":[118,118,118,134,35,66,66,119,143,143,171,71,71,85,85,216,216,240,265,21,21,21,21],"floor_reached":22,"playtime":1032,"items_purged":["Strike_G","Strike_G","Defend_G"],"score":238,"play_id":"d30dea7a-8f5b-4528-a1a5-beceb56d791c","local_time":"20201225161111","is_ascension_mode":true,"campfire_choices":[{"data":"Bouncing Flask","floor":7,"key":"SMITH"},{"data":"Neutralize","floor":10,"key":"SMITH"},{"floor":15,"key":"REST"}],"circlet_count":0,"master_deck":["Defend_G","Defend_G","Defend_G","Survivor","Neutralize+1","Footwork+1","Bouncing Flask+1","Backflip","Dodge and Roll","Terror","Injury","Backflip","After Image","Predator+1","Caltrops+1","Caltrops+1","Setup+1","Footwork","Footwork","Deflect","Sucker Punch"],"relics":["Ring of the Snake","Du-Vu Doll","Blood Vial","Bag of Marbles","Tiny Chest","Centennial Puzzle","Golden Idol","Astrolabe"],"acts_visited":["Exordium","TheCity"],"potions_floor_usage":[],"damage_taken":[{"damage":15,"enemies":"Jaw Worm","floor":1,"turns":6},{"damage":0,"enemies":"Small Slimes","floor":4,"turns":6},{"damage":22,"enemies":"Lagavulin","floor":6,"turns":7},{"damage":12,"enemies":"Gremlin Nob","floor":11,"turns":4},{"damage":0,"enemies":"Cultist","floor":14,"turns":4},{"damage":23,"enemies":"The Guardian","floor":16,"turns":9},{"damage":22,"enemies":"Spheric Guardian","floor":18,"turns":5},{"damage":10,"enemies":"Shell Parasite","floor":19,"turns":4},{"damage":24,"enemies":"Snake Plant","floor":22,"turns":1}],"seed_played":"-4784850202887111096","potions_obtained":[{"floor":1,"key":"Explosive Potion"},{"floor":6,"key":"DuplicationPotion"},{"floor":14,"key":"FearPotion"}],"is_trial":false,"path_per_floor":["M","?","?","M","$","E","R","T","T","R","E","$","?","M","R","B",null,"M","M","$","?","M"],"character_chosen":"THE_SILENT","items_purchased":["Backflip","Footwork","Deflect"],"campfire_rested":1,"item_purchase_floors":[5,20,20],"current_hp_per_floor":[48,48,41,43,43,23,23,23,23,23,13,13,13,15,33,12,50,30,22,22,22,0,0],"gold":21,"neow_bonus":"ONE_RARE_RELIC","is_daily":false,"chose_seed":false,"campfire_upgraded":2,"win_rate":0.0,"timestamp":1608905471,"path_taken":["M","?","?","M","?","E","R","?","T","R","E","$","?","M","R","BOSS","M","M","$","?","?"],"items_purchased_type":["Card","Card","Card"],"build_version":"2020-12-22","purchased_purges":3,"victory":false,"max_hp_per_floor":[63,63,63,63,63,63,63,63,63,63,63,63,63,63,63,63,63,63,63,63,63,63,63],"card_choices":[{"not_picked":["Caltrops","Acrobatics"],"picked":"Footwork","floor":1},{"not_picked":["Prepared","Flying Knee"],"picked":"Bouncing Flask","floor":4},{"not_picked":["Skewer","Sucker Punch"],"picked":"Dodge and Roll","floor":6},{"not_picked":["Blade Dance","Storm of Steel"],"picked":"Terror","floor":11},{"not_picked":["Expertise","Prepared"],"picked":"Backflip","floor":14},{"not_picked":["Bullet Time","Malaise"],"picked":"After Image","floor":16},{"not_picked":["Calculated Gamble","Heel Hook"],"picked":"Setup+1","floor":18},{"not_picked":["Cloak And Dagger","Predator"],"picked":"Footwork","floor":19}],"player_experience":765296,"relics_obtained":[{"floor":6,"key":"Bag of Marbles"},{"floor":9,"key":"Tiny Chest"},{"floor":11,"key":"Centennial Puzzle"}],"event_choices":[{"damage_healed":0,"gold_gain":0,"player_choice":"Grow","damage_taken":0,"max_hp_gain":0,"max_hp_loss":0,"event_name":"Living Wall","floor":2,"gold_loss":0,"cards_upgraded":["Footwork"]},{"damage_healed":0,"gold_gain":0,"player_choice":"Success","damage_taken":7,"relics_obtained":["Blood Vial"],"max_hp_gain":0,"max_hp_loss":0,"event_name":"Scrap Ooze","floor":3,"gold_loss":0},{"damage_healed":0,"gold_gain":0,"player_choice":"Take Wound","damage_taken":0,"relics_obtained":["Golden Idol"],"max_hp_gain":0,"max_hp_loss":0,"event_name":"Golden Idol","floor":13,"gold_loss":0,"cards_obtained":["Injury"]},{"damage_healed":0,"gold_gain":0,"cards_transformed":["Defend_G"],"player_choice":"Transformed","damage_taken":0,"max_hp_gain":0,"max_hp_loss":0,"event_name":"Transmorgrifier","floor":21,"gold_loss":0,"cards_obtained":["Sucker Punch"]}],"is_beta":false,"boss_relics":[{"not_picked":["Ring of the Serpent","Ectoplasm"],"picked":"Astrolabe"}],"items_purged_floors":[5,12,20],"is_endless":false,"potions_floor_spawned":[1,6,14],"killed_by":"Snake Plant","ascension_level":5}}