{"host":"q5586ea2nrmr4nty","time":1608868758,"event":{"mods":["AchievementEnabler","BaseMod","Colored Map","Colored Powertips","Custom Start","Friendly Minions","Highlight Path","Minty Spire (QoL Compilation)","Quick Restart","StSLib","SuperFastMode"],"gold_per_floor":[113,74,74,74,74,113,125,166,178,224,250,275,287,474,486,498,498],"floor_reached":16,"playtime":835,"items_purged":[],"score":174,"play_id":"f7d92f81-e3f2-46ab-8c25-56ea48b894bb","local_time":"20201225145918","is_ascension_mode":true,"campfire_choices":[{"data":"Chill","floor":7,"key":"SMITH"},{"data":"Machine Learning","floor":13,"key":"SMITH"},{"data":"Fusion","floor":15,"key":"SMITH"}],"circlet_count":0,"master_deck":["Strike_B","Strike_B","Strike_B","Defend_B","Defend_B","Defend_B","Defend_B","Zap","Dualcast","Chill+1","Self Repair","Regret","Coolheaded","Double Energy","Machine Learning+1","Fusion+1","Cold Snap+1","Doubt"],"relics":["Cracked Core","NeowsBlessing","Orichalcum","MawBank","Blue Candle","Boot","The Courier","Molten Egg 2"],"acts_visited":["Exordium"],"potions_floor_usage":[],"damage_taken":[{"damage":0,"enemies":"2 Louse","floor":1,"turns":1},{"damage":0,"enemies":"3 Sentries","floor":6,"turns":1},{"damage":0,"enemies":"Gremlin Nob","floor":8,"turns":1},{"damage":33,"enemies":"Lagavulin","floor":10,"turns":9},{"damage":1,"enemies":"Small Slimes","floor":11,"turns":4},{"damage":1,"enemies":"Cultist","floor":12,"turns":4},{"damage":70,"enemies":"The Guardian","floor":16,"turns":13}],"seed_played":"-5572115262960457993","potions_obtained":[{"floor":1,"key":"DistilledChaos"},{"floor":8,"key":"Energy Potion"}],"is_trial":false,"path_per_floor":["M","$","?","?","?","E","R","E","T","E","M","M","R","?","R","B"],"character_chosen":"DEFECT","items_purchased":["Self Repair"],"campfire_rested":0,"item_purchase_floors":[2],"current_hp_per_floor":[75,75,68,68,68,75,75,75,75,49,55,61,61,61,61,0,0],"gold":498,"neow_bonus":"THREE_ENEMY_KILL","is_daily":false,"chose_seed":false,"campfire_upgraded":3,"win_rate":0.0,"timestamp":1608868758,"path_taken":["M","$","?","?","?","E","R","E","T","E","?","M","R","?","R","BOSS"],"items_purchased_type":["Card"],"build_version":"2020-12-22","purchased_purges":0,"victory":false,"max_hp_per_floor":[75,75,75,75,75,75,75,75,75,75,75,75,75,75,75,75,75],"card_choices":[{"not_picked":["Double Energy","Cold Snap"],"picked":"Chill","floor":1},{"not_picked":["Redo","Rebound"],"picked":"Coolheaded","floor":6},{"not_picked":["Coolheaded","Hologram"],"picked":"Double Energy","floor":8},{"not_picked":["Glacier","Self Repair"],"picked":"Machine Learning","floor":10},{"not_picked":["Glacier","Rebound+1"],"picked":"Fusion","floor":11},{"not_picked":["Beam Cell+1","Reprogram"],"picked":"Cold Snap+1","floor":12}],"player_experience":104383,"relics_obtained":[{"floor":6,"key":"Blue Candle"},{"floor":8,"key":"Boot"},{"floor":9,"key":"The Courier"},{"floor":10,"key":"Molten Egg 2"}],"event_choices":[{"cards_removed":["Strike_B"],"damage_healed":0,"gold_gain":0,"player_choice":"Card Removal","damage_taken":7,"max_hp_gain":0,"max_hp_loss":0,"event_name":"Golden Wing","floor":3,"gold_loss":0},{"damage_healed":0,"gold_gain":0,"player_choice":"Box","damage_taken":0,"relics_obtained":["Orichalcum"],"max_hp_gain":0,"max_hp_loss":0,"event_name":"Big Fish","floor":4,"gold_loss":0,"cards_obtained":["Regret"]},{"damage_healed":0,"gold_gain":0,"player_choice":"Gave Potion","damage_taken":0,"relics_obtained":["MawBank"],"max_hp_gain":0,"max_hp_loss":0,"event_name":"WeMeetAgain","floor":5,"gold_loss":0},{"damage_healed":0,"gold_gain":175,"player_choice":"AGREE","damage_taken":0,"max_hp_gain":0,"max_hp_loss":0,"event_name":"Liars Game","floor":14,"gold_loss":0,"cards_obtained":["Doubt"]}],"is_beta":false,"boss_relics":[],"items_purged_floors":[],"is_endless":false,"potions_floor_spawned":[1,8],"killed_by":"The Guardian","ascension_level":1}}