{"host":"e4hse1vg61zltgzv","time":1608859278,"event":{"mods":["AchievementEnabler","BaseMod","Block Reminder","Colored Map","DeckTracker","GifTheSpireLib","Minty Spire (QoL Compilation)","Rare Cards Sparkle","StSLib","SuperFastMode","everything is the same but u backflip on backflip"],"gold_per_floor":[112,122,138,151,151,184,334,361,407,407,439,453,471,498,498,573,573,584,602,430,447,462,462,462,490,490,515,355,374,394,394,394,468,468,485,498,508,240,540,571,239,269,318,318,351,369,394,413,413,413,413,413,413,90,121,121],"floor_reached":57,"playtime":901,"items_purged":[],"score":4013,"play_id":"146cfb99-9d98-4ee8-ad32-138ee0db6e80","local_time":"20201225102118","is_ascension_mode":true,"campfire_choices":[{"floor":15,"key":"RECALL"},{"floor":23,"key":"REST"},{"floor":32,"key":"DIG"},{"floor":44,"key":"DIG"},{"floor":49,"key":"DIG"},{"floor":53,"key":"DIG"}],"circlet_count":0,"master_deck":["Calculated Gamble+1","Reflex+1","Eviscerate+1","Tactician+1","Malaise+1"],"relics":["Tough Bandages","Singing Bowl","Medical Kit","Fusion Hammer","WristBlade","WristBlade","WristBlade","WristBlade","WristBlade","WristBlade","WristBlade","Akabeko","Darkstone Periapt","Potion Belt","Strawberry","Nunchaku","Runic Dome","Omamori","Shovel","Shuriken","Torii","Chemical X","White Beast Statue","Runic Pyramid","Gremlin Horn","Regal Pillow","Calipers","Anchor","Question Card","Ornamental Fan","Smiling Mask","Kunai","Pear","TungstenRod","Eternal Feather"],"acts_visited":["Exordium","TheCity","TheBeyond","TheEnding"],"potions_floor_usage":[56,56,56,56,56,56,56],"damage_taken":[{"damage":0,"enemies":"2 Louse","floor":1,"turns":1},{"damage":0,"enemies":"Small Slimes","floor":2,"turns":1},{"damage":0,"enemies":"Cultist","floor":3,"turns":1},{"damage":0,"enemies":"Looter","floor":4,"turns":1},{"damage":0,"enemies":"Lagavulin","floor":6,"turns":1},{"damage":0,"enemies":"Gremlin Nob","floor":8,"turns":2},{"damage":0,"enemies":"3 Sentries","floor":11,"turns":1},{"damage":0,"enemies":"Red Slaver","floor":12,"turns":1},{"damage":0,"enemies":"3 Louse","floor":13,"turns":1},{"damage":0,"enemies":"Gremlin Nob","floor":14,"turns":1},{"damage":0,"enemies":"Hexaghost","floor":16,"turns":3},{"damage":0,"enemies":"3 Byrds","floor":18,"turns":1},{"damage":0,"enemies":"Chosen","floor":19,"turns":1},{"damage":0,"enemies":"Snake Plant","floor":21,"turns":1},{"damage":0,"enemies":"Shelled Parasite and Fungi","floor":22,"turns":1},{"damage":0,"enemies":"Slavers","floor":25,"turns":1},{"damage":0,"enemies":"Gremlin Leader","floor":27,"turns":1},{"damage":0,"enemies":"Cultist and Chosen","floor":29,"turns":1},{"damage":0,"enemies":"Snake Plant","floor":30,"turns":1},{"damage":0,"enemies":"Champ","floor":33,"turns":1},{"damage":0,"enemies":"3 Shapes","floor":35,"turns":1},{"damage":0,"enemies":"3 Darklings","floor":36,"turns":1},{"damage":0,"enemies":"Jaw Worm Horde","floor":37,"turns":1},{"damage":0,"enemies":"Reptomancer","floor":40,"turns":1},{"damage":0,"enemies":"Nemesis","floor":42,"turns":1},{"damage":0,"enemies":"Reptomancer","floor":45,"turns":1},{"damage":0,"enemies":"Writhing Mass","floor":46,"turns":1},{"damage":0,"enemies":"Nemesis","floor":47,"turns":1},{"damage":0,"enemies":"3 Darklings","floor":48,"turns":1},{"damage":0,"enemies":"Awakened One","floor":50,"turns":2},{"damage":0,"enemies":"Time Eater","floor":51,"turns":2},{"damage":0,"enemies":"Shield and Spear","floor":55,"turns":1},{"damage":0,"enemies":"The Heart","floor":56,"turns":4}],"seed_played":"-642256963441538366","potions_obtained":[{"floor":1,"key":"SpeedPotion"},{"floor":2,"key":"SkillPotion"},{"floor":11,"key":"Explosive Potion"},{"floor":13,"key":"Energy Potion"},{"floor":18,"key":"Ancient Potion"},{"floor":22,"key":"LiquidMemories"},{"floor":29,"key":"Block Potion"},{"floor":33,"key":"Swift Potion"},{"floor":35,"key":"GhostInAJar"},{"floor":40,"key":"EntropicBrew"}],"is_trial":false,"path_per_floor":["M","M","M","M","$","E","?","E","T","?","E","M","M","E","R","B",null,"M","M","$","M","M","R","?","E","T","E","$","M","M","?","R","B",null,"M","M","M","$","?","E","$","E","T","R","E","M","E","M","R","B","B",null,"R","$","E","B",null],"character_chosen":"THE_SILENT","items_purchased":["Omamori","Chemical X","Gremlin Horn","Calipers","TungstenRod"],"campfire_rested":1,"item_purchase_floors":[20,28,38,41,54],"current_hp_per_floor":[61,63,65,67,67,69,69,71,71,71,80,82,84,86,86,88,93,95,97,97,99,101,103,103,105,105,107,107,109,111,111,111,113,113,115,117,119,119,119,121,121,123,123,123,125,127,129,131,131,131,131,131,141,141,143,143],"gold":121,"neow_bonus":"BOSS_RELIC","is_daily":false,"chose_seed":false,"campfire_upgraded":0,"win_rate":0.0,"timestamp":1608859278,"path_taken":["M","M","M","M","$","E","?","E","T","?","E","M","M","E","R","BOSS","M","M","$","?","M","R","?","E","T","E","$","M","?","?","R","BOSS","M","M","M","$","?","E","?","E","T","R","E","?","E","M","R","BOSS","BOSS","R","$","E","BOSS"],"items_purchased_type":["Relic","Relic","Relic","Relic","Relic"],"build_version":"2020-12-22","purchased_purges":0,"victory":true,"max_hp_per_floor":[68,70,72,74,74,76,76,78,78,78,87,89,91,93,93,95,95,97,99,99,101,103,103,103,105,105,107,107,109,111,111,111,113,113,115,117,119,119,119,121,121,123,123,123,125,127,129,131,131,131,131,131,141,141,143,143],"card_choices":[{"not_picked":["Crippling Poison","Deflect","Escape Plan"],"picked":"Singing Bowl","floor":1},{"not_picked":["Deadly Poison","Slice","Sucker Punch"],"picked":"Singing Bowl","floor":2},{"not_picked":["Infinite Blades","Outmaneuver","Dodge and Roll"],"picked":"Singing Bowl","floor":3},{"not_picked":["Calculated Gamble","Infinite Blades","Slice"],"picked":"Singing Bowl","floor":4},{"not_picked":["Deadly Poison","Poisoned Stab","Expertise"],"picked":"Singing Bowl","floor":6},{"not_picked":["Predator","Flying Knee","Dagger Throw"],"picked":"Singing Bowl","floor":8},{"not_picked":["Backflip","Tools of the Trade","Infinite Blades"],"picked":"Singing Bowl","floor":11},{"not_picked":["Outmaneuver","Dagger Spray","Dagger Throw"],"picked":"Singing Bowl","floor":12},{"not_picked":["PiercingWail","Quick Slash","Accuracy"],"picked":"Singing Bowl","floor":13},{"not_picked":["Dagger Throw","Tactician","After Image"],"picked":"Singing Bowl","floor":14},{"not_picked":["Tools of the Trade","A Thousand Cuts","Envenom"],"picked":"Singing Bowl","floor":16},{"not_picked":["Quick Slash","Eviscerate","Acrobatics"],"picked":"Singing Bowl","floor":18},{"not_picked":["Deflect","Choke","Underhanded Strike+1"],"picked":"Singing Bowl","floor":19},{"not_picked":["Escape Plan","Deadly Poison","Underhanded Strike"],"picked":"Singing Bowl","floor":21},{"not_picked":["Dodge and Roll","Poisoned Stab","Dagger Throw"],"picked":"Singing Bowl","floor":22},{"not_picked":["Skewer","Dagger Throw","Accuracy"],"picked":"Singing Bowl","floor":25},{"not_picked":["Adrenaline","Choke","Envenom"],"picked":"Singing Bowl","floor":27},{"not_picked":["Bane","Outmaneuver","Dagger Spray"],"picked":"Singing Bowl","floor":29},{"not_picked":["Deflect","Slice","Cloak And Dagger"],"picked":"Singing Bowl","floor":30},{"not_picked":["After Image","Night Terror","Malaise"],"picked":"Singing Bowl","floor":33},{"not_picked":["Underhanded Strike","Dash","Deadly Poison"],"picked":"Singing Bowl","floor":35},{"not_picked":["Prepared","Dagger Spray+1","Skewer+1"],"picked":"Singing Bowl","floor":36},{"not_picked":["Sucker Punch","Prepared","Blade Dance+1"],"picked":"Singing Bowl","floor":37},{"not_picked":["Doppelganger","Caltrops","Flying Knee"],"picked":"Singing Bowl","floor":40},{"not_picked":["Leg Sweep+1","Blade Dance","Outmaneuver+1"],"picked":"Singing Bowl","floor":42},{"not_picked":["Underhanded Strike+1","Calculated Gamble","Dash+1","Quick Slash"],"picked":"Singing Bowl","floor":45},{"not_picked":["Storm of Steel","Sucker Punch","Endless Agony","Dodge and Roll"],"picked":"Singing Bowl","floor":46},{"not_picked":["Flying Knee","Acrobatics","Cloak And Dagger","Distraction"],"picked":"Singing Bowl","floor":47},{"not_picked":["Bane","Dagger Throw","Deadly Poison+1","Dagger Spray"],"picked":"Singing Bowl","floor":48},{"not_picked":["Doppelganger","Cloak And Dagger","Concentrate","PiercingWail+1"],"picked":"Singing Bowl","floor":55}],"player_experience":757845,"relics_obtained":[{"floor":6,"key":"Akabeko"},{"floor":8,"key":"Darkstone Periapt"},{"floor":9,"key":"Potion Belt"},{"floor":11,"key":"Strawberry"},{"floor":14,"key":"Nunchaku"},{"floor":25,"key":"Shuriken"},{"floor":27,"key":"Torii"},{"floor":32,"key":"White Beast Statue"},{"floor":40,"key":"Regal Pillow"},{"floor":43,"key":"Anchor"},{"floor":44,"key":"Question Card"},{"floor":45,"key":"Ornamental Fan"},{"floor":47,"key":"Smiling Mask"},{"floor":49,"key":"Kunai"},{"floor":53,"key":"Pear"},{"floor":55,"key":"Eternal Feather"}],"event_choices":[{"damage_healed":0,"gold_gain":150,"player_choice":"AGREE","damage_taken":0,"max_hp_gain":0,"max_hp_loss":0,"event_name":"Liars Game","floor":7,"gold_loss":0,"cards_obtained":["Doubt"]},{"cards_removed":["Doubt"],"damage_healed":0,"gold_gain":0,"player_choice":"Card Removal","damage_taken":0,"max_hp_gain":0,"max_hp_loss":0,"event_name":"Wheel of Change","floor":10,"gold_loss":0},{"damage_healed":0,"gold_gain":0,"player_choice":"0 cards matched","damage_taken":0,"max_hp_gain":0,"max_hp_loss":0,"event_name":"Match and Keep!","floor":24,"gold_loss":0,"cards_obtained":[]},{"damage_healed":0,"gold_gain":0,"player_choice":"Ignored","damage_taken":0,"max_hp_gain":0,"max_hp_loss":0,"event_name":"Cursed Tome","floor":31,"gold_loss":0},{"damage_healed":0,"gold_gain":300,"player_choice":"Gold","damage_taken":0,"max_hp_gain":0,"max_hp_loss":0,"event_name":"Wheel of Change","floor":39,"gold_loss":0}],"is_beta":false,"boss_relics":[{"not_picked":["Ectoplasm","Pandora\u0027s Box"],"picked":"Runic Dome"},{"not_picked":["Coffee Dripper","SlaversCollar"],"picked":"Runic Pyramid"}],"items_purged_floors":[],"is_endless":false,"potions_floor_spawned":[1,2,4,11,13,18,22,25,29,30,33,35,36,37,40,42,45,46,47,48,55],"ascension_level":20}}