{"host":"qy1e0kd24tpj3i2m","time":1608925406,"event":{"mods":["Act Like it!","Alarm Clock","BaseMod","Better Skull","Better Vampires","Colored Map","Colored Powertips","Custom Start","Faster Ascension Climbing","Friendly Minions","GifTheSpireLib","Gremlin Skip","Highlight Path","Minty Spire (QoL Compilation)","Permanent Neow","Quick Restart","Red Circlet Mod","Relic Sorter","Reorder Act Four","SacredBarkPlus","Shop Mod","StSLib","SuperFastMode","Transform Curses","没有小屋子和绿帽子啦"],"gold_per_floor":[118,135,135,410,423,453,73,73,73,73,73],"floor_reached":10,"playtime":251,"items_purged":["Regret"],"score":132,"play_id":"bf62f092-1c81-4706-ba99-d596e79b829a","local_time":"20201226044326","is_ascension_mode":true,"campfire_choices":[{"data":"Rupture","floor":8,"key":"SMITH"}],"circlet_count":0,"master_deck":["AscendersBane","Strike_R","Strike_R","Strike_R+1","Strike_R","Strike_R","Defend_R","Defend_R","Defend_R","Defend_R","Bash","Rupture+1","Shrug It Off","Shrug It Off+1","Sword Boomerang"],"relics":["Burning Blood","Question Card","MerchantsRug","Sling","Sundial"],"acts_visited":["Exordium"],"potions_floor_usage":[],"damage_taken":[{"damage":7.0,"enemies":"Cultist","floor":1.0,"turns":4.0},{"damage":0.0,"enemies":"2 Louse","floor":2.0,"turns":3.0},{"damage":10.0,"enemies":"Jaw Worm","floor":5.0,"turns":5.0},{"damage":39.0,"enemies":"Lagavulin","floor":6.0,"turns":10.0},{"damage":37,"enemies":"Gremlin Nob","floor":10,"turns":3}],"seed_played":"-8002888310562151765","potions_obtained":[{"floor":1.0,"key":"Energy Potion"},{"floor":6.0,"key":"ElixirPotion"}],"is_trial":false,"path_per_floor":["M","M","?","?","M","E","$","R","T","E"],"character_chosen":"IRONCLAD","items_purchased":["MerchantsRug","Sling"],"campfire_rested":0,"item_purchase_floors":[7,7],"current_hp_per_floor":[67,73,50,50,46,13,13,13,13,0,0],"gold":73,"neow_bonus":"THREE_CARDS","is_daily":false,"chose_seed":false,"campfire_upgraded":1,"win_rate":0.0,"timestamp":1608925406,"path_taken":["M","?","?","?","?","E","$","R","T","E"],"items_purchased_type":["Relic","Relic"],"build_version":"2020-12-22","purchased_purges":1,"victory":false,"max_hp_per_floor":[75,75,75,75,75,75,75,75,75,75,75],"card_choices":[{"not_picked":["Flex","Heavy Blade"],"picked":"Rupture","floor":0.0},{"not_picked":["Fire Breathing","Warcry"],"picked":"Shrug It Off","floor":1.0},{"not_picked":["Heavy Blade","Flex"],"picked":"Shrug It Off","floor":2.0},{"not_picked":["Flex","Infernal Blade","Shockwave"],"picked":"SKIP","floor":5.0},{"not_picked":["True Grit","Body Slam"],"picked":"Sword Boomerang","floor":6.0}],"player_experience":912932,"relics_obtained":[{"floor":6.0,"key":"Question Card"},{"floor":9,"key":"Sundial"}],"event_choices":[{"damage_healed":0.0,"max_hp_gain":0.0,"max_hp_loss":0.0,"gold_gain":0.0,"event_name":"Shining Light","player_choice":"Entered Light","floor":3.0,"gold_loss":0.0,"damage_taken":23.0,"cards_upgraded":["Shrug It Off","Strike_R"]},{"damage_healed":0.0,"max_hp_gain":0.0,"max_hp_loss":0.0,"gold_gain":275.0,"event_name":"Golden Shrine","player_choice":"Desecrate","floor":4.0,"gold_loss":0.0,"damage_taken":0.0,"cards_obtained":["Regret"]}],"is_beta":false,"boss_relics":[],"items_purged_floors":[7],"is_endless":false,"potions_floor_spawned":[1,6],"killed_by":"Gremlin Nob","ascension_level":20}}