{"host":"htqwg582tjjtn9p7","time":1608875082,"event":{"mods":["2.2 Compatiblity","AchievementEnabler","Act Like it!","Aspiration","BaseMod","Better Third Choice","Colored Map","Conspire","Curses Come First","Displayed Cursed Tome","Energized Spire","Force Act Four","GifTheSpireLib","Hermit","Highlight Path","JesterMod","Mad Scientist","Minty Spire (QoL Compilation)","Pale of the Ancients","Permanent Neow","Random Character Button","Relic Stats","Replay The Spire","Robot Space Explorer","Somnambulant","Spicy Shops","Spikes Relics","StSLib","Stuff the Spire","The Blue Laboratory","The Disciple","The Dragon Tamer","The Forsaken","The Gatherer","The Judge","The Jungle","The Marked","The Runesmith","The Servant 0.9.4"],"gold_per_floor":[110,126,57,57,74,74,107,168,168,168,168,188,188,199,199,274,274,290,290,310,321,341,376,376,401,426,426,442,442,530,69,69,143,143,163,163,216,229,109,141,161,82,82,82,115,135,153,153,153,153,153,170,170,170,170,190,190,62,62,62,62],"floor_reached":60,"playtime":3078,"items_purged":["Pain","CommonCold","Strike_R"],"score":1778,"play_id":"bde657fb-4314-4987-aae4-e0711349c3f6","local_time":"20201225064442","is_ascension_mode":true,"campfire_choices":[{"floor":6,"key":"REST"},{"floor":11,"key":"REST"},{"data":"Barricade","floor":13,"key":"SMITH"},{"floor":15,"key":"REST"},{"floor":24,"key":"REST"},{"floor":27,"key":"REST"},{"floor":29,"key":"REST"},{"floor":32,"key":"REST"},{"floor":44,"key":"REST"},{"data":"Disarm","floor":49,"key":"SMITH"},{"data":"conspire:Charge","floor":55,"key":"SMITH"},{"data":"True Grit","floor":57,"key":"SMITH"}],"circlet_count":0,"master_deck":["AscendersBane","Strike_R","Strike_R","Strike_R","Defend_R","Defend_R+1","Defend_R","Defend_R","Bash","StuffTheSpire:RagingBull","Ghostly Armor","Metallicize","Pommel Strike","Feel No Pain","True Grit+1","Barricade+1","Cleave","Feed","Rampage+1","Combust","Inflame","BottledTime","StarChef","RealityMarble","Feed+1","StuffTheSpire:Slingshot+1","BestPractice+1","conspire:Charge+1","Disarm","ReplayTheSpireMod:Stacked","Luminosity+1","ShiftingGears","Disarm+1","Defy"],"relics":["Replay:Bronze Core","WarpedTongs","theForsaken:ScaryMask","conspire:TopHat","Smiling Mask","aspiration:ServantSkillbook","StuffTheSpire:SapphireSignet","Art of War","Orichalcum","Replay:Rubber Ducky","Iron Hammer","TheAbacus","Replay:Fungal Core","Ring of Misfortune","StuffTheSpire:DarkSteelAnvil","aspiration:FetidBarrel","Red Skull","StrikeDummy","paleoftheancients:Timepiece","Gremlin Horn","CultistMask","paleoftheancients:SoulOfTheCollector","StuffTheSpire:CocoNut"],"acts_visited":["Exordium","TheCity","TheBeyond","TheBeyond"],"potions_floor_usage":[23,50,60,60],"damage_taken":[{"damage":7,"enemies":"Jaw Worm","floor":1,"turns":4},{"damage":1,"enemies":"Cultist","floor":2,"turns":3},{"damage":2,"enemies":"2 Louse","floor":5,"turns":4},{"damage":21,"enemies":"Gremlin Nob","floor":7,"turns":4},{"damage":15,"enemies":"Gremlin Nob","floor":8,"turns":4},{"damage":12,"enemies":"Lots of Slimes","floor":12,"turns":6},{"damage":0,"enemies":"Large Slime","floor":14,"turns":6},{"damage":32,"enemies":"The Guardian","floor":16,"turns":15},{"damage":16,"enemies":"conspire:FuzzyDice","floor":18,"turns":7},{"damage":0,"enemies":"Shell Parasite","floor":20,"turns":8},{"damage":0,"enemies":"conspire:HollyBat","floor":21,"turns":7},{"damage":0,"enemies":"Centurion and Healer","floor":22,"turns":9},{"damage":5,"enemies":"conspire:SneckoGhost","floor":23,"turns":13},{"damage":67,"enemies":"Book of Stabbing","floor":25,"turns":6},{"damage":39,"enemies":"Snake Plant","floor":28,"turns":7},{"damage":0,"enemies":"Automaton","floor":33,"turns":11},{"damage":5,"enemies":"3 Shapes","floor":35,"turns":6},{"damage":11,"enemies":"conspire:MimicChest","floor":37,"turns":12},{"damage":0,"enemies":"3 Darklings","floor":38,"turns":9},{"damage":0,"enemies":"R_Hoarder","floor":40,"turns":7},{"damage":1,"enemies":"Spire Growth","floor":41,"turns":7},{"damage":0,"enemies":"Giant Head","floor":45,"turns":9},{"damage":0,"enemies":"Transient","floor":46,"turns":5},{"damage":1,"enemies":"3 Darklings","floor":47,"turns":7},{"damage":0,"enemies":"Time Eater","floor":50,"turns":11},{"damage":111,"enemies":"Time Eater","floor":51,"turns":5},{"damage":32,"enemies":"Time Eater","floor":52,"turns":13},{"damage":0,"enemies":"Time Eater","floor":56,"turns":10},{"damage":113,"enemies":"paleoftheancients:N","floor":60,"turns":5}],"seed_played":"-8051246532320745634","potions_obtained":[{"floor":1,"key":"Doom Potion"},{"floor":8,"key":"DuplicationPotion"},{"floor":35,"key":"ColorlessPotion"},{"floor":41,"key":"blueLaboratory:RememoryPotion"}],"is_trial":false,"path_per_floor":["M","M","$","?","M","R","E","?","T","?","R","M","R","M","R_BF","B",null,"M","?","M","M","M","E","R","E","T","R","M","R","?","$","R","B",null,"M","?","?","M","$","E","M","$","T","R","E","M","M","T","R","B","M","M","?","T","R","M","R","$","?","B"],"character_chosen":"IRONCLAD","items_purchased":["Metallicize","Iron Hammer","TheAbacus","conspire:Charge","Luminosity","DuplicationPotion"],"campfire_rested":8,"item_purchase_floors":[3,31,31,39,42,58],"current_hp_per_floor":[61,60,60,60,58,75,54,39,39,39,61,49,49,49,71,39,66,50,50,54,54,57,56,81,14,14,39,4,29,29,29,54,54,78,76,76,69,74,74,79,78,78,78,103,103,103,107,107,107,108,108,94,94,101,101,108,108,108,108,0,0],"gold":62,"neow_bonus":"BOSS_RELIC","is_daily":false,"chose_seed":false,"campfire_upgraded":4,"win_rate":0.0,"timestamp":1608875082,"path_taken":["M","M","$","?","?","R","E","?","T","?","R","?","R","M","R_BF","BOSS","M","?","M","?","M","E","R","E","T","R","?","R","?","$","R","BOSS","M","?","?","?","$","E","M","$","T","R","E","M","M","?","R","BOSS","M","M","?","T","R","M","R","$","?","BOSS"],"items_purchased_type":["Card","Relic","Relic","Card","Card","Potion"],"build_version":"2020-12-22","purchased_purges":3,"victory":false,"max_hp_per_floor":[75,75,75,75,75,75,75,75,75,75,75,75,75,75,75,75,75,75,75,79,79,82,86,86,86,86,86,86,86,86,86,86,86,86,89,89,93,98,98,103,103,103,103,103,103,103,108,108,108,108,108,108,108,115,115,115,115,115,115,115,115],"relic_stats":{"TheAbacus":[144],"Gremlin Horn":[29,29],"counters":[29,219],"Art of War":[14],"Orichalcum":[72],"Smiling Mask":150,"obtain_stats":[{"theForsaken:ScaryMask":7,"Gremlin Horn":50,"Smiling Mask":9,"theForsaken:Gavel":40,"Burning Blood":0,"conspire:TopHat":8,"Replay:Rubber Ducky":30,"StuffTheSpire:SapphireSignet":23,"TheAbacus":31,"Replay:Bronze Core":0,"Iron Hammer":31,"Red Skull":45,"Replay:Fungal Core":34,"aspiration:FetidBarrel":43,"Orichalcum":26,"WarpedTongs":4,"paleoftheancients:Timepiece":50,"Ring of Misfortune":36,"aspiration:ServantSkillbook":17,"StuffTheSpire:DarkSteelAnvil":37,"StuffTheSpire:CocoNut":54,"CultistMask":50,"Art of War":25,"paleoftheancients:SoulOfTheCollector":52,"StrikeDummy":48},{"theForsaken:ScaryMask":4,"Gremlin Horn":25,"Smiling Mask":5,"theForsaken:Gavel":20,"Burning Blood":0,"conspire:TopHat":5,"Replay:Rubber Ducky":15,"StuffTheSpire:SapphireSignet":13,"TheAbacus":15,"Replay:Bronze Core":0,"Iron Hammer":15,"Red Skull":22,"Replay:Fungal Core":16,"aspiration:FetidBarrel":21,"Orichalcum":14,"WarpedTongs":2,"paleoftheancients:Timepiece":25,"Ring of Misfortune":17,"aspiration:ServantSkillbook":8,"StuffTheSpire:DarkSteelAnvil":18,"StuffTheSpire:CocoNut":27,"CultistMask":25,"Art of War":14,"paleoftheancients:SoulOfTheCollector":27,"StrikeDummy":24},{"theForsaken:ScaryMask":15,"Gremlin Horn":186,"Smiling Mask":19,"theForsaken:Gavel":148,"Burning Blood":0,"conspire:TopHat":19,"Replay:Rubber Ducky":103,"StuffTheSpire:SapphireSignet":90,"TheAbacus":103,"Replay:Bronze Core":0,"Iron Hammer":103,"Red Skull":164,"Replay:Fungal Core":114,"aspiration:FetidBarrel":155,"Orichalcum":96,"WarpedTongs":7,"paleoftheancients:Timepiece":186,"Ring of Misfortune":120,"aspiration:ServantSkillbook":46,"StuffTheSpire:DarkSteelAnvil":132,"StuffTheSpire:CocoNut":204,"CultistMask":186,"Art of War":96,"paleoftheancients:SoulOfTheCollector":204,"StrikeDummy":176}],"WarpedTongs":[183]},"card_choices":[{"not_picked":["Warcry","Clothesline"],"picked":"StuffTheSpire:RagingBull","floor":1},{"not_picked":["Shrug It Off","Body Slam"],"picked":"Ghostly Armor","floor":2},{"not_picked":["Hemokinesis","Replay:Undeath\u0027s Touch"],"picked":"Pommel Strike","floor":5},{"not_picked":["Warcry","Uppercut"],"picked":"Feel No Pain","floor":7},{"not_picked":["Clothesline","Clash"],"picked":"True Grit","floor":8},{"not_picked":["Wild Strike","StuffTheSpire:Pyroclast"],"picked":"Barricade","floor":12},{"not_picked":["Perfected Strike","ReplayTheSpireMod:Strike From Hell"],"picked":"Cleave","floor":14},{"not_picked":["Eclipse","Brutality"],"picked":"Feed","floor":16},{"not_picked":["True Grit","Armaments","Unruled"],"picked":"Rampage+1","floor":18},{"not_picked":["StuffTheSpire:RockThrow","Clash","Wild Strike"],"picked":"Inflame","floor":20},{"not_picked":["Twin Strike","Headbutt","Spin","Perfected Strike"],"picked":"SKIP","floor":21},{"not_picked":["StuffTheSpire:BloodClot","Rewind","Shuttle","Pommel Strike"],"picked":"SKIP","floor":22},{"not_picked":["Dual Wield","Dark Embrace","StuffTheSpire:Pyroclast+1"],"picked":"BottledTime","floor":23},{"not_picked":["Hemogenesis","Anger","Perfected Strike"],"picked":"StarChef","floor":25},{"not_picked":["Shrug It Off","Sunlight","Twin Strike"],"picked":"RealityMarble","floor":28},{"not_picked":["LightFlow","Dilation","Barricade"],"picked":"Feed","floor":33},{"not_picked":["ShatteredReality","Alleviate+1","Misdirection"],"picked":"StuffTheSpire:Slingshot+1","floor":35},{"not_picked":["Replay:Undeath\u0027s Touch","Headbutt","Desolation"],"picked":"BestPractice+1","floor":37},{"not_picked":["Barricade","Searing Blow","Wild Strike+1","Spin+1"],"picked":"SKIP","floor":38},{"not_picked":["Run Through","TimeWarp","Unruled"],"picked":"Disarm","floor":40},{"not_picked":["Rewind","Run Through+1","Starlight+1"],"picked":"ReplayTheSpireMod:Stacked","floor":41},{"not_picked":["Power Through","Sunlight","GearUp","Heavy Blade"],"picked":"SKIP","floor":45},{"not_picked":["Intimidate","Power Through","Alleviate"],"picked":"ShiftingGears","floor":46},{"not_picked":["ShatteredReality","FastForward","Alleviate"],"picked":"Disarm","floor":47},{"not_picked":["Dilation","Pommel Strike","Perfected Strike","Alleviate+1"],"picked":"SKIP","floor":52},{"not_picked":["StuffTheSpire:Ambrosia","StuffTheSpire:BrainWave"],"picked":"StuffTheSpire:Perfection","floor":53},{"not_picked":["Replay:Undeath\u0027s Touch+1","Sword Boomerang","ReplayTheSpireMod:Corrosion Curse"],"picked":"Defy","floor":56}],"player_experience":1773525,"relics_obtained":[{"floor":7,"key":"theForsaken:ScaryMask"},{"floor":8,"key":"conspire:TopHat"},{"floor":9,"key":"Smiling Mask"},{"floor":23,"key":"StuffTheSpire:SapphireSignet"},{"floor":25,"key":"Art of War"},{"floor":26,"key":"Orichalcum"},{"floor":30,"key":"Replay:Rubber Ducky"},{"floor":36,"key":"Ring of Misfortune"},{"floor":37,"key":"StuffTheSpire:DarkSteelAnvil"},{"floor":40,"key":"theForsaken:Gavel"},{"floor":43,"key":"aspiration:FetidBarrel"},{"floor":45,"key":"Red Skull"},{"floor":48,"key":"StrikeDummy"},{"floor":52,"key":"paleoftheancients:SoulOfTheCollector"},{"floor":54,"key":"StuffTheSpire:CocoNut"}],"event_choices":[{"damage_healed":0,"gold_gain":0,"player_choice":"Rummage","damage_taken":0,"relics_obtained":["WarpedTongs"],"max_hp_gain":0,"max_hp_loss":0,"event_name":"Accursed Blacksmith","floor":4,"gold_loss":0,"cards_obtained":["Pain"]},{"damage_healed":0,"gold_gain":0,"player_choice":"Searched \u00271\u0027 times","damage_taken":0,"max_hp_gain":0,"max_hp_loss":0,"event_name":"Dead Adventurer","floor":8,"gold_loss":0},{"cards_removed":["Pain"],"damage_healed":0,"gold_gain":0,"player_choice":"Purged","damage_taken":0,"max_hp_gain":0,"max_hp_loss":0,"event_name":"Purifier","floor":10,"gold_loss":0},{"damage_healed":0,"gold_gain":0,"cards_transformed":["Strike_R"],"player_choice":"Transformed","damage_taken":0,"max_hp_gain":0,"max_hp_loss":0,"event_name":"Transmorgrifier","floor":19,"gold_loss":0,"cards_obtained":["Combust"]}],"is_beta":false,"boss_relics":[{"not_picked":["energizedSpire:EnergizedDie","conspire:RoyalGoblet"],"picked":"aspiration:ServantSkillbook"},{"not_picked":["energizedSpire:DecayingSkull","ReplayTheSpireMod:DimensionalGlitch"],"picked":"Replay:Fungal Core"}],"items_purged_floors":[31,39,58],"is_endless":false,"potions_floor_spawned":[1,8,16,18,22,35,41,45,46,52],"killed_by":"paleoftheancients:N","ascension_level":15}}