{"host":"o5jvvi5yapo90aia","time":1608906667,"event":{"mods":["BaseMod","CapriCore","Minty Spire (QoL Compilation)","MostiFishMod","Prisma Mod","Spicy Shops","StSLib","TestMod","The Immortal","Yakumo Yukari mod","【人物mod】游戏王New YuGiOh mod","【功能Mod】Neow奖励"],"gold_per_floor":[114,114,114,114,39,74,74,74,74,98,129,147,185,85,85,190,190,211,211,240,260,980,1018,1018,1018,1018],"floor_reached":24,"playtime":1093,"items_purged":["MokouMod:Defend","MokouMod:Strike"],"score":450,"play_id":"af8e62dc-3a23-4b5e-8b9f-1b6dbea4a1c8","local_time":"20201225223107","is_ascension_mode":true,"campfire_choices":[{"data":"MostiFishMod:SephirahHod","floor":8.0,"key":"SMITH"},{"data":"MokouMod:Defend","floor":15.0,"key":"PURGE"}],"circlet_count":0,"master_deck":["MokouMod:Strike","MokouMod:Defend","MokouMod:HeatSpark","MostiFishMod:SephirahHod+1","MokouMod:BurningDraft","MokouMod:Geothermal","MokouMod:WarmUp","MokouMod:ResonatingAura","MokouMod:FujiyamaVolcano+1","MokouMod:EternalBurstReactor"],"relics":["DaveBox","testmod-TestBox","Empty Cage","MostiFishMod:Hod","testmod-GiftOfSatan","SynthV:TestCard","Bag of Marbles","CultistMask","Thread and Needle","Mummified Hand","ChiXiaoBlade","testmod-LifeArmor"],"acts_visited":["Exordium","TheCity"],"potions_floor_usage":[],"damage_taken":[{"damage":0.0,"enemies":"Small Slimes","floor":1.0,"turns":2.0},{"damage":8.0,"enemies":"Lagavulin","floor":6.0,"turns":4.0},{"damage":0.0,"enemies":"2 Louse","floor":10.0,"turns":1.0},{"damage":0.0,"enemies":"3 Sentries","floor":11.0,"turns":3.0},{"damage":0.0,"enemies":"Cultist","floor":12.0,"turns":1.0},{"damage":0.0,"enemies":"Lagavulin","floor":13.0,"turns":2.0},{"damage":0.0,"enemies":"Slime Boss","floor":16.0,"turns":4.0},{"damage":0.0,"enemies":"Chosen","floor":18.0,"turns":2.0},{"damage":0.0,"enemies":"2 Thieves","floor":20.0,"turns":2.0},{"damage":0.0,"enemies":"Centurion and Healer","floor":21.0,"turns":1.0},{"damage":0.0,"enemies":"Slavers","floor":23.0,"turns":2.0},{"damage":0,"enemies":"Chosen and Byrds","floor":24,"turns":1}],"seed_played":"1690459250191012244","potions_obtained":[{"floor":11.0,"key":"Ancient Potion"},{"floor":13.0,"key":"Swift Potion"},{"floor":16.0,"key":"Dexterity Potion"}],"is_trial":false,"path_per_floor":["M","?","?","?","$","E","?","R","T","M","E","M","E","$","R","B",null,"M","?","M","M","?","E","M"],"character_chosen":"MKU","items_purchased":[],"campfire_rested":0,"item_purchase_floors":[],"current_hp_per_floor":[75,75,68,61,61,65,65,65,65,67,69,71,73,73,73,82,82,89,89,103,103,21,44,44,44,44],"gold":1018,"neow_bonus":"BOSS_RELIC","is_daily":false,"chose_seed":false,"campfire_upgraded":1,"win_rate":0.0,"timestamp":1608906667,"path_taken":["M","?","?","?","$","E","?","R","T","?","E","M","E","?","R","BOSS","M","?","M","?","?","E","M"],"items_purchased_type":[],"build_version":"2020-12-22","purchased_purges":2,"victory":false,"max_hp_per_floor":[75,75,75,75,75,75,75,75,75,75,75,75,75,75,75,82,82,89,89,103,103,103,110,110,110,110],"card_choices":[{"not_picked":["MokouMod:Ember","MokouMod:Firecracker","MokouMod:FlareStarter"],"picked":"SKIP","floor":1.0},{"not_picked":["MokouMod:UncontrollableSolarReaction","MokouMod:ScorchingColumn","MokouMod:FujiyamaVolcano","MokouMod:SearingShot"],"picked":"MokouMod:BurningDraft","floor":2.0},{"not_picked":["MokouMod:CrimsonArmoury","MokouMod:Ember","MokouMod:CrimsonFlare","MokouMod:InfernalWave","MokouMod:ExplosiveFlame"],"picked":"SKIP","floor":6.0},{"not_picked":["MokouMod:IgneousBlow","MokouMod:Burn","MokouMod:InfernalWave","MokouMod:Afterburner","MokouMod:Stoke"],"picked":"SKIP","floor":10.0},{"not_picked":["MokouMod:TemporalFireSeal","MokouMod:DanceofFlames","MokouMod:ScorchedEarth","MokouMod:Overheat","MokouMod:Stoke"],"picked":"SKIP","floor":11.0},{"not_picked":["MokouMod:IgnitionBarrier","MokouMod:Firecracker","MokouMod:ScorchingColumn","MokouMod:IndiscriminateIgnition"],"picked":"MokouMod:Geothermal","floor":12.0},{"not_picked":["MokouMod:PhoenixFeathers","MokouMod:Cataclysm","MokouMod:HeatCyclone","MokouMod:InfernalWave"],"picked":"MokouMod:WarmUp","floor":13.0},{"not_picked":["MokouMod:BurningHiddenBullet","MokouMod:Extinguish","MokouMod:SearingBlow","MokouMod:Rekindle"],"picked":"MokouMod:ResonatingAura","floor":16.0},{"not_picked":["MokouMod:IgneousBlow","MokouMod:Ember","MokouMod:EternalBurstReactor+1","MokouMod:Cataclysm"],"picked":"MokouMod:FujiyamaVolcano+1","floor":18.0},{"not_picked":["MokouMod:ShiftIgnition","MokouMod:TemporalFireSeal","MokouMod:Fireball","MokouMod:BurningDraft","MokouMod:Sear"],"picked":"SKIP","floor":20.0},{"not_picked":["MokouMod:FusionFlare","MokouMod:RetainTemperature","MokouMod:AdaptivePyromancy+1","MokouMod:Extinguish","MokouMod:EternalBurstReactor"],"picked":"SKIP","floor":21.0},{"not_picked":["MokouMod:Ember","MokouMod:InfernalWave","MokouMod:Stoke","MokouMod:Singe","MokouMod:IgneousBlow+1"],"picked":"SKIP","floor":23.0}],"player_experience":1351103,"relics_obtained":[{"floor":1.0,"key":"SynthV:TestCard"},{"floor":11.0,"key":"Thread and Needle"},{"floor":13.0,"key":"Mummified Hand"},{"floor":23.0,"key":"testmod-LifeArmor"}],"event_choices":[{"damage_healed":0.0,"max_hp_gain":0.0,"max_hp_loss":0.0,"gold_gain":0.0,"event_name":"给自己的盒子","player_choice":"Swap Relic","floor":2.0,"relics_lost":["Orrery"],"gold_loss":0.0,"damage_taken":0.0,"relics_obtained":["Orrery"]},{"cards_removed":["MokouMod:Strike"],"damage_healed":0.0,"max_hp_gain":0.0,"max_hp_loss":0.0,"gold_gain":0.0,"event_name":"Golden Wing","player_choice":"Card Removal","floor":3.0,"gold_loss":0.0,"damage_taken":7.0},{"damage_healed":0.0,"max_hp_gain":0.0,"max_hp_loss":0.0,"gold_gain":0.0,"event_name":"Scrap Ooze","player_choice":"Success","floor":4.0,"gold_loss":0.0,"damage_taken":7.0,"relics_obtained":["Bag of Marbles"]},{"damage_healed":0.0,"max_hp_gain":0.0,"max_hp_loss":0.0,"gold_gain":0.0,"event_name":"FaceTrader","player_choice":"Trade","floor":7.0,"gold_loss":0.0,"damage_taken":0.0,"relics_obtained":["CultistMask"]},{"damage_healed":0.0,"max_hp_gain":0.0,"max_hp_loss":0.0,"gold_gain":0.0,"cards_transformed":["MokouMod:Strike"],"event_name":"Transmorgrifier","player_choice":"Transformed","floor":19.0,"gold_loss":0.0,"damage_taken":0.0,"cards_obtained":["MokouMod:EternalBurstReactor"]},{"damage_healed":0.0,"max_hp_gain":0.0,"max_hp_loss":0.0,"gold_gain":720.0,"event_name":"Knowing Skull","player_choice":"GOLD GOLD GOLD GOLD GOLD GOLD GOLD GOLD ","floor":22.0,"potions_obtained":[],"gold_loss":0.0,"damage_taken":82.0,"cards_obtained":[]}],"is_beta":false,"boss_relics":[{"not_picked":["testmod-CardMagician","testmod-TimeTraveler"],"picked":"ChiXiaoBlade"}],"items_purged_floors":[5,14],"is_endless":false,"potions_floor_spawned":[11,13,16,23],"killed_by":"Chosen and Byrds","ascension_level":1}}