{"host":"jgyoyy5iuhtvyvtg","time":1608879982,"event":{"mods":["2.2 Compatiblity","BaseMod","Challenge The Spire","Colored Map","Conspire","Downfall","Hermit","Highlight Path","Infinite Spire","Lobotomy","LobotomyExtend","Minty Spire (QoL Compilation)","Quick Restart","Replay The Spire","Spikes Relics","StSLib","The Construct","The Disciple","The Jungle","Yuri Mod"],"gold_per_floor":[113,124,135,150,50,50,77,77,77,91,91,54,72,84,84,185,185,213,61,61,96,96,96],"floor_reached":22,"playtime":961,"items_purged":[],"score":263,"play_id":"c48886a2-9848-4563-bd3e-6b3f26df9c2e","local_time":"20201224230622","is_ascension_mode":true,"campfire_choices":[{"data":"Ghostly","floor":6,"key":"SMITH"},{"floor":8,"key":"REST"},{"data":"hermit:Maintenance","floor":15,"key":"SMITH"}],"circlet_count":0,"master_deck":["hermit:Strike_Hermit+1","hermit:Strike_Hermit+1","hermit:Strike_Hermit+1","hermit:Strike_Hermit+1","hermit:Defend_Hermit","hermit:Defend_Hermit","hermit:Defend_Hermit","hermit:Defend_Hermit","hermit:Snapshot","hermit:Covet","hermit:RoundhouseKick","hermit:Snipe","hermit:Showdown","hermit:Horror","Ghostly+1","hermit:HoleUp","hermit:TakeCover+1","hermit:Maintenance+1","hermit:Dive","hermit:Quickdraw","hermit:DeadOrAlive","hermit:BodyArmor+1","hermit:HighCaliber"],"relics":["hermit:Momento","LetterFromLob","LugNut","Replay:Bottled Eggs","ChewingGum","Guardian:PocketSentry","ShedSkin_r","Gaze_r"],"acts_visited":["Exordium","Exordium"],"potions_floor_usage":[7,7,16,18,22,22],"damage_taken":[{"damage":7,"enemies":"Jaw Worm","floor":1,"turns":3},{"damage":10,"enemies":"Small Slimes","floor":2,"turns":3},{"damage":1,"enemies":"conspire:RoseBush","floor":3,"turns":7},{"damage":12,"enemies":"2 Fungi Beasts","floor":4,"turns":2},{"damage":20,"enemies":"3 Sentries","floor":7,"turns":5},{"damage":0,"enemies":"Red Slaver","floor":10,"turns":3},{"damage":1,"enemies":"Gremlin Gang","floor":13,"turns":4},{"damage":1,"enemies":"Looter","floor":14,"turns":2},{"damage":19,"enemies":"Fading Forest","floor":16,"turns":11},{"damage":0,"enemies":"theJungle:GiantWrat","floor":18,"turns":5},{"damage":0,"enemies":"theJungle:GiantWrat","floor":20,"turns":4},{"damage":1,"enemies":"theJungle:MUSHROOMGANG","floor":21,"turns":4},{"damage":67,"enemies":"theJungle:JungleHuntersEncounter","floor":22,"turns":5}],"seed_played":"6613407596597248640","potions_obtained":[{"floor":1,"key":"Slimebound:ThreeZeroPotion"},{"floor":3,"key":"sneckomod:MuddlingPotion"},{"floor":13,"key":"SpeedPotion"},{"floor":18,"key":"Guardian:BlockOnCardUsePotion"}],"is_trial":false,"path_per_floor":["M","M","M","M","?","R","E","R","T","M","?","$","M","M","R","B",null,"M","$","?","M","M"],"character_chosen":"HERMIT","items_purchased":["hermit:Maintenance","Guardian:PocketSentry"],"campfire_rested":1,"item_purchase_floors":[12,19],"current_hp_per_floor":[61,51,50,38,38,38,18,40,40,40,40,40,39,38,38,27,63,63,63,54,53,0,0],"gold":96,"neow_bonus":"ONE_RANDOM_RARE_CARD","is_daily":false,"chose_seed":false,"campfire_upgraded":2,"win_rate":0.0,"timestamp":1608879982,"path_taken":["M","M","M","M","?","R","E","R","T","M","?","$","M","M","R","BOSS","M","$","?","M","M"],"items_purchased_type":["Card","Relic"],"build_version":"2020-12-22","purchased_purges":0,"victory":false,"max_hp_per_floor":[75,75,75,75,75,75,75,75,75,75,75,75,75,75,75,75,75,75,75,75,75,75,75],"card_choices":[{"not_picked":["hermit:DeadMansHand","hermit:Feint"],"picked":"hermit:Snipe","floor":1},{"not_picked":["hermit:Snipe","hermit:Showdown","hermit:Manifest"],"picked":"SKIP","floor":2},{"not_picked":["hermit:Snipe","hermit:Manifest"],"picked":"hermit:Showdown","floor":2},{"not_picked":["hermit:Cheat","hermit:LuckOfTheDraw"],"picked":"hermit:Horror","floor":3},{"not_picked":["hermit:LowProfile","hermit:ItchyTrigger","hermit:Manifest"],"picked":"SKIP","floor":4},{"not_picked":["hermit:SprayPray","hermit:Cheat"],"picked":"hermit:HoleUp","floor":7},{"not_picked":["hermit:Coalescence","hermit:Desperado"],"picked":"hermit:TakeCover","floor":10},{"not_picked":["hermit:Manifest","hermit:Headshot"],"picked":"hermit:Dive","floor":13},{"not_picked":["hermit:Scavenge","hermit:EternalForm"],"picked":"hermit:Quickdraw","floor":14},{"not_picked":["hermit:Reprieve","hermit:FinalCanter"],"picked":"hermit:DeadOrAlive","floor":16},{"not_picked":["hermit:Vantage","hermit:ItchyTrigger"],"picked":"hermit:BodyArmor+1","floor":18},{"not_picked":["hermit:TrackingShot","hermit:CursedWeapon+1"],"picked":"hermit:HighCaliber","floor":21}],"player_experience":3184155,"relics_obtained":[{"floor":1,"key":"LetterFromLob"},{"floor":7,"key":"LugNut"},{"floor":9,"key":"Replay:Bottled Eggs"}],"event_choices":[{"damage_healed":0,"gold_gain":0,"player_choice":"Argue","damage_taken":0,"max_hp_gain":0,"max_hp_loss":0,"event_name":"conspire:LoneGhost","floor":5,"gold_loss":0}],"is_beta":false,"boss_relics":[{"not_picked":["Fusion Hammer","Replay:Drink Me"],"picked":"ChewingGum"}],"items_purged_floors":[],"is_endless":false,"potions_floor_spawned":[1,3,13,18,20],"killed_by":"theJungle:JungleHuntersEncounter","ascension_level":8}}