{"host":"1zjc08c6hob33401","time":1608931627,"event":{"mods":["AchievementEnabler","Act Like it!","Aspiration","BaseMod","Downfall","Energized Spire","GifTheSpireLib","Hermit","Hubris","Infinite Spire","Jedi Mod","Jorbs\u0027s Wanderer Trilogy","Minty Spire (QoL Compilation)","Pale of the Ancients","Quick Restart","Replay The Spire","Retaliation","Shop Mod","StSLib","Stuff the Spire","Swap Starting Deck Mod","The Blue Laboratory","The Gatherer","The Runesmith","Wandering Minibosses","[IsaacMod]????"],"gold_per_floor":[0,18,34,50,60,60,60,60,60,60,45,61,73,88,98,98,98,98],"floor_reached":16,"playtime":931,"items_purged":[],"score":101,"play_id":"20a91f19-6f16-478d-83c0-3a4b7ccd90b4","local_time":"20201225232707","is_ascension_mode":true,"campfire_choices":[{"floor":1.0,"key":"DIG"},{"data":"StuffTheSpire:Ambrosia","floor":10.0,"key":"SMITH"}],"circlet_count":0,"master_deck":["Slimebound:Strike_Slimebound","Slimebound:Strike_Slimebound+1","Slimebound:Strike_Slimebound","Slimebound:Tackle","Slimebound:Defend_Slimebound","Slimebound:Defend_Slimebound+1","Slimebound:Split","Slimebound:CorrosiveSpit+1","Slimebound:Nibble","Slimebound:FinishingTackle","Slimebound:GoopTackle","Regret","StuffTheSpire:Ambrosia+1","Slimebound:MinionMaster","Slimebound:Gluttony","Slimebound:RejuvenatingLick","Slimebound:SplitBruiser"],"relics":["Slimebound:AbsorbEndCombat","HushsDoor","KeepersGift","Iron Hammer","wanderingMiniBosses:Inkheart"],"acts_visited":["Exordium"],"potions_floor_usage":[16,16],"damage_taken":[{"damage":21.0,"enemies":"Jaw Worm","floor":2.0,"turns":2.0},{"damage":0.0,"enemies":"Small Slimes","floor":3.0,"turns":1.0},{"damage":13.0,"enemies":"2 Louse","floor":4.0,"turns":2.0},{"damage":23.0,"enemies":"2 Fungi Beasts","floor":5.0,"turns":3.0},{"damage":71.0,"enemies":"downfall:FleeingMerchant","floor":11.0,"turns":14.0},{"damage":14.0,"enemies":"Exordium Wildlife","floor":12.0,"turns":3.0},{"damage":18.0,"enemies":"Large Slime","floor":13.0,"turns":3.0},{"damage":9.0,"enemies":"Blue Slaver","floor":14.0,"turns":1.0},{"damage":14.0,"enemies":"Exordium Thugs","floor":15.0,"turns":3.0},{"damage":62,"enemies":"downfall:Ironclad","floor":16,"turns":5}],"seed_played":"-5766627228697951140","potions_obtained":[{"floor":2.0,"key":"Dexterity Potion"},{"floor":3.0,"key":"Toxic Potion"},{"floor":4.0,"key":"blueLaboratory:PyrophylliteBrew"},{"floor":13.0,"key":"GamblersBrew"},{"floor":15.0,"key":"DuplicationPotion"}],"is_trial":false,"path_per_floor":["R","M","M","M","M","?","T","?","?","R","$","M","M","M","M","B"],"character_chosen":"SLIMEBOUND","items_purchased":[],"campfire_rested":0,"item_purchase_floors":[],"current_hp_per_floor":[60,50,50,45,34,34,34,34,34,34,33,33,29,30,40,0,0,0],"gold":98,"neow_bonus":"REMOVE_TWO","is_daily":false,"chose_seed":false,"campfire_upgraded":1,"win_rate":0.0,"timestamp":1608931627,"path_taken":["R","M","M","M","M","?","T","?","?","R","$","M","M","M","M","BOSS"],"items_purchased_type":[],"build_version":"2020-12-22","purchased_purges":0,"victory":false,"max_hp_per_floor":[60,60,60,60,60,60,60,60,60,60,62,64,66,68,70,72,72,72],"card_choices":[{"not_picked":["Slimebound:SplitMire","Slimebound:SplitLeeching"],"picked":"Bomb","floor":2.0},{"not_picked":["Slimebound:LeechEnergy","Slimebound:LeechingTouch"],"picked":"Slimebound:Nibble","floor":3.0},{"not_picked":["Slimebound:Dissolve","Slimebound:SamplingLick"],"picked":"Slimebound:FinishingTackle","floor":4.0},{"not_picked":["Slimebound:GoopSpray","Slimebound:SamplingLick"],"picked":"Slimebound:GoopTackle","floor":5.0},{"not_picked":["StuffTheSpire:Vigor","StuffTheSpire:CelestialWarden"],"picked":"StuffTheSpire:Ambrosia","floor":8.0},{"not_picked":["Slimebound:SplitAcid","Slimebound:FinishingTackle"],"picked":"Slimebound:MinionMaster","floor":11.0},{"not_picked":["Slimebound:LeechingTouch","Slimebound:GoopSpray","Slimebound:Dissolve"],"picked":"SKIP","floor":12.0},{"not_picked":["Slimebound:SplitMire","Slimebound:SlimeTap"],"picked":"Slimebound:Gluttony","floor":13.0},{"not_picked":["Slimebound:MegaLick","Slimebound:ViciousTackle"],"picked":"Slimebound:RejuvenatingLick","floor":14.0},{"not_picked":["Slimebound:SplitLeeching","Slimebound:PressTheAttack"],"picked":"Slimebound:SplitBruiser","floor":15.0}],"player_experience":481721,"relics_obtained":[{"floor":1.0,"key":"infinitespire:Lucky Rock"},{"floor":7.0,"key":"Iron Hammer"},{"floor":11.0,"key":"wanderingMiniBosses:Inkheart"}],"event_choices":[],"is_beta":false,"boss_relics":[],"items_purged_floors":[],"is_endless":false,"potions_floor_spawned":[2,3,4,13,15],"killed_by":"downfall:Ironclad","ascension_level":1}}