{"host":"1zjc08c6hob33401","time":1608928294,"event":{"mods":["AchievementEnabler","Act Like it!","Aspiration","BaseMod","Downfall","Energized Spire","GifTheSpireLib","Hermit","Hubris","Infinite Spire","Jedi Mod","Jorbs\u0027s Wanderer Trilogy","Minty Spire (QoL Compilation)","Pale of the Ancients","Quick Restart","Replay The Spire","Retaliation","Shop Mod","StSLib","Stuff the Spire","Swap Starting Deck Mod","The Blue Laboratory","The Gatherer","The Runesmith","Wandering Minibosses","[IsaacMod]????"],"gold_per_floor":[110,35,48,48,48,61,61,86,110,110,154,178,178,191,191,191,191],"floor_reached":16,"playtime":609,"items_purged":["Defend_R"],"score":128,"play_id":"3b482409-7a70-447f-922b-2c8c866d177a","local_time":"20201225223134","is_ascension_mode":true,"campfire_choices":[{"data":"Inflame","floor":7.0,"key":"SMITH"},{"data":"Carnage","floor":10.0,"key":"SMITH"},{"data":"Perfected Strike","floor":13.0,"key":"SMITH"},{"data":"Warcry","floor":15.0,"key":"SMITH"}],"circlet_count":0,"master_deck":["Strike_R","Strike_R","Strike_R","Strike_R","Strike_R","Defend_R","Defend_R","Defend_R","Bash","Inflame+1","Ghostly Armor","Iron Wave","Carnage+1","Combust","Perfected Strike+1","Warcry+1"],"relics":["Burning Blood","HushsDoor","KeepersGift","Golden Idol","StuffTheSpire:RubySignet","Bag of Marbles","Mirror"],"acts_visited":["Exordium"],"potions_floor_usage":[16,16],"damage_taken":[{"damage":6.0,"enemies":"Cultist","floor":1.0,"turns":4.0},{"damage":0.0,"enemies":"Small Slimes","floor":3.0,"turns":3.0},{"damage":8.0,"enemies":"2 Louse","floor":6.0,"turns":2.0},{"damage":0.0,"enemies":"Exordium Wildlife","floor":8.0,"turns":2.0},{"damage":25.0,"enemies":"Replay:BlueRogue","floor":11.0,"turns":4.0},{"damage":0.0,"enemies":"Large Slime","floor":12.0,"turns":4.0},{"damage":8.0,"enemies":"Blue Slaver","floor":14.0,"turns":2.0},{"damage":66,"enemies":"Fading Forest","floor":16,"turns":11}],"seed_played":"-863202515749965494","potions_obtained":[{"floor":1.0,"key":"blueLaboratory:TrueEctoplasm"},{"floor":6.0,"key":"blueLaboratory:BottleOfVodka"},{"floor":8.0,"key":"blueLaboratory:EmptyBottle"},{"floor":12.0,"key":"Reflective Coating"}],"is_trial":false,"path_per_floor":["M","$","M","?","?","M","R","M","T","R","E","M","R","M","R","B"],"character_chosen":"IRONCLAD","items_purchased":[],"campfire_rested":0,"item_purchase_floors":[],"current_hp_per_floor":[88,88,88,66,59,57,57,63,63,63,44,50,50,48,48,0,0],"gold":191,"neow_bonus":"TEN_PERCENT_HP_BONUS","is_daily":false,"chose_seed":false,"campfire_upgraded":4,"win_rate":0.0,"timestamp":1608928294,"path_taken":["M","$","M","?","?","M","R","?","T","R","E","M","R","M","R","BOSS"],"items_purchased_type":[],"build_version":"2020-12-22","purchased_purges":1,"victory":false,"max_hp_per_floor":[88,88,88,88,88,88,88,88,88,88,88,88,88,88,88,88,88],"card_choices":[{"not_picked":["Twin Strike","DDmod:EasePowerCard"],"picked":"Inflame","floor":1.0},{"not_picked":["Dropkick","StuffTheSpire:Pyroclast"],"picked":"Ghostly Armor","floor":3.0},{"not_picked":["Thunderclap","Armaments"],"picked":"Iron Wave","floor":6.0},{"not_picked":["DDmod:SpikeInjectionSkill","Entrench"],"picked":"Carnage","floor":8.0},{"not_picked":["Cleave","Wild Strike"],"picked":"Combust","floor":11.0},{"not_picked":["Dark Embrace","Wild Strike"],"picked":"Perfected Strike","floor":12.0},{"not_picked":["Armaments","DDmod:EasePowerCard"],"picked":"Warcry","floor":14.0}],"player_experience":479989,"relics_obtained":[{"floor":9.0,"key":"Bag of Marbles"},{"floor":11.0,"key":"Mirror"}],"event_choices":[{"damage_healed":0.0,"max_hp_gain":0.0,"max_hp_loss":0.0,"gold_gain":0.0,"event_name":"Golden Idol","player_choice":"Take Damage","floor":4.0,"gold_loss":0.0,"damage_taken":22.0,"relics_obtained":["Golden Idol"]},{"damage_healed":0.0,"max_hp_gain":0.0,"max_hp_loss":0.0,"gold_gain":0.0,"event_name":"Scrap Ooze","player_choice":"Success","floor":5.0,"gold_loss":0.0,"damage_taken":7.0,"relics_obtained":["StuffTheSpire:RubySignet"]}],"is_beta":false,"boss_relics":[],"items_purged_floors":[2],"is_endless":false,"potions_floor_spawned":[1,6,8,12],"killed_by":"Fading Forest","ascension_level":5}}