{"host":"d50bw6kybq14xu1u","time":1608874417,"event":{"mods":["BaseMod","Colored Map","Colored Powertips","Minty Spire (QoL Compilation)","Quick Restart"],"gold_per_floor":[117,129,129,149,224,257,8,75,99,99,127,141,141,160,160,260,260,276,31,49,67,67,98,98,123,172,202,220,220,220,320,320,320,320],"floor_reached":33,"playtime":1126,"items_purged":[],"score":339,"play_id":"a3740a2c-34b0-451f-ae24-ef88af137401","local_time":"20201225133337","is_ascension_mode":true,"campfire_choices":[{"floor":10,"key":"REST"},{"floor":13,"key":"REST"},{"floor":15,"key":"REST"},{"floor":24,"key":"REST"},{"floor":32,"key":"DIG"}],"circlet_count":0,"master_deck":["Strike_R","Strike_R","Strike_R","Strike_R","Strike_R","Defend_R","Defend_R","Defend_R","Defend_R","Bash","Iron Wave","Rampage","Blood for Blood","Cleave","Magnetism","Flame Barrier","Impervious","Inflame","Perfected Strike","Immolate","Inflame","Rupture","Clothesline+1","Barricade","Clash","Shockwave"],"relics":["Snecko Eye","Oddly Smooth Stone","Dream Catcher","Membership Card","Orichalcum","Nunchaku","Anchor","Mark of Pain","Letter Opener","Kunai","Enchiridion","Charon\u0027s Ashes","StoneCalendar","Strawberry","Juzu Bracelet","MutagenicStrength","Shovel","Sundial","Frozen Egg 2"],"acts_visited":["TheCity"],"potions_floor_usage":[12,25,33,33],"damage_taken":[{"damage":15,"enemies":"Jaw Worm","floor":1,"turns":4},{"damage":5,"enemies":"Small Slimes","floor":2,"turns":3},{"damage":0,"enemies":"2 Louse","floor":4,"turns":3},{"damage":22,"enemies":"Gremlin Nob","floor":6,"turns":4},{"damage":9,"enemies":"3 Sentries","floor":8,"turns":6},{"damage":18,"enemies":"Lagavulin","floor":11,"turns":4},{"damage":0,"enemies":"Large Slime","floor":12,"turns":3},{"damage":1,"enemies":"2 Fungi Beasts","floor":14,"turns":4},{"damage":19,"enemies":"Slime Boss","floor":16,"turns":6},{"damage":4,"enemies":"2 Thieves","floor":18,"turns":3},{"damage":0,"enemies":"Chosen","floor":20,"turns":3},{"damage":12,"enemies":"3 Cultists","floor":21,"turns":4},{"damage":8,"enemies":"Slavers","floor":23,"turns":3},{"damage":32,"enemies":"Gremlin Leader","floor":25,"turns":7},{"damage":1,"enemies":"Book of Stabbing","floor":27,"turns":4},{"damage":2,"enemies":"Centurion and Healer","floor":28,"turns":4},{"damage":0,"enemies":"Colosseum Slavers","floor":31,"turns":4},{"damage":5,"enemies":"Colosseum Nobs","floor":31,"turns":4},{"damage":32,"enemies":"Collector","floor":33,"turns":6}],"seed_played":"165276998604057782","potions_obtained":[{"floor":6,"key":"GamblersBrew"},{"floor":8,"key":"Energy Potion"},{"floor":14,"key":"Fire Potion"},{"floor":16,"key":"Strength Potion"},{"floor":20,"key":"Block Potion"},{"floor":27,"key":"Fire Potion"},{"floor":28,"key":"Block Potion"}],"is_trial":false,"path_per_floor":["M","M","?","M","?","E","$","E","T","R","E","M","R","M","R","B",null,"M","$","M","M","?","E","R","E","T","E","M","?","?","?","R","B"],"character_chosen":"IRONCLAD","items_purchased":["Membership Card","Magnetism","Letter Opener","Kunai"],"campfire_rested":4,"item_purchase_floors":[7,7,19,19],"current_hp_per_floor":[65,60,53,53,42,20,20,11,11,35,17,17,41,40,64,45,80,76,76,76,64,48,40,64,32,39,38,36,36,36,31,31,0,0],"gold":320,"neow_bonus":"BOSS_RELIC","is_daily":false,"chose_seed":false,"campfire_upgraded":0,"win_rate":0.0,"timestamp":1608874417,"path_taken":["M","M","?","M","?","E","$","E","T","R","E","M","R","M","R","BOSS","M","$","M","M","?","E","R","E","T","E","M","?","?","?","R","BOSS"],"items_purchased_type":["Relic","Card","Relic","Relic"],"build_version":"2020-12-22","purchased_purges":0,"victory":false,"max_hp_per_floor":[80,80,80,80,80,80,80,80,80,80,80,80,80,80,80,80,80,80,80,80,80,80,80,80,80,87,87,87,87,87,87,87,87,87],"card_choices":[{"not_picked":["Anger","Clash"],"picked":"Iron Wave","floor":1},{"not_picked":["Flex","Bloodletting"],"picked":"Rampage","floor":2},{"not_picked":["Evolve","Iron Wave"],"picked":"Blood for Blood","floor":4},{"not_picked":["Spot Weakness","Sentinel"],"picked":"Cleave","floor":6},{"not_picked":["Sentinel","Clash","Body Slam"],"picked":"SKIP","floor":8},{"not_picked":["Shockwave","Sword Boomerang"],"picked":"Flame Barrier","floor":11},{"not_picked":["Dual Wield","Pommel Strike"],"picked":"Impervious","floor":12},{"not_picked":["Wild Strike","Iron Wave"],"picked":"Inflame","floor":14},{"not_picked":["Body Slam","Burning Pact"],"picked":"Perfected Strike","floor":15},{"not_picked":["Limit Break","Fiend Fire"],"picked":"Immolate","floor":16},{"not_picked":["Feel No Pain","Wild Strike","Ghostly Armor"],"picked":"SKIP","floor":18},{"not_picked":["Wild Strike","Cleave"],"picked":"Inflame","floor":20},{"not_picked":["True Grit","Flex"],"picked":"Rupture","floor":21},{"not_picked":["Clash","Rampage","Flame Barrier"],"picked":"SKIP","floor":23},{"not_picked":["Rupture","Pommel Strike+1"],"picked":"Clothesline+1","floor":24},{"not_picked":["Shrug It Off","Warcry","Havoc"],"picked":"SKIP","floor":25},{"not_picked":["Seeing Red","Burning Pact"],"picked":"Barricade","floor":27},{"not_picked":["Hemokinesis+1","Flex"],"picked":"Clash","floor":28},{"not_picked":["Rampage","Sword Boomerang+1"],"picked":"Shockwave","floor":31}],"player_experience":9388,"relics_obtained":[{"floor":6,"key":"Dream Catcher"},{"floor":8,"key":"Orichalcum"},{"floor":9,"key":"Nunchaku"},{"floor":11,"key":"Anchor"},{"floor":22,"key":"Enchiridion"},{"floor":23,"key":"Charon\u0027s Ashes"},{"floor":25,"key":"StoneCalendar"},{"floor":26,"key":"Strawberry"},{"floor":27,"key":"Juzu Bracelet"},{"floor":31,"key":"Shovel"},{"floor":31,"key":"Sundial"},{"floor":32,"key":"Frozen Egg 2"}],"event_choices":[{"damage_healed":0,"gold_gain":0,"player_choice":"Success","damage_taken":7,"relics_obtained":["Oddly Smooth Stone"],"max_hp_gain":0,"max_hp_loss":0,"event_name":"Scrap Ooze","floor":3,"gold_loss":0},{"damage_healed":0,"gold_gain":75,"player_choice":"Gather Gold","damage_taken":11,"max_hp_gain":0,"max_hp_loss":0,"event_name":"World of Goop","floor":5,"gold_loss":0},{"damage_healed":0,"gold_gain":0,"player_choice":"Obtained Book","damage_taken":16,"max_hp_gain":0,"max_hp_loss":0,"event_name":"Cursed Tome","floor":22,"gold_loss":0},{"damage_healed":0,"gold_gain":0,"player_choice":"Inject Mutagens","damage_taken":0,"relics_obtained":["MutagenicStrength"],"max_hp_gain":0,"max_hp_loss":0,"event_name":"Drug Dealer","floor":29,"gold_loss":0},{"damage_healed":0,"gold_gain":0,"player_choice":"Ignored","damage_taken":0,"max_hp_gain":0,"max_hp_loss":0,"event_name":"Vampires","floor":30,"gold_loss":0},{"damage_healed":0,"gold_gain":0,"player_choice":"Fight","damage_taken":0,"max_hp_gain":0,"max_hp_loss":0,"event_name":"Colosseum","floor":31,"gold_loss":0},{"damage_healed":0,"gold_gain":0,"player_choice":"Fought Nobs","damage_taken":0,"max_hp_gain":0,"max_hp_loss":0,"event_name":"Colosseum","floor":31,"gold_loss":0}],"is_beta":false,"boss_relics":[{"not_picked":["Runic Dome","Runic Cube"],"picked":"Mark of Pain"}],"items_purged_floors":[],"is_endless":false,"potions_floor_spawned":[6,8,14,16,20,27,28,31],"killed_by":"Collector","ascension_level":1}}