{"host":"fdge35r6bp5kjb91","time":1608918803,"event":{"mods":["Act Like it!","BaseMod","Downfall","Gensokyo","Marisa£®ÏF”Í°°ƒß¿Ì…≥£©","Minty Spire (QoL Compilation)","Remilia£®¿Ÿ√◊¿Ú—«£©","StSLib","The Servant 0.9.4","Youmu£®ªÍ∆«—˝√Œ£©"],"gold_per_floor":[117,130,130,141,141,141,171,181,207,207,207,218,229,245,245,341,341,351,276,276,296,314,348,348,348,371,371,141,241,271,284,284,389,389,407,407,427,8,23,23,53,53,78,78,110,110,164,164,164,164,164],"floor_reached":50,"playtime":4197,"items_purged":["Strike_MRS","Defend_MRS"],"score":565,"play_id":"8a1bc69c-c232-49ef-91bd-578c8d412fda","local_time":"20201226015323","is_ascension_mode":false,"campfire_choices":[{"floor":6.0,"key":"RECALL"},{"data":"UnstableBomb","floor":10.0,"key":"SMITH"},{"floor":15.0,"key":"REST"},{"data":"BlazeAway","floor":24.0,"key":"SMITH"},{"data":"MagicChant","floor":27.0,"key":"SMITH"},{"floor":32.0,"key":"REST"},{"floor":40.0,"key":"DIG"},{"data":"1","floor":49.0,"key":"LIFT"}],"circlet_count":0,"master_deck":["Strike_MRS+1","Defend_MRS+1","MasterSpark","MagicChant+1","AsteroidBelt+1","UnstableBomb+1","Singularity","ShootTheMoon","AsteroidBelt","MilkyWay","BlazeAway+1","TreasureHunter","MilkyWay","Iron Wave","AsteroidBelt","SuperPerseids","Parasite","Parasite","EventHorizon+1","Occultation","MagicAbsorber+1","PowerUp","DoubleSpark","expansioncontent:Corrupt","Occultation+1","Madness","Madness","Robbery+1","Wraith","MilkyWay","Violence"],"relics":["BewitchedHakkero","Bag of Marbles","Busted Crown","ShroomBag","Happy Flower","MealTicket","CaptainsWheel","Pantograph","Unceasing Top","Shovel","Toolbox","Ancient Tea Set","Oddly Smooth Stone","Centennial Puzzle","Girya"],"acts_visited":[],"potions_floor_usage":[],"damage_taken":[{"damage":1.0,"enemies":"Jaw Worm","floor":1.0,"turns":3.0},{"damage":2.0,"enemies":"Small Slimes","floor":2.0,"turns":3.0},{"damage":0.0,"enemies":"Cultist","floor":4.0,"turns":4.0},{"damage":18.0,"enemies":"Gremlin Nob","floor":7.0,"turns":5.0},{"damage":5.0,"enemies":"Exordium Wildlife","floor":8.0,"turns":6.0},{"damage":0.0,"enemies":"2 Fungi Beasts","floor":12.0,"turns":3.0},{"damage":0.0,"enemies":"Lots of Slimes","floor":13.0,"turns":5.0},{"damage":0.0,"enemies":"Large Slime","floor":14.0,"turns":4.0},{"damage":12.0,"enemies":"Slime Boss","floor":16.0,"turns":8.0},{"damage":4.0,"enemies":"2 Thieves","floor":18.0,"turns":3.0},{"damage":12.0,"enemies":"3 Byrds","floor":21.0,"turns":5.0},{"damage":18.0,"enemies":"Snake Plant","floor":22.0,"turns":5.0},{"damage":13.0,"enemies":"Book of Stabbing","floor":23.0,"turns":5.0},{"damage":11.0,"enemies":"Colosseum Slavers","floor":29.0,"turns":4.0},{"damage":12.0,"enemies":"Colosseum Nobs","floor":29.0,"turns":4.0},{"damage":7.0,"enemies":"Gremlin Leader","floor":30.0,"turns":5.0},{"damage":0.0,"enemies":"Cultist and Chosen","floor":31.0,"turns":6.0},{"damage":61.0,"enemies":"Champ","floor":33.0,"turns":15.0},{"damage":4.0,"enemies":"Orb Walker","floor":35.0,"turns":4.0},{"damage":10.0,"enemies":"3 Shapes","floor":37.0,"turns":4.0},{"damage":16.0,"enemies":"Sphere and 2 Shapes","floor":39.0,"turns":5.0},{"damage":16.0,"enemies":"Reptomancer","floor":41.0,"turns":5.0},{"damage":0.0,"enemies":"Nemesis","floor":45.0,"turns":1.0},{"damage":9.0,"enemies":"4 Shapes","floor":47.0,"turns":3.0},{"damage":0,"enemies":"Awakened One","floor":50,"turns":1}],"seed_played":"-2666890565093569922","potions_obtained":[{"floor":2.0,"key":"Slimebound:ThreeZeroPotion"},{"floor":8.0,"key":"PowerPotion"},{"floor":12.0,"key":"ColorlessPotion"},{"floor":13.0,"key":"SpeedPotion"},{"floor":21.0,"key":"SpeedPotion"},{"floor":23.0,"key":"Fruit Juice"},{"floor":29.0,"key":"Explosive Potion"},{"floor":35.0,"key":"Explosive Potion"},{"floor":39.0,"key":"Slimebound:ThreeZeroPotion"},{"floor":47.0,"key":"Swift Potion"}],"is_trial":false,"path_per_floor":["M","M","?","M","?","R","E","M","T","R","?","M","M","M","R","B",null,"M","?","?","M","M","E","R","?","T","R","$","?","E","M","R","B",null,"M","?","M","$","M","R","E","?","T","?","E","?","M","?","R","B"],"character_chosen":"MARISA","items_purchased":["MealTicket","Toolbox","expansioncontent:Corrupt"],"campfire_rested":2,"item_purchase_floors":[28,38,38],"current_hp_per_floor":[81,79,72,72,56,56,38,33,33,33,33,33,33,33,57,45,82,78,78,78,66,48,44,44,44,44,44,44,29,26,30,56,24,87,85,85,77,87,73,73,59,48,48,48,52,52,45,45,45,70,70],"gold":164,"neow_bonus":"TEN_PERCENT_HP_BONUS","is_daily":false,"chose_seed":false,"campfire_upgraded":3,"win_rate":0.0,"timestamp":1608918803,"path_taken":["M","M","?","M","?","R","E","M","T","R","?","M","?","M","R","BOSS","M","?","?","M","?","E","R","?","T","R","$","?","E","M","R","BOSS","M","?","M","$","M","R","E","?","T","?","E","?","M","?","R","BOSS"],"items_purchased_type":["Relic","Relic","Card"],"build_version":"2020-12-22","purchased_purges":2,"victory":false,"max_hp_per_floor":[82,82,82,82,82,82,82,82,82,82,82,82,82,82,82,82,82,82,82,82,82,82,87,87,87,87,87,87,87,87,87,87,87,87,87,87,87,87,87,87,87,87,87,87,87,87,87,87,87,87,87],"card_choices":[{"not_picked":["UnstableBomb","SporeBomb"],"picked":"MagicChant","floor":1.0},{"not_picked":["SporeBomb","ShootingEcho"],"picked":"AsteroidBelt","floor":2.0},{"not_picked":["6A","GalacticHalo"],"picked":"UnstableBomb","floor":4.0},{"not_picked":["DC","AsteroidBelt"],"picked":"Singularity","floor":7.0},{"not_picked":["Orbital","BlazingStar"],"picked":"ShootTheMoon","floor":8.0},{"not_picked":["MysteriousBeam","SporeBomb"],"picked":"AsteroidBelt","floor":12.0},{"not_picked":["AsteroidBelt","MysteriousBeam"],"picked":"MilkyWay","floor":13.0},{"not_picked":["GravityBeat","ManaConvection"],"picked":"BlazeAway","floor":14.0},{"not_picked":["BigCrunch","JA"],"picked":"TreasureHunter","floor":16.0},{"not_picked":[],"picked":"MilkyWay","floor":18.0},{"not_picked":[],"picked":"AsteroidBelt","floor":21.0},{"not_picked":[],"picked":"SuperPerseids","floor":22.0},{"not_picked":[],"picked":"EventHorizon+1","floor":23.0},{"not_picked":[],"picked":"Occultation","floor":29.0},{"not_picked":[],"picked":"MagicAbsorber+1","floor":30.0},{"not_picked":[],"picked":"PowerUp","floor":31.0},{"not_picked":["ShootTheMoon+1"],"picked":"SKIP","floor":35.0},{"not_picked":[],"picked":"DoubleSpark","floor":37.0},{"not_picked":["PowerUp"],"picked":"SKIP","floor":39.0},{"not_picked":[],"picked":"Occultation+1","floor":41.0},{"not_picked":[],"picked":"Robbery+1","floor":45.0},{"not_picked":[],"picked":"MilkyWay","floor":47.0},{"not_picked":[],"picked":"Violence","floor":48.0}],"player_experience":48314,"relics_obtained":[{"floor":7.0,"key":"Bag of Marbles"},{"floor":23.0,"key":"ShroomBag"},{"floor":26.0,"key":"Happy Flower"},{"floor":29.0,"key":"CaptainsWheel"},{"floor":29.0,"key":"Pantograph"},{"floor":30.0,"key":"Unceasing Top"},{"floor":33.0,"key":"Shovel"},{"floor":40.0,"key":"Ancient Tea Set"},{"floor":41.0,"key":"Oddly Smooth Stone"},{"floor":43.0,"key":"Centennial Puzzle"},{"floor":45.0,"key":"Girya"}],"event_choices":[{"cards_removed":["Defend_MRS"],"damage_healed":0.0,"max_hp_gain":0.0,"max_hp_loss":0.0,"gold_gain":0.0,"event_name":"Golden Wing","player_choice":"Card Removal","floor":3.0,"gold_loss":0.0,"damage_taken":7.0},{"damage_healed":0.0,"max_hp_gain":0.0,"max_hp_loss":0.0,"gold_gain":0.0,"event_name":"Shining Light","player_choice":"Entered Light","floor":5.0,"gold_loss":0.0,"damage_taken":16.0,"cards_upgraded":["Strike_MRS","Defend_MRS"]},{"damage_healed":0.0,"max_hp_gain":0.0,"max_hp_loss":0.0,"gold_gain":0.0,"event_name":"Accursed Blacksmith","player_choice":"Forge","floor":11.0,"gold_loss":0.0,"damage_taken":0.0,"cards_upgraded":["AsteroidBelt"]},{"cards_removed":["Strike_MRS"],"damage_healed":0.0,"max_hp_gain":0.0,"max_hp_loss":0.0,"gold_gain":0.0,"event_name":"Beggar","player_choice":"Gave Gold","floor":19.0,"gold_loss":75.0,"damage_taken":0.0},{"cards_removed":["Strike_MRS"],"damage_healed":0.0,"max_hp_gain":0.0,"max_hp_loss":0.0,"gold_gain":0.0,"event_name":"NoteForYourself","player_choice":"Took Card","floor":20.0,"gold_loss":0.0,"damage_taken":0.0,"cards_obtained":["Iron Wave"]},{"cards_removed":["Defend_MRS"],"damage_healed":0.0,"max_hp_gain":0.0,"max_hp_loss":0.0,"gold_gain":0.0,"event_name":"Back to Basics","player_choice":"Elegance","floor":25.0,"gold_loss":0.0,"damage_taken":0.0},{"damage_healed":0.0,"max_hp_gain":0.0,"max_hp_loss":0.0,"gold_gain":0.0,"event_name":"Colosseum","player_choice":"Fight","floor":29.0,"gold_loss":0.0,"damage_taken":0.0},{"damage_healed":0.0,"max_hp_gain":0.0,"max_hp_loss":0.0,"gold_gain":0.0,"event_name":"Colosseum","player_choice":"Fought Nobs","floor":29.0,"gold_loss":0.0,"damage_taken":0.0},{"damage_healed":0.0,"max_hp_gain":0.0,"max_hp_loss":0.0,"gold_gain":0.0,"event_name":"Tomb of Lord Red Mask","player_choice":"Ignored","floor":36.0,"gold_loss":0.0,"damage_taken":0.0},{"damage_healed":0.0,"max_hp_gain":0.0,"max_hp_loss":0.0,"gold_gain":0.0,"event_name":"Winding Halls","player_choice":"Embrace Madness","floor":42.0,"gold_loss":0.0,"damage_taken":11.0,"cards_obtained":["Madness","Madness"]},{"cards_removed":["UpSweep"],"damage_healed":0.0,"max_hp_gain":0.0,"max_hp_loss":0.0,"gold_gain":0.0,"event_name":"Falling","player_choice":"Removed Attack","floor":44.0,"gold_loss":0.0,"damage_taken":0.0},{"damage_healed":0.0,"max_hp_gain":0.0,"max_hp_loss":0.0,"gold_gain":0.0,"event_name":"OrinTheCat","player_choice":"Ignored","floor":46.0,"gold_loss":0.0,"damage_taken":0.0},{"damage_healed":0.0,"max_hp_gain":0.0,"max_hp_loss":0.0,"gold_gain":0.0,"event_name":"SensoryStone","player_choice":"Memory 1","floor":48.0,"gold_loss":0.0,"damage_taken":0.0}],"is_beta":false,"boss_relics":[{"not_picked":["Sozu","Cursed Key"],"picked":"Busted Crown"},{"not_picked":["Runic Dome","Empty Cage"],"picked":"BewitchedHakkero"}],"items_purged_floors":[28,38],"is_endless":false,"potions_floor_spawned":[2,8,12,13,21,23,29,29,35,39,47],"killed_by":"Awakened One","ascension_level":0}}