{"host":"gri83axk0498363t","time":1608908109,"event":{"mods":["2.2 Compatiblity","AchievementEnabler","BaseMod","Better Altar","Better Note","Better Sensory Stone","Better Skull","Better Third Choice","Block Reminder","Colored Map","Colored Powertips","Displayed Cursed Tome","Gold Saver","Ironclad Rager","Minty Spire (QoL Compilation)","Potion Indicator Mod","RNG Fix","Random Character Button","Relic Stats","Reorder Act Four","StSLib","The Marked","Transform Curses","Unceasing Turn Reminder","everything is the same but u backflip on backflip"],"gold_per_floor":[1246,1246,1265,763,763,788,595,609,634,675,687,718,758,781,793,905,917,946,958,986,1009,1021,1021],"floor_reached":22,"playtime":2218,"items_purged":["theMarked:Strike","theMarked:Strike"],"score":231,"play_id":"bc89675b-62e2-4720-9f6a-067cc97807fb","local_time":"20201225095509","is_ascension_mode":false,"campfire_choices":[{"data":"theMarked:ParalyzingBlade","floor":11.0,"key":"SMITH"},{"floor":15.0,"key":"REST"}],"circlet_count":0,"master_deck":["theMarked:Strike+1","theMarked:Strike+1","theMarked:Defend","theMarked:Defend","theMarked:Defend","theMarked:Defend","theMarked:SoldierOfQuellstein+1","theMarked:ResourceFulStrike+1","theMarked:ParalyzingBlade+1","theMarked:Aftermath","theMarked:MagicAdept","theMarked:FavorableWinds","theMarked:ComboAttacks","theMarked:ContemptForTheProud","theMarked:EmpowerWeapon","theMarked:RogueSparks","theMarked:EternalStudent"],"relics":["theMarked:ArtifactOfAir","NeowsBlessing","theMarked:Winder","Whetstone","Gremlin Horn","Membership Card","MawBank","Matryoshka","PreservedInsect","Philosopher\u0027s Stone"],"acts_visited":["Exordium","TheCity"],"potions_floor_usage":[21,21],"damage_taken":[{"damage":0.0,"enemies":"Jaw Worm","floor":1.0,"turns":1.0},{"damage":0.0,"enemies":"2 Louse","floor":3.0,"turns":1.0},{"damage":0.0,"enemies":"Lagavulin","floor":6.0,"turns":1.0},{"damage":0.0,"enemies":"Cultist","floor":8.0,"turns":3.0},{"damage":19.0,"enemies":"Gremlin Nob","floor":10.0,"turns":4.0},{"damage":9.0,"enemies":"Blue Slaver","floor":12.0,"turns":3.0},{"damage":17.0,"enemies":"3 Sentries","floor":13.0,"turns":5.0},{"damage":1.0,"enemies":"Lots of Slimes","floor":14.0,"turns":4.0},{"damage":18.0,"enemies":"Slime Boss","floor":16.0,"turns":6.0},{"damage":25.0,"enemies":"Chosen","floor":18.0,"turns":5.0},{"damage":15.0,"enemies":"Shell Parasite","floor":20.0,"turns":4.0},{"damage":21,"enemies":"Shelled Parasite and Fungi","floor":21,"turns":3},{"damage":10,"enemies":"Chosen and Byrds","floor":22,"turns":3}],"seed_played":"-987038355303032431","potions_obtained":[{"floor":3.0,"key":"PowerPotion"},{"floor":8.0,"key":"SteroidPotion"},{"floor":12.0,"key":"Fire Potion"},{"floor":20.0,"key":"ColorlessPotion"}],"is_trial":false,"path_per_floor":["M","?","M","$","?","E","$","M","T","E","R","M","E","M","R","B",null,"M","?","M","M","M"],"character_chosen":"THE_DEFAULT","items_purchased":["theMarked:Winder","Whetstone","theMarked:Aftermath","theMarked:MagicAdept","Membership Card"],"campfire_rested":1,"item_purchase_floors":[4,4,4,4,7],"current_hp_per_floor":[70,56,56,56,56,56,56,56,56,37,37,28,11,10,31,13,70,45,45,30,9,0,0],"gold":1021,"neow_bonus":"THREE_ENEMY_KILL","is_daily":false,"chose_seed":false,"campfire_upgraded":1,"win_rate":0.0,"timestamp":1608908109,"path_taken":["M","?","?","$","?","E","?","?","T","E","R","M","E","M","R","BOSS","M","?","M","?","M"],"items_purchased_type":["Relic","Relic","Card","Card","Relic"],"build_version":"2020-12-22","purchased_purges":2,"victory":false,"max_hp_per_floor":[70,70,70,70,70,70,70,70,70,70,70,70,70,70,70,70,70,70,70,70,70,70,70],"relic_stats":{"Gremlin Horn":[8,8],"counters":[13,42],"PreservedInsect":0,"Whetstone":["theMarked:Strike","theMarked:ResourceFulStrike"],"MawBank":156,"obtain_stats":[{"theMarked:ArtifactOfAir":0,"Matryoshka":10,"NeowsBlessing":0,"Gremlin Horn":6,"Philosopher\u0027s Stone":17,"PreservedInsect":13,"Whetstone":4,"Membership Card":7,"theMarked:Winder":4,"MawBank":9},{"theMarked:ArtifactOfAir":0,"Matryoshka":5,"NeowsBlessing":0,"Gremlin Horn":3,"Philosopher\u0027s Stone":9,"PreservedInsect":7,"Whetstone":2,"Membership Card":3,"theMarked:Winder":2,"MawBank":4},{"theMarked:ArtifactOfAir":0,"Matryoshka":10,"NeowsBlessing":0,"Gremlin Horn":3,"Philosopher\u0027s Stone":28,"PreservedInsect":18,"Whetstone":2,"Membership Card":3,"theMarked:Winder":2,"MawBank":6}]},"card_choices":[{"not_picked":["theMarked:EmpowerWeapon","theMarked:Aftermath"],"picked":"theMarked:ResourceFulStrike","floor":1.0},{"not_picked":["theMarked:TwofoldDefense","theMarked:LightningStrikesTwice"],"picked":"theMarked:ParalyzingBlade","floor":3.0},{"not_picked":["theMarked:Aftermath","theMarked:Overcharge","theMarked:HeritageOfTheMarked"],"picked":"SKIP","floor":6.0},{"not_picked":["theMarked:Electrocute","theMarked:RepellingDischarge"],"picked":"theMarked:ComboAttacks","floor":8.0},{"not_picked":["theMarked:TurnInvisible","theMarked:Convert"],"picked":"theMarked:ContemptForTheProud","floor":10.0},{"not_picked":["theMarked:TwofoldDefense","theMarked:Electrocute"],"picked":"theMarked:EmpowerWeapon","floor":12.0},{"not_picked":["theMarked:WastefulAttack","theMarked:Static","theMarked:Convert"],"picked":"SKIP","floor":13.0},{"not_picked":["theMarked:WastefulAttack","theMarked:Parkour"],"picked":"theMarked:RogueSparks","floor":14.0},{"not_picked":["theMarked:ThrowWeapon","theMarked:Snap"],"picked":"theMarked:EternalStudent","floor":16.0},{"not_picked":["theMarked:Polarize","theMarked:WastefulDefense+1","theMarked:HeightenedSenses+1"],"picked":"SKIP","floor":18.0},{"not_picked":["theMarked:GodGivenPower","theMarked:WastefulAttack+1","theMarked:Static+1"],"picked":"SKIP","floor":20.0},{"not_picked":["theMarked:Frustration","theMarked:DeterminationOfTheMarked","theMarked:KeepCalmAndFightOn"],"picked":"SKIP","floor":21}],"player_experience":134556,"relics_obtained":[{"floor":6.0,"key":"Gremlin Horn"},{"floor":9.0,"key":"MawBank"},{"floor":10.0,"key":"Matryoshka"},{"floor":13.0,"key":"PreservedInsect"}],"event_choices":[{"damage_healed":70.0,"max_hp_gain":0.0,"max_hp_loss":70.0,"gold_gain":0.0,"event_name":"betterThird:BetterShining","player_choice":"Upgrade","floor":2.0,"gold_loss":0.0,"damage_taken":14.0,"cards_upgraded":["theMarked:Strike","theMarked:SoldierOfQuellstein"]},{"damage_healed":0.0,"max_hp_gain":0.0,"max_hp_loss":0.0,"gold_gain":0.0,"cards_transformed":["theMarked:Strike"],"event_name":"Living Wall","player_choice":"Change","floor":5.0,"gold_loss":0.0,"damage_taken":0.0,"cards_obtained":["theMarked:FavorableWinds"]},{"damage_healed":0.0,"max_hp_gain":0.0,"max_hp_loss":0.0,"gold_gain":0.0,"event_name":"betterNote:BetterNote","player_choice":"Ignored","floor":19.0,"gold_loss":0.0,"damage_taken":0.0,"cards_obtained":["Worship"]}],"is_beta":false,"boss_relics":[{"not_picked":["Runic Pyramid","Empty Cage"],"picked":"Philosopher\u0027s Stone"}],"items_purged_floors":[4,7],"is_endless":false,"potions_floor_spawned":[3,8,12,20],"killed_by":"Chosen and Byrds","ascension_level":0}}