{"host":"fne7yx97fnz7kq05","time":1608857806,"event":{"mods":["BaseMod","Colored Map","Colored Powertips","Highlight Path","Minty Spire (QoL Compilation)","Relic Stats"],"gold_per_floor":[112,124,143,143,143,143,175,175,175,175,201,216,216,232,232,336,336,353,371,6,16,31,31,62,73,96,96,122,37,137,137,137,233,233,243,254,254,268,285,285,79,113,137,137,187,238,264,280,280,280,280,280,181,215,215],"floor_reached":56,"playtime":6140,"items_purged":["Barrage","Cold Snap","Scrape+1"],"score":1415,"play_id":"77c32182-8c6d-4551-80ff-e24a9e0ac1b4","local_time":"20201224185646","is_ascension_mode":true,"campfire_choices":[{"data":"Zap","floor":6.0,"key":"SMITH"},{"data":"Defragment","floor":8.0,"key":"SMITH"},{"data":"Scrape","floor":10.0,"key":"SMITH"},{"data":"Dualcast","floor":13.0,"key":"SMITH"},{"data":"Darkness","floor":15.0,"key":"SMITH"},{"data":"Meteor Strike","floor":23.0,"key":"SMITH"},{"data":"Seek","floor":27.0,"key":"SMITH"},{"data":"Steam Power","floor":32.0,"key":"SMITH"},{"floor":40.0,"key":"RECALL"},{"floor":44,"key":"REST"},{"floor":49,"key":"REST"},{"floor":52,"key":"REST"}],"circlet_count":0,"master_deck":["Zap+1","Dualcast+1","Steam Power+1","Seek+1","Streamline+1","Meteor Strike+1","Darkness+1","Steam","Chill","Coolheaded","Defragment+1","Conserve Battery+1","Consume+1","Hologram+1","Echo Form","CurseOfTheBell","Go for the Eyes","Glacier+1","Reinforced Body+1","All For One","FTL","Beam Cell+1","Turbo+1","Machine Learning","Creative AI+1","Coolheaded+1","Glacier+1","Recycle+1","Force Field+1","Echo Form","Capacitor","Turbo+1","Gash+1"],"relics":["Pandora\u0027s Box","Toxic Egg 2","Smiling Mask","Bronze Scales","Nunchaku","Calling Bell","Bag of Marbles","Pear","CaptainsWheel","Orrery","Gremlin Horn","Blood Vial","Art of War","Orichalcum","Pocketwatch","Meat on the Bone","Fusion Hammer","DollysMirror","MealTicket","Lizard Tail","Gambling Chip","Strawberry","Ice Cream"],"acts_visited":["Exordium","TheCity","TheBeyond","TheEnding"],"potions_floor_usage":[46,54,55,55],"damage_taken":[{"damage":2.0,"enemies":"Small Slimes","floor":1.0,"turns":3.0},{"damage":0.0,"enemies":"2 Louse","floor":2.0,"turns":2.0},{"damage":0.0,"enemies":"Cultist","floor":3.0,"turns":3.0},{"damage":4.0,"enemies":"3 Sentries","floor":7.0,"turns":5.0},{"damage":6.0,"enemies":"Gremlin Nob","floor":11.0,"turns":3.0},{"damage":1.0,"enemies":"Blue Slaver","floor":12.0,"turns":4.0},{"damage":0.0,"enemies":"2 Fungi Beasts","floor":14.0,"turns":3.0},{"damage":26.0,"enemies":"The Guardian","floor":16.0,"turns":9.0},{"damage":0.0,"enemies":"3 Byrds","floor":18.0,"turns":3.0},{"damage":0.0,"enemies":"Spheric Guardian","floor":19.0,"turns":5.0},{"damage":0.0,"enemies":"Snecko","floor":21.0,"turns":6.0},{"damage":7.0,"enemies":"Chosen and Byrds","floor":22.0,"turns":3.0},{"damage":0.0,"enemies":"Gremlin Leader","floor":24.0,"turns":5.0},{"damage":0.0,"enemies":"Snake Plant","floor":25.0,"turns":2.0},{"damage":28.0,"enemies":"Slavers","floor":28.0,"turns":5.0},{"damage":0.0,"enemies":"Colosseum Slavers","floor":30.0,"turns":1.0},{"damage":0.0,"enemies":"Colosseum Nobs","floor":30.0,"turns":3.0},{"damage":6.0,"enemies":"Automaton","floor":33.0,"turns":6.0},{"damage":0.0,"enemies":"Orb Walker","floor":35.0,"turns":2.0},{"damage":0.0,"enemies":"3 Shapes","floor":36.0,"turns":4.0},{"damage":0.0,"enemies":"Maw","floor":38.0,"turns":7.0},{"damage":24.0,"enemies":"Transient","floor":39.0,"turns":5.0},{"damage":3,"enemies":"Reptomancer","floor":42,"turns":7},{"damage":0,"enemies":"Mind Bloom Boss Battle","floor":45,"turns":7},{"damage":15,"enemies":"2 Orb Walkers","floor":46,"turns":6},{"damage":0,"enemies":"Spire Growth","floor":48,"turns":4},{"damage":22,"enemies":"Time Eater","floor":50,"turns":16},{"damage":35,"enemies":"Shield and Spear","floor":54,"turns":13},{"damage":89,"enemies":"The Heart","floor":55,"turns":9}],"seed_played":"895122527205234504","potions_obtained":[{"floor":2.0,"key":"Fire Potion"},{"floor":11.0,"key":"SpeedPotion"},{"floor":12.0,"key":"Energy Potion"},{"floor":19.0,"key":"Ancient Potion"},{"floor":24.0,"key":"Strength Potion"},{"floor":30.0,"key":"SkillPotion"},{"floor":39.0,"key":"CultistPotion"},{"floor":48,"key":"SkillPotion"}],"is_trial":false,"path_per_floor":["M","M","M","?","?","R","E","R","T","R","E","M","R","M","R","B",null,"M","M","$","M","M","R","E","M","T","R","E","?","?","?","R","B",null,"M","M","?","M","M","R","$","E","T","R","?","?","T","M","R","B",null,"R","$","E","B",null],"character_chosen":"DEFECT","items_purchased":["Orrery","All For One","FTL","DollysMirror","Weak Potion"],"campfire_rested":3,"item_purchase_floors":[20,20,20,41,53],"current_hp_per_floor":[73,73,73,73,73,73,69,69,69,69,63,62,62,62,62,36,85,85,85,85,85,78,78,78,78,78,78,52,52,56,56,56,52,85,85,85,85,85,61,61,61,60,60,85,85,70,77,79,92,70,92,92,92,57,28],"gold":215,"neow_bonus":"BOSS_RELIC","is_daily":false,"chose_seed":false,"campfire_upgraded":8,"win_rate":0.0,"timestamp":1608857806,"path_taken":["M","M","M","?","?","R","E","R","T","R","E","M","R","M","R","BOSS","M","M","$","M","?","R","E","M","T","R","E","?","?","?","R","BOSS","M","M","?","?","?","R","$","E","T","R","?","?","?","M","R","BOSS","R","$","E","BOSS"],"items_purchased_type":["Relic","Card","Card","Relic","Potion"],"build_version":"2020-12-22","purchased_purges":3,"victory":true,"max_hp_per_floor":[75,75,75,75,75,75,75,75,75,75,75,75,75,75,75,75,85,85,85,85,85,85,85,85,85,85,85,85,85,85,85,85,85,85,85,85,85,85,85,85,85,85,85,85,85,85,92,92,92,92,92,92,92,92,92],"relic_stats":{"Gremlin Horn":[15,17],"counters":[29,151],"Orichalcum":[90],"Smiling Mask":150,"Blood Vial":14,"Nunchaku":[26],"Lizard Tail":46,"Bronze Scales":[546],"Gambling Chip":[11],"Pandora\u0027s Box":["Scrape","Steam Power","Seek","Streamline","Cold Snap","Meteor Strike","Darkness","Barrage"],"MealTicket":0,"Art of War":[22],"obtain_stats":[{"Ice Cream":54,"Pear":17,"Gremlin Horn":24,"Orichalcum":29,"Smiling Mask":7,"Calling Bell":17,"Blood Vial":26,"Nunchaku":11,"CaptainsWheel":17,"Lizard Tail":45,"DollysMirror":41,"Bronze Scales":9,"Gambling Chip":46,"Strawberry":47,"Orrery":20,"Pandora\u0027s Box":0,"MealTicket":42,"Fusion Hammer":34,"Bag of Marbles":17,"Art of War":28,"Toxic Egg 2":5,"Cracked Core":0,"Pocketwatch":30,"Meat on the Bone":30},{"Ice Cream":28,"Pear":8,"Gremlin Horn":13,"Orichalcum":15,"Smiling Mask":4,"Calling Bell":8,"Blood Vial":14,"Nunchaku":5,"CaptainsWheel":8,"Lizard Tail":24,"DollysMirror":22,"Bronze Scales":4,"Gambling Chip":25,"Strawberry":25,"Orrery":10,"Pandora\u0027s Box":0,"MealTicket":23,"Fusion Hammer":18,"Bag of Marbles":8,"Art of War":15,"Toxic Egg 2":3,"Cracked Core":0,"Pocketwatch":17,"Meat on the Bone":17},{"Ice Cream":142,"Pear":32,"Gremlin Horn":54,"Orichalcum":61,"Smiling Mask":13,"Calling Bell":32,"Blood Vial":56,"Nunchaku":16,"CaptainsWheel":32,"Lizard Tail":103,"DollysMirror":89,"Bronze Scales":13,"Gambling Chip":109,"Strawberry":109,"Orrery":40,"Pandora\u0027s Box":0,"MealTicket":96,"Fusion Hammer":71,"Bag of Marbles":32,"Art of War":61,"Toxic Egg 2":8,"Cracked Core":0,"Pocketwatch":65,"Meat on the Bone":65}],"Pocketwatch":[38],"Meat on the Bone":12},"card_choices":[{"not_picked":["Cold Snap","Ball Lightning"],"picked":"Steam","floor":1.0},{"not_picked":["Steam Power","Cold Snap"],"picked":"Chill","floor":2.0},{"not_picked":["Aggregate","Compile Driver"],"picked":"Coolheaded","floor":3.0},{"not_picked":["Aggregate+1","Gash"],"picked":"Defragment","floor":7.0},{"not_picked":["Melter","Ball Lightning"],"picked":"Conserve Battery+1","floor":11.0},{"not_picked":["Tempest+1","Skim+1"],"picked":"Consume+1","floor":12.0},{"not_picked":["Core Surge","Blizzard"],"picked":"Hologram+1","floor":14.0},{"not_picked":["Seek+1","Reboot+1"],"picked":"Echo Form","floor":16.0},{"not_picked":["Cold Snap+1","Reprogram+1","Sweeping Beam"],"picked":"SKIP","floor":18.0},{"not_picked":["Hello World","Ball Lightning"],"picked":"Go for the Eyes","floor":19.0},{"not_picked":["Ball Lightning","Barrage"],"picked":"Glacier+1","floor":20.0},{"not_picked":["Rebound","Leap+1"],"picked":"Reinforced Body+1","floor":20.0},{"not_picked":["Steam+1","Defragment"],"picked":"Beam Cell+1","floor":21.0},{"not_picked":["Beam Cell","Melter"],"picked":"Turbo+1","floor":22.0},{"not_picked":["Ball Lightning+1","Chaos+1"],"picked":"Machine Learning","floor":24.0},{"not_picked":["Barrage","Ball Lightning","Gash"],"picked":"SKIP","floor":25.0},{"not_picked":["Rebound","Defragment","Go for the Eyes"],"picked":"SKIP","floor":28.0},{"not_picked":["Amplify+1","Biased Cognition"],"picked":"Creative AI","floor":33.0},{"not_picked":["Reinforced Body+1","Hello World+1"],"picked":"Coolheaded+1","floor":35.0},{"not_picked":["Rebound","Cold Snap+1"],"picked":"Glacier+1","floor":36.0},{"not_picked":["Rebound+1","Undo+1"],"picked":"Recycle+1","floor":38.0},{"not_picked":["Aggregate+1","Steam+1"],"picked":"Force Field+1","floor":39.0},{"not_picked":["Go for the Eyes+1","Sweeping Beam","Recycle+1"],"picked":"SKIP","floor":42},{"not_picked":["Undo+1","Reinforced Body+1"],"picked":"Capacitor","floor":45},{"not_picked":["Static Discharge+1","Steam+1"],"picked":"Turbo+1","floor":46},{"not_picked":["Self Repair","Static Discharge+1","Compile Driver"],"picked":"SKIP","floor":48},{"not_picked":["Compile Driver+1","Static Discharge+1"],"picked":"Gash+1","floor":54}],"player_experience":194401,"relics_obtained":[{"floor":7.0,"key":"Smiling Mask"},{"floor":9.0,"key":"Bronze Scales"},{"floor":11.0,"key":"Nunchaku"},{"floor":17.0,"key":"Bag of Marbles"},{"floor":17.0,"key":"Pear"},{"floor":17.0,"key":"CaptainsWheel"},{"floor":24.0,"key":"Gremlin Horn"},{"floor":26.0,"key":"Blood Vial"},{"floor":28.0,"key":"Art of War"},{"floor":30.0,"key":"Pocketwatch"},{"floor":30.0,"key":"Meat on the Bone"},{"floor":42,"key":"MealTicket"},{"floor":45,"key":"Lizard Tail"},{"floor":46,"key":"Gambling Chip"},{"floor":47,"key":"Strawberry"},{"floor":54,"key":"Ice Cream"}],"event_choices":[{"damage_healed":0.0,"max_hp_gain":0.0,"max_hp_loss":0.0,"gold_gain":0.0,"event_name":"Living Wall","player_choice":"Grow","floor":4.0,"gold_loss":0.0,"damage_taken":0.0,"cards_upgraded":["Streamline"]},{"damage_healed":0.0,"max_hp_gain":0.0,"max_hp_loss":0.0,"gold_gain":0.0,"event_name":"WeMeetAgain","player_choice":"Gave Potion","floor":5.0,"gold_loss":0.0,"damage_taken":0.0,"relics_obtained":["Toxic Egg 2"]},{"damage_healed":0.0,"max_hp_gain":0.0,"max_hp_loss":0.0,"gold_gain":0.0,"event_name":"Addict","player_choice":"Obtained Relic","floor":29.0,"gold_loss":85.0,"damage_taken":0.0,"relics_obtained":["Orichalcum"]},{"damage_healed":0.0,"max_hp_gain":0.0,"max_hp_loss":0.0,"gold_gain":0.0,"event_name":"Colosseum","player_choice":"Fight","floor":30.0,"gold_loss":0.0,"damage_taken":0.0},{"damage_healed":0.0,"max_hp_gain":0.0,"max_hp_loss":0.0,"gold_gain":0.0,"event_name":"Colosseum","player_choice":"Fought Nobs","floor":30.0,"gold_loss":0.0,"damage_taken":0.0},{"damage_healed":0.0,"max_hp_gain":0.0,"max_hp_loss":0.0,"gold_gain":0.0,"event_name":"Ghosts","player_choice":"Ignored","floor":31.0,"gold_loss":0.0,"damage_taken":0.0},{"damage_healed":0.0,"max_hp_gain":0.0,"max_hp_loss":0.0,"gold_gain":0.0,"event_name":"Upgrade Shrine","player_choice":"Upgraded","floor":37.0,"gold_loss":0.0,"damage_taken":0.0,"cards_upgraded":["Creative AI"]},{"damage_healed":0,"gold_gain":0,"player_choice":"Fight","damage_taken":0,"max_hp_gain":0,"max_hp_loss":0,"event_name":"MindBloom","floor":45,"gold_loss":0},{"damage_healed":0,"gold_gain":0,"player_choice":"Fight","damage_taken":0,"max_hp_gain":0,"max_hp_loss":0,"event_name":"Mysterious Sphere","floor":46,"gold_loss":0}],"is_beta":false,"boss_relics":[{"not_picked":["Coffee Dripper","SacredBark"],"picked":"Calling Bell"},{"not_picked":["Tiny House","Velvet Choker"],"picked":"Fusion Hammer"}],"items_purged_floors":[20,41,53],"is_endless":false,"potions_floor_spawned":[2,11,12,19,24,28,30,35,36,39,45,48],"ascension_level":4}}