{"host":"uflv0e3ja7hvnij7","time":1608927231,"event":{"mods":["Aspiration","BaseMod","Better Altar","Better Match","Better Note","Better Sensory Stone","Better Skull","Better Third Choice","Conspire","Downfall","Hubris","Infinite Spire","Minty Spire (QoL Compilation)","Permanent Neow","StSLib"],"gold_per_floor":[113,113,123,134,10,35,49,66,66,82,82,3,3,37,37,132,132,149,149,162,177,177,177,177],"floor_reached":23,"playtime":1451,"items_purged":["Defend_P"],"score":262,"play_id":"99f035ae-a977-4080-a187-087c78ef843b","local_time":"20201225151351","is_ascension_mode":true,"campfire_choices":[{"data":"Vigilance","floor":11,"key":"SMITH"},{"data":"TalkToTheHand","floor":15,"key":"SMITH"}],"circlet_count":0,"master_deck":["Strike_P","Strike_P","Strike_P+1","Strike_P","Defend_P","Defend_P+1","Defend_P","Eruption+1","Vigilance+1","Halt","FlurryOfBlows","Wallop","Flash of Steel","Blasphemy","ClearTheMind","TalkToTheHand+1","LessonLearned","Cleave","Study"],"relics":["SlaversCollar","Mercury Hourglass","hubris:SphereOfDissonance","hubris:Towel","Prayer Wheel","aspiration:IroncladSkillbook","Unceasing Top","VioletLotus","Bloody Idol","Blood Vial"],"acts_visited":["Exordium","TheCity"],"potions_floor_usage":[6,8,14,14,23,23],"damage_taken":[{"damage":6,"enemies":"Jaw Worm","floor":1,"turns":8},{"damage":0,"enemies":"Small Slimes","floor":3,"turns":3},{"damage":5,"enemies":"2 Louse","floor":4,"turns":2},{"damage":0,"enemies":"Gremlin Nob","floor":6,"turns":3},{"damage":0,"enemies":"Blue Slaver","floor":7,"turns":3},{"damage":1,"enemies":"2 Fungi Beasts","floor":8,"turns":2},{"damage":2,"enemies":"Lots of Slimes","floor":10,"turns":3},{"damage":1,"enemies":"3 Sentries","floor":14,"turns":6},{"damage":29,"enemies":"The Guardian","floor":16,"turns":8},{"damage":11,"enemies":"3 Byrds","floor":18,"turns":4},{"damage":0,"enemies":"Spheric Guardian","floor":20,"turns":3},{"damage":0,"enemies":"Centurion and Healer","floor":21,"turns":3},{"damage":24,"enemies":"Gremlin Leader","floor":23,"turns":6}],"seed_played":"-1303965905764376372","potions_obtained":[{"floor":1,"key":"Fire Potion"},{"floor":4,"key":"Explosive Potion"},{"floor":8,"key":"EssenceOfSteel"},{"floor":10,"key":"Dexterity Potion"},{"floor":14,"key":"conspire:TimeTravelPotion"},{"floor":21,"key":"Weak Potion"}],"is_trial":false,"path_per_floor":["M","?","M","M","$","E","M","M","T","M","R","$","?","E","R","B",null,"M","AVR","M","M","?","E"],"character_chosen":"WATCHER","items_purchased":["Wallop","Flash of Steel","TalkToTheHand"],"campfire_rested":0,"item_purchase_floors":[5,5,12],"current_hp_per_floor":[66,66,66,61,61,61,61,60,60,58,58,58,58,57,57,28,72,65,65,69,72,17,0,0],"gold":177,"neow_bonus":"BOSS_RELIC","is_daily":false,"chose_seed":false,"campfire_upgraded":2,"win_rate":0.0,"timestamp":1608927231,"path_taken":["M","?","M","M","$","E","M","M","T","M","R","$","?","E","R","BOSS","M","AVR","M","M","?","E"],"items_purchased_type":["Card","Card","Card"],"build_version":"2020-12-22","purchased_purges":1,"victory":false,"max_hp_per_floor":[72,72,72,72,72,72,72,72,72,72,72,72,72,72,72,72,72,72,72,72,72,72,72,72],"card_choices":[{"not_picked":["Fasting2","FollowUp"],"picked":"Halt","floor":1},{"not_picked":["Worship","Evaluate","Halt"],"picked":"SKIP","floor":3},{"not_picked":["Meditate","Nirvana"],"picked":"FlurryOfBlows","floor":4},{"not_picked":["BattleHymn","Crescendo"],"picked":"Blasphemy","floor":6},{"not_picked":["Conclude","JustLucky","WaveOfTheHand"],"picked":"SKIP","floor":7},{"not_picked":["ReachHeaven","Sanctity"],"picked":"ClearTheMind","floor":8},{"not_picked":["FollowUp","SashWhip","PathToVictory"],"picked":"SKIP","floor":10},{"not_picked":["Prostrate","Pray","ThirdEye"],"picked":"SKIP","floor":14},{"not_picked":["Establishment","Wish"],"picked":"LessonLearned","floor":16},{"not_picked":["FlyingSleeves+1","Wallop","Havoc"],"picked":"Cleave","floor":18},{"not_picked":["Prostrate","conspire:ExplosiveBarrier","Cleave","Shrug It Off"],"picked":"SKIP","floor":18},{"not_picked":["Havoc","Anger","CrushJoints"],"picked":"Study","floor":20},{"not_picked":["Clash+1","CrushJoints","PathToVictory+1","EmptyBody"],"picked":"SKIP","floor":20},{"not_picked":["Meditate","Shrug It Off","Ghostly Armor","Wild Strike"],"picked":"SKIP","floor":21},{"not_picked":["hubris:SharpeningStone","Headbutt+1","BowlingBash+1","Combust"],"picked":"SKIP","floor":21}],"player_experience":376425,"relics_obtained":[{"floor":6,"key":"Mercury Hourglass"},{"floor":9,"key":"hubris:SphereOfDissonance"},{"floor":14,"key":"Prayer Wheel"}],"event_choices":[{"damage_healed":0,"gold_gain":0,"player_choice":"Grow","damage_taken":0,"max_hp_gain":0,"max_hp_loss":0,"event_name":"Living Wall","floor":2,"gold_loss":0,"cards_upgraded":["Eruption"]},{"damage_healed":0,"gold_gain":0,"player_choice":" Idol Vial ","damage_taken":55,"relics_obtained":["Bloody Idol","Blood Vial"],"max_hp_gain":72,"max_hp_loss":17,"event_name":"betterAltar:BetterAltar","floor":22,"potions_obtained":[],"relics_lost":[],"gold_loss":0}],"is_beta":false,"boss_relics":[{"not_picked":["aspiration:FutureDiary","Astrolabe"],"picked":"aspiration:IroncladSkillbook"}],"items_purged_floors":[19],"is_endless":false,"potions_floor_spawned":[1,4,8,10,14,21],"killed_by":"Gremlin Leader","ascension_level":3}}