{"host":"w3q5ijqu8eoknil3","time":1608933684,"event":{"mods":["BaseMod","Block Reminder","Colored Powertips","Minty Spire (QoL Compilation)","Quick Restart","Relic Stats","ojb\u0027s Better Paths Mod","ojb\u0027s Info Mod","slay the spire mod where everything is the same but ironclad has a cowboy hat"],"gold_per_floor":[115,190,54,54,66,98,117,144,214,227,227,252,252,278,278,278,278],"floor_reached":16,"playtime":415,"items_purged":[],"score":286,"play_id":"213bc819-17fb-4ab4-98e2-383cac7d3c47","local_time":"20201225220124","is_ascension_mode":true,"campfire_choices":[{"data":"Havoc","floor":13,"key":"SMITH"},{"data":"Power Through","floor":15,"key":"SMITH"}],"circlet_count":0,"master_deck":["AscendersBane","Strike_R","Strike_R","Strike_R","Strike_R","Defend_R","Defend_R","Defend_R","Defend_R","Bash","Power Through+1","Cleave","Evolve","Perfected Strike","Wild Strike","Havoc+1","Double Tap+1","Feel No Pain","Ghostly Armor+1","Cleave","Pummel","Feel No Pain"],"relics":["Burning Blood","NeowsBlessing","Prayer Wheel","Oddly Smooth Stone","Pear","Vajra","InkBottle"],"acts_visited":["Exordium"],"potions_floor_usage":[7,10,14,16,16],"damage_taken":[{"damage":0,"enemies":"Small Slimes","floor":1,"turns":1},{"damage":0,"enemies":"2 Louse","floor":5,"turns":1},{"damage":0,"enemies":"Lagavulin","floor":6,"turns":1},{"damage":1,"enemies":"Cultist","floor":7,"turns":3},{"damage":21,"enemies":"3 Sentries","floor":8,"turns":6},{"damage":15,"enemies":"3 Louse","floor":10,"turns":6},{"damage":11,"enemies":"Gremlin Nob","floor":14,"turns":3},{"damage":46,"enemies":"The Guardian","floor":16,"turns":14}],"seed_played":"-6307384482148175513","potions_obtained":[{"floor":1,"key":"Fire Potion"},{"floor":6,"key":"Regen Potion"},{"floor":7,"key":"Energy Potion"},{"floor":10,"key":"FearPotion"},{"floor":14,"key":"FearPotion"}],"is_trial":false,"path_per_floor":["M","?","$","?","M","E","M","E","T","M","?","T","R","E","R","B"],"character_chosen":"IRONCLAD","items_purchased":["Cleave","Evolve"],"campfire_rested":0,"item_purchase_floors":[3,3],"current_hp_per_floor":[74,63,63,63,69,75,75,60,70,76,50,50,50,45,45,0,0],"gold":278,"neow_bonus":"THREE_ENEMY_KILL","is_daily":false,"chose_seed":false,"campfire_upgraded":2,"win_rate":0.0,"timestamp":1608933684,"path_taken":["M","?","$","?","?","E","M","E","T","M","?","?","R","E","R","BOSS"],"items_purchased_type":["Card","Card"],"build_version":"2020-12-22","purchased_purges":0,"victory":false,"max_hp_per_floor":[75,75,75,75,75,75,75,75,85,85,85,85,85,85,85,85,85],"relic_stats":{"counters":[8,35],"Prayer Wheel":2,"obtain_stats":[{"Pear":9,"NeowsBlessing":0,"Oddly Smooth Stone":8,"Vajra":12,"Prayer Wheel":6,"Burning Blood":0,"InkBottle":14},{"Pear":5,"NeowsBlessing":0,"Oddly Smooth Stone":5,"Vajra":6,"Prayer Wheel":3,"Burning Blood":0,"InkBottle":7},{"Pear":12,"NeowsBlessing":0,"Oddly Smooth Stone":12,"Vajra":18,"Prayer Wheel":3,"Burning Blood":0,"InkBottle":21}],"Burning Blood":37,"InkBottle":[4]},"card_choices":[{"not_picked":["Iron Wave","Sword Boomerang"],"picked":"Power Through","floor":1},{"not_picked":["Havoc","Pommel Strike"],"picked":"Wild Strike","floor":5},{"not_picked":["Thunderclap","Iron Wave"],"picked":"Havoc","floor":6},{"not_picked":["Reckless Charge","Intimidate"],"picked":"Double Tap","floor":7},{"not_picked":["Second Wind","Iron Wave"],"picked":"Feel No Pain","floor":7},{"not_picked":["Pommel Strike","Thunderclap"],"picked":"Ghostly Armor","floor":8},{"not_picked":["Iron Wave","Twin Strike"],"picked":"Cleave","floor":10},{"not_picked":["Seeing Red","Rupture"],"picked":"Pummel","floor":10},{"not_picked":["Heavy Blade","Perfected Strike"],"picked":"Feel No Pain","floor":14}],"player_experience":946162,"relics_obtained":[{"floor":6,"key":"Prayer Wheel"},{"floor":8,"key":"Oddly Smooth Stone"},{"floor":9,"key":"Pear"},{"floor":12,"key":"Vajra"},{"floor":14,"key":"InkBottle"}],"event_choices":[{"damage_healed":0,"gold_gain":75,"player_choice":"Gather Gold","damage_taken":11,"max_hp_gain":0,"max_hp_loss":0,"event_name":"World of Goop","floor":2,"gold_loss":0},{"damage_healed":0,"gold_gain":0,"cards_transformed":["Strike_R"],"player_choice":"Transformed","damage_taken":0,"max_hp_gain":0,"max_hp_loss":0,"event_name":"Transmorgrifier","floor":4,"gold_loss":0,"cards_obtained":["Perfected Strike"]},{"damage_healed":0,"gold_gain":0,"player_choice":"Entered Light","damage_taken":26,"max_hp_gain":0,"max_hp_loss":0,"event_name":"Shining Light","floor":11,"gold_loss":0,"cards_upgraded":["Ghostly Armor","Double Tap"]}],"is_beta":false,"boss_relics":[],"items_purged_floors":[],"is_endless":false,"potions_floor_spawned":[1,6,7,10,14],"killed_by":"The Guardian","ascension_level":20}}