{"host":"cr9rpoy6dx9riis3","time":1608917169,"event":{"mods":["AchievementEnabler","BaseMod","Better Altar","Better Note","Better Sensory Stone","Better Skull","Better Third Choice","Better-Laid Plans","BetterRewards","Block Reminder","Curses Come First","Displayed Cursed Tome","Emptier Cage","Marked Mod","Minty Spire (QoL Compilation)","Permanent Neow","Relic Sorter","StSLib","The Blue Laboratory","Transform Curses"],"gold_per_floor":[116,116,5,20,95,95,109,138,138,138,43,43,57,71,71,71,71],"floor_reached":16,"playtime":356,"items_purged":["Strike_R"],"score":130,"play_id":"dd9abff5-a264-4358-b5ea-d4287be81eec","local_time":"20201225182609","is_ascension_mode":true,"campfire_choices":[{"data":"Rampage","floor":6,"key":"SMITH"},{"data":"Ghostly Armor","floor":10,"key":"SMITH"},{"data":"Blind","floor":15,"key":"SMITH"}],"circlet_count":0,"master_deck":["Strike_R","Strike_R","Strike_R","Defend_R","Defend_R","Defend_R","Defend_R","Bash","Rampage+1","Ghostly Armor+1","Blind+1"],"relics":["Burning Blood","Kunai"],"acts_visited":["Exordium"],"potions_floor_usage":[8,16,16],"damage_taken":[{"damage":4,"enemies":"2 Louse","floor":1,"turns":3},{"damage":1,"enemies":"Cultist","floor":4,"turns":4},{"damage":7,"enemies":"Small Slimes","floor":7,"turns":4},{"damage":25,"enemies":"Lagavulin","floor":8,"turns":5},{"damage":5,"enemies":"3 Louse","floor":13,"turns":5},{"damage":6,"enemies":"Exordium Wildlife","floor":14,"turns":5},{"damage":58,"enemies":"Slime Boss","floor":16,"turns":7}],"seed_played":"-4425089894503072122","potions_obtained":[{"floor":4,"key":"blueLaboratory:BottleOfRum"},{"floor":14,"key":"AttackPotion"}],"is_trial":false,"path_per_floor":["M","?","$","M","?","R","M","E","T","R","$","?","M","M","R","B"],"character_chosen":"IRONCLAD","items_purchased":["Rampage","Fire Potion","Ghostly Armor","Blind"],"campfire_rested":0,"item_purchase_floors":[0,0,3,11],"current_hp_per_floor":[74,79,79,84,73,73,72,53,53,53,53,53,54,54,54,0,0],"gold":71,"neow_bonus":"","is_daily":false,"chose_seed":false,"campfire_upgraded":3,"win_rate":0.0,"timestamp":1608917169,"path_taken":["M","?","$","M","?","R","M","E","T","R","$","?","M","?","R","BOSS"],"items_purchased_type":["Card","Potion","Card","Card"],"build_version":"2020-12-22","purchased_purges":1,"victory":false,"max_hp_per_floor":[80,85,85,85,85,85,85,85,85,85,85,85,85,85,85,85,85],"card_choices":[{"not_picked":["Combust","Entrench","Anger"],"picked":"SKIP","floor":1},{"not_picked":["Anger","True Grit","Clothesline"],"picked":"SKIP","floor":4},{"not_picked":["Iron Wave","Inflame","Infernal Blade"],"picked":"SKIP","floor":7},{"not_picked":["Flex","Shockwave","Havoc"],"picked":"SKIP","floor":8},{"not_picked":["Infernal Blade","Fire Breathing","Warcry"],"picked":"SKIP","floor":13},{"not_picked":["Whirlwind","Headbutt","Body Slam"],"picked":"SKIP","floor":14}],"player_experience":746519,"relics_obtained":[{"floor":8,"key":"Kunai"}],"event_choices":[{"damage_healed":0,"gold_gain":0,"player_choice":"Donut","damage_taken":0,"max_hp_gain":5,"max_hp_loss":0,"event_name":"Big Fish","floor":2,"gold_loss":0},{"damage_healed":0,"gold_gain":75,"player_choice":"Gold","damage_taken":11,"max_hp_gain":0,"max_hp_loss":0,"event_name":"betterThird:BetterGoop","floor":5,"gold_loss":0},{"cards_removed":["Strike_R"],"damage_healed":0,"gold_gain":0,"player_choice":"Purged","damage_taken":0,"max_hp_gain":0,"max_hp_loss":0,"event_name":"Purifier","floor":12,"gold_loss":0}],"is_beta":false,"boss_relics":[],"items_purged_floors":[3],"is_endless":false,"potions_floor_spawned":[4,14],"killed_by":"Slime Boss","ascension_level":6}}