{"host":"vjkx177ju3wjmzef","time":1608901922,"event":{"mods":["BaseMod","Block Reminder","Colored Map","Colored Powertips","DeckTracker","Googly Eyes","Highlight Path","Minty Spire (QoL Compilation)","Quick Restart","Random Character Button","Relic Stats","Replay The Spire","StSLib"],"gold_per_floor":[115,290,290,10,85,85,35,9,9,9,27,59,5,25,25,25,25],"floor_reached":16,"playtime":767,"items_purged":["Regret"],"score":96,"play_id":"481eb6b5-20b5-45a3-aea4-1e1d7d122503","local_time":"20201225071202","is_ascension_mode":false,"campfire_choices":[{"data":"Replay:ManipulateFuture","floor":6.0,"key":"SMITH"},{"data":"EmptyFist","floor":10.0,"key":"SMITH"},{"floor":15.0,"key":"DIG"}],"circlet_count":0,"master_deck":["Strike_P","Strike_P","Strike_P","Strike_P","Defend_P","Defend_P","Defend_P","Defend_P","Eruption+1","Vigilance","Replay:ManipulateFuture+1","ClearTheMind","EmptyFist+1","FlyingSleeves","Replay:Hum","FollowUp","Nirvana"],"relics":["PureWater","Replay:Bottled Steam","ReplayFunnel","Potion Belt","Singing Bowl","Strawberry"],"acts_visited":["Exordium"],"potions_floor_usage":[16,16],"damage_taken":[{"damage":6.0,"enemies":"Jaw Worm","floor":1.0,"turns":3.0},{"damage":0.0,"enemies":"Small Slimes","floor":11.0,"turns":3.0},{"damage":45.0,"enemies":"3 Sentries","floor":12.0,"turns":13.0},{"damage":0.0,"enemies":"2 Louse","floor":14.0,"turns":2.0},{"damage":41,"enemies":"Fading Forest","floor":16,"turns":10}],"seed_played":"4606620207974649779","potions_obtained":[{"floor":1.0,"key":"SteroidPotion"},{"floor":12.0,"key":"Dexterity Potion"}],"is_trial":false,"path_per_floor":["M","?","?","$","?","R","?","$","T","R","M","E","$","M","R_BF","B"],"character_chosen":"WATCHER","items_purchased":["ReplayFunnel","ClearTheMind","EmptyFist","FollowUp"],"campfire_rested":0,"item_purchase_floors":[4,4,8,13],"current_hp_per_floor":[66,66,66,66,55,55,55,55,55,55,55,10,10,10,17,0,0],"gold":25,"neow_bonus":"UPGRADE_CARD","is_daily":false,"chose_seed":false,"campfire_upgraded":2,"win_rate":0.0,"timestamp":1608901922,"path_taken":["M","?","?","$","?","R","?","?","T","R","M","E","$","M","R_BF","BOSS"],"items_purchased_type":["Relic","Card","Card","Card"],"build_version":"2020-12-22","purchased_purges":1,"victory":false,"max_hp_per_floor":[72,72,72,72,72,72,72,72,72,72,72,72,72,72,79,79,79],"relic_stats":{"Singing Bowl":0,"counters":[5,31],"obtain_stats":[{"ReplayFunnel":4,"Potion Belt":9,"Singing Bowl":12,"Strawberry":15,"PureWater":0,"Replay:Bottled Steam":3},{"ReplayFunnel":1,"Potion Belt":1,"Singing Bowl":3,"Strawberry":4,"PureWater":0,"Replay:Bottled Steam":1},{"ReplayFunnel":3,"Potion Belt":3,"Singing Bowl":19,"Strawberry":21,"PureWater":0,"Replay:Bottled Steam":3}]},"card_choices":[{"not_picked":["Sanctity","Indignation"],"picked":"Replay:ManipulateFuture","floor":1.0},{"not_picked":["Wallop","Crescendo"],"picked":"FlyingSleeves","floor":11.0},{"not_picked":["Scrawl","PathToVictory"],"picked":"Replay:Hum","floor":12.0},{"not_picked":["Fasting2","FlyingSleeves"],"picked":"Nirvana","floor":14.0}],"player_experience":142530,"relics_obtained":[{"floor":9.0,"key":"Potion Belt"},{"floor":12.0,"key":"Singing Bowl"},{"floor":15.0,"key":"Strawberry"}],"event_choices":[{"damage_healed":0.0,"max_hp_gain":0.0,"max_hp_loss":0.0,"gold_gain":175.0,"event_name":"Liars Game","player_choice":"AGREE","floor":2.0,"gold_loss":0.0,"damage_taken":0.0,"cards_obtained":["Doubt"]},{"damage_healed":0.0,"max_hp_gain":0.0,"max_hp_loss":0.0,"gold_gain":0.0,"event_name":"Big Fish","player_choice":"Box","floor":3.0,"gold_loss":0.0,"damage_taken":0.0,"relics_obtained":["Replay:Bottled Steam"],"cards_obtained":["Regret"]},{"damage_healed":0.0,"max_hp_gain":0.0,"max_hp_loss":0.0,"gold_gain":75.0,"event_name":"World of Goop","player_choice":"Gather Gold","floor":5.0,"gold_loss":0.0,"damage_taken":11.0},{"cards_removed":["Doubt"],"damage_healed":0.0,"max_hp_gain":0.0,"max_hp_loss":0.0,"gold_gain":0.0,"event_name":"The Cleric","player_choice":"Card Removal","floor":7.0,"gold_loss":50.0,"damage_taken":0.0}],"is_beta":false,"boss_relics":[],"items_purged_floors":[4],"is_endless":false,"potions_floor_spawned":[1,12],"killed_by":"Fading Forest","ascension_level":0}}