{"host":"sp1zv0ju5tlq9i78","time":1608931174,"event":{"mods":["2.2 Compatiblity","Act Like it!","BaseMod","Better Match","Better Note","Better Skull","Better Third Choice","CapriCore","Marked Mod","Minty Spire (QoL Compilation)","StSLib","The Marked","vexMod"],"gold_per_floor":[114,129,109,124,139,169,184,184,184,149,164,194,194,194,194,294,294,309,309,309,309,107,107,137,137,187,37,37,67,82,82,82,82,82],"floor_reached":33,"playtime":1226,"items_purged":[],"score":366,"play_id":"7a07a8e0-1c57-4f85-8d28-75b00aea4455","local_time":"20201225151934","daily_mods":["Draft","Purple Cards","Elite Swarm"],"is_ascension_mode":false,"campfire_choices":[{"floor":8,"key":"REST"},{"floor":15,"key":"REST"},{"floor":23,"key":"REST"},{"data":"theMarked:WardOff","floor":25,"key":"SMITH"},{"floor":32,"key":"REST"}],"circlet_count":0,"master_deck":["theMarked:HeightenedSenses","theMarked:BanishingWave","theMarked:Static","theMarked:Overcharge","theMarked:Aftermath","theMarked:ElectricStrings","theMarked:EmpowerWeapon","theMarked:EmpowerWeapon","theMarked:PowerFlow+1","theMarked:WardOff+1","theMarked:WastefulAttack","theMarked:BanishingStrike","theMarked:BanishingStrike","theMarked:TwofoldDefense","theMarked:ResourceFulStrike","theMarked:PowerFlow+1","theMarked:ChainLightning","theMarked:Static","theMarked:Frustration","theMarked:EternalStudent","theMarked:ElectricStrings","theMarked:WardOff","theMarked:SuspiciousRaven","theMarked:SuspiciousRaven","theMarked:GodGivenPower","theMarked:Electrocute+1","theMarked:Aftermath","theMarked:EternalStudent","theMarked:EternalStudent","theMarked:Polarize"],"relics":["theMarked:ArtifactOfAir","Omamori","Shuriken","Pen Nib","Calling Bell","Oddly Smooth Stone","Molten Egg 2","Thread and Needle","Lantern","Darkstone Periapt","Juzu Bracelet","Nunchaku","Nloth\u0027s Gift"],"acts_visited":["Exordium","TheCity"],"potions_floor_usage":[6,12,16,30,33,33],"damage_taken":[{"damage":15,"enemies":"Small Slimes","floor":1,"turns":2},{"damage":0,"enemies":"Cultist","floor":2,"turns":2},{"damage":2,"enemies":"2 Louse","floor":4,"turns":2},{"damage":0,"enemies":"Large Slime","floor":5,"turns":2},{"damage":23,"enemies":"3 Sentries","floor":6,"turns":4},{"damage":11,"enemies":"Exordium Wildlife","floor":7,"turns":3},{"damage":12,"enemies":"Blue Slaver","floor":11,"turns":2},{"damage":4,"enemies":"Gremlin Nob","floor":12,"turns":3},{"damage":0,"enemies":"Slime Boss","floor":16,"turns":5},{"damage":14,"enemies":"Shell Parasite","floor":18,"turns":5},{"damage":0,"enemies":"Gremlin Leader","floor":24,"turns":4},{"damage":52,"enemies":"Book of Stabbing","floor":29,"turns":5},{"damage":2,"enemies":"Spheric Guardian","floor":30,"turns":3},{"damage":58,"enemies":"Champ","floor":33,"turns":9}],"seed_played":"-567031674859551473","potions_obtained":[{"floor":3,"key":"AttackPotion"},{"floor":4,"key":"PowerPotion"},{"floor":7,"key":"Fire Potion"},{"floor":16,"key":"GamblersBrew"},{"floor":18,"key":"EssenceOfSteel"},{"floor":30,"key":"Explosive Potion"}],"is_trial":false,"path_per_floor":["M","M","?","M","M","E","M","R","T","?","M","E","?","?","R","B",null,"M","?","?","?","$","R","E","R","T","$","?","E","M","?","R","B"],"character_chosen":"THE_DEFAULT","items_purchased":["Lantern","theMarked:Aftermath","Anchor"],"campfire_rested":4,"item_purchase_floors":[22,22,27],"current_hp_per_floor":[55,55,55,53,53,30,19,40,40,57,45,41,27,34,55,55,70,56,56,56,56,56,70,70,70,70,70,70,18,16,16,37,0,0],"gold":82,"neow_bonus":"","is_daily":true,"chose_seed":false,"campfire_upgraded":1,"win_rate":0.0,"timestamp":1608931174,"path_taken":["M","M","?","M","?","E","M","R","T","?","M","E","?","?","R","BOSS","M","?","?","?","$","R","E","R","T","?","?","E","M","?","R","BOSS"],"items_purchased_type":["Relic","Card","Relic"],"build_version":"2020-12-22","purchased_purges":0,"victory":false,"max_hp_per_floor":[70,70,70,70,70,70,70,70,70,70,70,70,70,70,70,70,70,70,70,70,70,70,70,70,70,70,70,70,70,70,70,70,70,70],"card_choices":[{"not_picked":["theMarked:BanishingStrike","theMarked:Frustration"],"picked":"theMarked:HeightenedSenses","floor":0},{"not_picked":["theMarked:RepellingDischarge","theMarked:Electrify"],"picked":"theMarked:BanishingWave","floor":0},{"not_picked":["theMarked:MaelstromOfLightning","theMarked:MysticalArsenal"],"picked":"theMarked:Static","floor":0},{"not_picked":["theMarked:HeightenedSenses","theMarked:Electrocute"],"picked":"theMarked:Overcharge","floor":0},{"not_picked":["theMarked:ChainLightning","theMarked:BanishingWave"],"picked":"theMarked:Aftermath","floor":0},{"not_picked":["theMarked:Overthink","theMarked:Improvise"],"picked":"theMarked:ElectricStrings","floor":0},{"not_picked":["theMarked:SwordAndMagic","theMarked:TakeCover"],"picked":"theMarked:EmpowerWeapon","floor":0},{"not_picked":["theMarked:Improvise","theMarked:ElectricStrings"],"picked":"theMarked:EmpowerWeapon","floor":0},{"not_picked":["theMarked:ShockingTouch","theMarked:EmpowerWeapon"],"picked":"theMarked:PowerFlow","floor":0},{"not_picked":["theMarked:SwordAndMagic","theMarked:ParalyzingBlade"],"picked":"theMarked:WardOff","floor":0},{"not_picked":["theMarked:SwordAndMagic","theMarked:ElectricStrings"],"picked":"theMarked:WastefulAttack","floor":0},{"not_picked":["theMarked:Panic","theMarked:PowerFlow"],"picked":"theMarked:BanishingStrike","floor":0},{"not_picked":["theMarked:HeightenedSenses","theMarked:ElectricStrings"],"picked":"theMarked:BanishingStrike","floor":0},{"not_picked":["theMarked:CreepingChasm","theMarked:WardOff"],"picked":"theMarked:TwofoldDefense","floor":0},{"not_picked":["theMarked:HeightenedSenses","theMarked:LightningStrikesTwice"],"picked":"theMarked:ResourceFulStrike","floor":0},{"not_picked":["theMarked:WastefulAttack","theMarked:HeightenedSenses"],"picked":"theMarked:PowerFlow","floor":1},{"not_picked":["theMarked:Convert","theMarked:PowerFlow"],"picked":"theMarked:ChainLightning","floor":2},{"not_picked":["theMarked:CreepingChasm","theMarked:EnhanceMovement"],"picked":"theMarked:Static","floor":4},{"not_picked":["theMarked:Parkour","theMarked:ResourceFulStrike"],"picked":"theMarked:Frustration","floor":5},{"not_picked":["theMarked:Snap","theMarked:DispelDoubt"],"picked":"theMarked:EternalStudent","floor":6},{"not_picked":["theMarked:LightningStrikesTwice","theMarked:EmpowerWeapon"],"picked":"theMarked:ElectricStrings","floor":7},{"not_picked":["theMarked:ChainLightning","theMarked:BanishingWave"],"picked":"theMarked:WardOff","floor":11},{"not_picked":["theMarked:Challenge","theMarked:TurnInvisible"],"picked":"theMarked:SuspiciousRaven","floor":12},{"not_picked":["theMarked:Snap","theMarked:FavorableWinds"],"picked":"theMarked:SuspiciousRaven","floor":16},{"not_picked":["theMarked:Indomitable+1","theMarked:SwordAndMagic+1"],"picked":"theMarked:GodGivenPower","floor":18},{"not_picked":["theMarked:Levitate","theMarked:ChannelForce"],"picked":"theMarked:EternalStudent","floor":24},{"not_picked":["theMarked:MuscleMemory+1","theMarked:SoldierForm"],"picked":"theMarked:EternalStudent","floor":29},{"not_picked":["theMarked:WastefulAttack+1","theMarked:EmpowerWeapon"],"picked":"theMarked:Polarize","floor":30}],"player_experience":282425,"relics_obtained":[{"floor":6,"key":"Omamori"},{"floor":9,"key":"Shuriken"},{"floor":12,"key":"Pen Nib"},{"floor":17,"key":"Oddly Smooth Stone"},{"floor":17,"key":"Molten Egg 2"},{"floor":17,"key":"Thread and Needle"},{"floor":24,"key":"Darkstone Periapt"},{"floor":26,"key":"Juzu Bracelet"},{"floor":29,"key":"Nunchaku"}],"event_choices":[{"damage_healed":0,"gold_gain":0,"player_choice":"Bought 1 Potion","damage_taken":0,"max_hp_gain":0,"max_hp_loss":0,"event_name":"The Woman in Blue","floor":3,"gold_loss":0},{"damage_healed":17,"gold_gain":0,"player_choice":"Healed","damage_taken":0,"max_hp_gain":0,"max_hp_loss":0,"event_name":"The Cleric","floor":10,"gold_loss":35},{"damage_healed":41,"gold_gain":0,"player_choice":"Upgrade","damage_taken":14,"max_hp_gain":0,"max_hp_loss":70,"event_name":"betterThird:BetterShining","floor":13,"gold_loss":0,"cards_upgraded":["theMarked:PowerFlow","theMarked:PowerFlow"]},{"damage_healed":0,"gold_gain":0,"player_choice":"Ignored","damage_taken":0,"max_hp_gain":0,"max_hp_loss":0,"event_name":"Ghosts","floor":19,"gold_loss":0},{"damage_healed":0,"gold_gain":0,"player_choice":"Simplicity","damage_taken":0,"max_hp_gain":0,"max_hp_loss":0,"event_name":"betterThird:BetterWriting","floor":20,"gold_loss":0},{"damage_healed":0,"gold_gain":0,"player_choice":"Read","damage_taken":0,"max_hp_gain":0,"max_hp_loss":0,"event_name":"The Library","floor":21,"gold_loss":0,"cards_obtained":["theMarked:Electrocute"]},{"damage_healed":0,"gold_gain":0,"player_choice":"Ignored","damage_taken":0,"max_hp_gain":0,"max_hp_loss":0,"event_name":"Vampires","floor":28,"gold_loss":0},{"damage_healed":0,"gold_gain":0,"player_choice":"Traded Relic","damage_taken":0,"relics_obtained":["Nloth\u0027s Gift"],"max_hp_gain":0,"max_hp_loss":0,"event_name":"N\u0027loth","floor":31,"relics_lost":["Anchor"],"gold_loss":0}],"is_beta":false,"boss_relics":[{"not_picked":["vexMod:BigBerry","vexMod:RockOfEvil"],"picked":"Calling Bell"}],"items_purged_floors":[],"is_endless":false,"potions_floor_spawned":[4,7,16,18,30],"killed_by":"Champ","ascension_level":0}}