{"host":"2c1pg2m9wpz3w4c0","time":1608876734,"event":{"mods":["AchievementEnabler","Act Like it!","Aspiration","BaseMod","Better Note","BetterRewards","Disable Question Mark Monsters","Halation","Hubris","Infinite Spire","Lotus Mark","Marisa????????","Minty Spire (QoL Compilation)","Replay The Spire","StSLib","SuperFastMode","The Clintock","The Jungle","The Runesmith","Transform Curses"],"gold_per_floor":[116,116,133,86,86,86,86,107,107,71,96,96,96,112,112,237,237,258,258,258,277,277,277,295,320,370,222,222,342,386,400,400,526,526,539,539,564,564,585,585,609,609,634,655,655,674,674,688,688,688],"floor_reached":51,"playtime":2425,"items_purged":[],"score":1034,"play_id":"7478b6e8-7cb8-48aa-8458-b8787bf37383","local_time":"20201224231214","is_ascension_mode":false,"campfire_choices":[{"floor":6.0,"key":"REST"},{"floor":15.0,"key":"REST"},{"floor":23,"key":"DIG"},{"data":"Runesmith:Fortify","floor":28,"key":"SMITH"},{"floor":32,"key":"REST"},{"data":"Runesmith:CraftObretio","floor":40,"key":"SMITH"},{"floor":42,"key":"DIG"},{"data":"Runesmith:DoubleUp","floor":49,"key":"SMITH"}],"circlet_count":0,"master_deck":["Runesmith:Strike_RS","Runesmith:Strike_RS","Runesmith:Strike_RS","Runesmith:Defend_RS","Runesmith:Defend_RS","Runesmith:Defend_RS","Runesmith:Defend_RS","Runesmith:CraftFirestone","Runesmith:Fortify+1","Runesmith:LithiumIon","Runesmith:BackupBattery","Runesmith:Attraction+1","Runesmith:RuneHurl","Runesmith:LithiumIon","Runesmith:CraftProtectio+1","Runesmith:CraftMagma","Runesmith:DuctTape","Runesmith:HammerThrow","Runesmith:ChiselStab","Injury","Runesmith:Prism","Runesmith:PerfectChisel","Runesmith:EarthShield","Runesmith:WhiteBalance+1","Runesmith:BackupBattery","Runesmith:UnlimitedPower","Runesmith:EarthShield+1","hubris:ReadiedAction+1","Runesmith:EarthShield","Runesmith:LithiumIon+1","Runesmith:Firestorm","Runesmith:RunicBlueprint","Runesmith:PoweredAnvil","Runesmith:DoubleUp+1","Runesmith:CraftMagma","Runesmith:Duplicate","Runesmith:WhiteBalance+1","Wraith","Runesmith:HammerThrow","Parasite","Runesmith:CraftObretio+1","Runesmith:EnergizedChisel+1","Runesmith:PerfectChisel+1","Runesmith:Augment+1","Runesmith:Grindstone"],"relics":["Runesmith:BrokenRuby","halation:BottledLove","hubris:64BitClover","Replay:Baseball","Blood Vial","Golden Idol","hubris:PeanutButter","Black Star","hubris:Reverence","halation:PinkSoulGem","Shovel","infinitespire:Broken Mirror","Runesmith:EmergencyProvisions","Pantograph","infinitespire:PuzzleCube","Honey Jar","Ancient Tea Set","halation:PapillonHeart","aspiration:TomeofQuesting","ReplayTheSpireMod:TigerMarble","halation:EternalFortune","hubris:Icosahedron"],"acts_visited":["Exordium","theJungle:Jungle","TheBeyond"],"potions_floor_usage":[30,31,35,41,50,50],"damage_taken":[{"damage":6.0,"enemies":"Small Slimes","floor":1.0,"turns":3.0},{"damage":0.0,"enemies":"Cultist","floor":3.0,"turns":3.0},{"damage":0.0,"enemies":"2 Louse","floor":8.0,"turns":3.0},{"damage":0.0,"enemies":"Blue Slaver","floor":11.0,"turns":4.0},{"damage":0.0,"enemies":"3 Louse","floor":14.0,"turns":4.0},{"damage":0.0,"enemies":"The Guardian","floor":16.0,"turns":9.0},{"damage":4.0,"enemies":"theJungle:MUSHROOMGANG","floor":18.0,"turns":6.0},{"damage":0.0,"enemies":"theJungle:5_Spyders","floor":21.0,"turns":9.0},{"damage":0,"enemies":"theJungle:SlimyTreeVines","floor":24,"turns":9},{"damage":1,"enemies":"theJungle:2_Snecko_Cultists","floor":25,"turns":4},{"damage":0,"enemies":"theJungle:2_Phrogs","floor":30,"turns":7},{"damage":3,"enemies":"theJungle:Lyon","floor":31,"turns":7},{"damage":0,"enemies":"theJungle:QueenSpyder","floor":33,"turns":15},{"damage":6,"enemies":"3 Darklings","floor":35,"turns":5},{"damage":20,"enemies":"3 Shapes","floor":37,"turns":5},{"damage":4,"enemies":"Writhing Mass","floor":39,"turns":7},{"damage":0,"enemies":"Transient","floor":41,"turns":5},{"damage":0,"enemies":"4 Shapes","floor":44,"turns":6},{"damage":0,"enemies":"Sphere and 2 Shapes","floor":46,"turns":4},{"damage":0,"enemies":"Transient","floor":48,"turns":5},{"damage":37,"enemies":"Donu and Deca","floor":50,"turns":12}],"seed_played":"4925456660842515087","potions_obtained":[{"floor":1.0,"key":"Ancient Potion"},{"floor":8.0,"key":"SkillPotion"},{"floor":11.0,"key":"BlessingOfTheForge"},{"floor":25,"key":"Milkshake"},{"floor":30,"key":"Doom Potion"},{"floor":33,"key":"LiquidBronze"},{"floor":39,"key":"GamblersBrew"},{"floor":46,"key":"Explosive Potion"},{"floor":48,"key":"SmokeBomb"}],"is_trial":false,"path_per_floor":["M","?","M","$","?","R","?","M","T","$","M","?","?","M","R","B",null,"M","?","?","M","?","R","M","M","T","$","R","?","E","M","R","B",null,"M","?","M","?","M","R","M","R","T","M","?","M","?","M","R","B",null],"character_chosen":"RUNESMITH_CLASS","items_purchased":["halation:BottledLove","Runesmith:LithiumIon","Runesmith:BackupBattery","Runesmith:Attraction","Runesmith:RuneHurl","Runesmith:LithiumIon","Runesmith:CraftProtectio","Replay:Baseball","Blood Vial","Block Potion","Runesmith:ChiselStab","Runesmith:PerfectChisel","Runesmith:RunicBlueprint","Runesmith:PoweredAnvil"],"campfire_rested":3,"item_purchase_floors":[0,0,0,0,0,0,0,0,0,0,4,10,27,27],"current_hp_per_floor":[45,45,47,47,52,74,74,75,75,75,75,60,60,62,75,75,75,71,71,71,73,53,53,61,62,62,62,62,51,53,52,74,75,75,69,69,51,51,49,49,51,51,51,53,56,58,58,60,60,37],"gold":688,"neow_bonus":"","is_daily":false,"chose_seed":false,"campfire_upgraded":3,"win_rate":0.0,"timestamp":1608876734,"path_taken":["M","?","?","$","?","R","?","M","T","?","M","?","?","M","R","BOSS","M","?","?","M","?","R","M","?","T","$","R","?","E","M","R","BOSS","M","?","M","?","M","R","M","R","T","M","?","M","?","M","R","BOSS"],"items_purchased_type":["Relic","Card","Card","Card","Card","Card","Card","Relic","Relic","Potion","Card","Card","Card","Card"],"build_version":"2020-12-22","purchased_purges":0,"victory":true,"max_hp_per_floor":[70,70,70,70,75,75,75,75,75,75,75,75,75,75,75,75,75,75,75,75,75,75,75,75,75,75,75,75,75,75,75,75,75,75,75,75,75,71,71,71,71,71,71,71,74,74,74,74,74,74],"card_choices":[{"not_picked":["Runesmith:Firewall","Runesmith:Electrocute"],"picked":"Runesmith:CraftMagma","floor":1.0},{"not_picked":["Runesmith:Permafrost","Runesmith:CraftMagma"],"picked":"Runesmith:HammerThrow","floor":3.0},{"not_picked":["Runesmith:HammerThrow","Runesmith:Grindstone"],"picked":"Runesmith:Prism","floor":8.0},{"not_picked":["Runesmith:Repurpose","Runesmith:ShiftingStrike"],"picked":"Runesmith:EarthShield","floor":11.0},{"not_picked":["Runesmith:UnstableHammer","Runesmith:HammerTime"],"picked":"Runesmith:BackupBattery","floor":14.0},{"not_picked":["Runesmith:CraftMedicinae","Runesmith:GenerateForcefield"],"picked":"Runesmith:UnlimitedPower","floor":16.0},{"not_picked":["Runesmith:CraftProtectio","Runesmith:HammerThrow"],"picked":"Runesmith:EarthShield+1","floor":18.0},{"not_picked":["Runesmith:LithiumIon","Runesmith:BackupBattery"],"picked":"Runesmith:EarthShield","floor":21},{"not_picked":["Runesmith:CraftIncendium","Runesmith:HammerTime"],"picked":"Runesmith:LithiumIon+1","floor":24},{"not_picked":["Runesmith:UnstableHammer+1","Runesmith:HeatExchange"],"picked":"Runesmith:Firestorm","floor":25},{"not_picked":["Runesmith:BackupBattery","Runesmith:CraftProtectio+1"],"picked":"Runesmith:DoubleUp","floor":30},{"not_picked":["Runesmith:Firestorm","Runesmith:Repurpose"],"picked":"Runesmith:CraftMagma","floor":31},{"not_picked":["Runesmith:UnlimitedPower","Runesmith:LastStand"],"picked":"Runesmith:Duplicate","floor":33},{"not_picked":["Runesmith:ShiftingStrike+1","Runesmith:UnstableHammer","Runesmith:StaticCage"],"picked":"Runesmith:WhiteBalance+1","floor":35},{"not_picked":["Runesmith:BackupBattery","Runesmith:CraftProtectio","Runesmith:Repurpose"],"picked":"Runesmith:HammerThrow","floor":37},{"not_picked":["Runesmith:EarthShield+1","Runesmith:BackupBattery","Runesmith:MakeshiftArmor"],"picked":"Runesmith:CraftObretio","floor":39},{"not_picked":["Runesmith:LastStand","Runesmith:CraftVitae+1","Runesmith:HeatExchange+1"],"picked":"Runesmith:EnergizedChisel+1","floor":41},{"not_picked":["Runesmith:Firewall","Runesmith:Prism","Runesmith:Attraction+1"],"picked":"Runesmith:PerfectChisel+1","floor":44},{"not_picked":["Runesmith:ChargedHammer","Runesmith:StaticCage","Runesmith:ShiftingStrike+1"],"picked":"Runesmith:Augment+1","floor":46},{"not_picked":["Runesmith:OneForEveryone","Runesmith:StaticCage","Runesmith:FieryHammer"],"picked":"Runesmith:Grindstone","floor":48}],"player_experience":1127496,"relics_obtained":[{"floor":9.0,"key":"hubris:PeanutButter"},{"floor":18.0,"key":"hubris:Reverence"},{"floor":23,"key":"infinitespire:Broken Mirror"},{"floor":26,"key":"Runesmith:EmergencyProvisions"},{"floor":30,"key":"Pantograph"},{"floor":30,"key":"infinitespire:PuzzleCube"},{"floor":37,"key":"Ancient Tea Set"},{"floor":42,"key":"aspiration:TomeofQuesting"},{"floor":43,"key":"ReplayTheSpireMod:TigerMarble"}],"event_choices":[{"damage_healed":0.0,"max_hp_gain":0.0,"max_hp_loss":0.0,"gold_gain":0.0,"event_name":"Match and Keep!","player_choice":"1 cards matched","floor":2.0,"gold_loss":0.0,"damage_taken":0.0,"cards_obtained":["Runesmith:DuctTape"]},{"damage_healed":0.0,"max_hp_gain":5.0,"max_hp_loss":0.0,"gold_gain":0.0,"event_name":"Big Fish","player_choice":"Donut","floor":5.0,"gold_loss":0.0,"damage_taken":0.0},{"damage_healed":0.0,"max_hp_gain":0.0,"max_hp_loss":0.0,"gold_gain":0.0,"event_name":"Golden Idol","player_choice":"Take Wound","floor":7.0,"gold_loss":0.0,"damage_taken":0.0,"relics_obtained":["Golden Idol"],"cards_obtained":["Injury"]},{"damage_healed":0.0,"max_hp_gain":0.0,"max_hp_loss":0.0,"gold_gain":0.0,"event_name":"Shining Light","player_choice":"Entered Light","floor":12.0,"gold_loss":0.0,"damage_taken":15.0,"cards_upgraded":["Runesmith:Attraction","Runesmith:CraftProtectio"]},{"cards_removed":["Runesmith:Fortify"],"damage_healed":0.0,"max_hp_gain":0.0,"max_hp_loss":0.0,"gold_gain":0.0,"event_name":"betterNote:BetterNote","player_choice":"Take \u0026 Give","floor":19.0,"gold_loss":0.0,"damage_taken":0.0,"cards_obtained":["hubris:ReadiedAction"]},{"damage_healed":0,"gold_gain":0,"player_choice":"Ignored","damage_taken":0,"max_hp_gain":0,"max_hp_loss":0,"event_name":"OrinTheCat","floor":36,"gold_loss":0}],"is_beta":false,"boss_relics":[{"not_picked":["hubris:VirtuousBlindfold","aspiration:RitualDagger"],"picked":"Black Star"},{"not_picked":["halation:CatFaceCupcake","halation:LoveArrow"],"picked":"Honey Jar"}],"items_purged_floors":[],"is_endless":false,"potions_floor_spawned":[1,8,11,25,30,33,39,46,48],"ascension_level":0}}