{"host":"0azimyi6n3ugndj4","time":1608910236,"event":{"mods":["2.2 Compatiblity","BaseMod","Bestiary","Conspire","Curses Come First","Defuse TimeMaze Blight","Hyrulean Relics","Infinite Spire","Minty Spire (QoL Compilation)","Relic Stats","Replay The Spire","StSLib","SuperFastMode","Uncapped","¡¼?Úª?ø«¡½REMEMod"],"gold_per_floor":[129,204,204,252,309,309,309],"floor_reached":6,"playtime":168,"items_purged":[],"score":222,"play_id":"0af65583-b89b-4673-a49e-eb1b9d0bdc2e","local_time":"20201226003036","daily_mods":["SealedDeck","Hoarder","Insanity","Chimera","Specialized","Vintage","ControlledChaos","Allstar","Diverse","Colorless Cards","Heirloom","Time Dilation","Flight","Binary","Elite Swarm","Lethality","Midas","Night Terrors","Binary"],"is_ascension_mode":true,"campfire_choices":[],"circlet_count":0,"master_deck":["Demon Form","Wraith Form v2","Echo Form","DevaForm","AscendersBane","Bash","Survivor","Zap","Strike_R","Strike_G","Strike_B","Defend_R","Defend_G","Defend_P","Eviscerate","FollowUp","Go for the Eyes","Halt","Crescendo","Disarm","Whirlwind","FlyingSleeves","SashWhip","Turbo","ReplayTheSpireMod:LeadingStrike","ReplayTheSpireMod:Corrosion Curse","Cleave","Rebound","ReplayTheSpireMod:Limb From Limb","Bouncing Flask","Chaos","Prostrate","Cleave","EmptyBody","Thunderclap","Iron Wave","PathToVictory","ReplayTheSpireMod:Strike From Hell","Sweeping Beam","Panic Button","Cloak And Dagger","REME_TheoryOfElimination","Clothesline","Replay:Undeath\u0027s Touch","Carnage","Twin Strike","Leap","Flying Knee","Replay:ManipulateFuture","ReplaySolidLightProjector","Discovery","Fusion","Cloak And Dagger","REME_SelfUpgrade","ThirdEye","Crescendo","Expertise","Compile Driver","ReplayReversal","Backflip","Stack","Perfected Strike","Consecrate","Acrobatics","Blizzard","Blizzard","Blizzard","Blizzard","Blizzard","Blizzard","Blizzard","Blizzard","Blizzard","Blizzard","Blizzard","Blizzard","Blizzard","Blizzard","Blizzard","infinitespire:OneForAll","infinitespire:OneForAll","infinitespire:OneForAll","Thunderclap","Thunderclap","Thunderclap","Run Through","Run Through","Run Through","Defy Death","Defy Death","Defy Death","Dual Wield","Dual Wield","Dual Wield","FollowUp","FollowUp","FollowUp","Blade Dance","Blade Dance","Blade Dance","ReplayTheSpireMod:Scrap Shanks","ReplayTheSpireMod:Scrap Shanks","ReplayTheSpireMod:Scrap Shanks","Perfected Strike","Perfected Strike","Perfected Strike","Warcry","Warcry","Warcry","Immolate","Immolate","Immolate","Dark Shackles","Dark Shackles","Dark Shackles"],"relics":["PureWater","Frozen Eye","Busted Crown","REME_ComplimentaryCards","Prayer Wheel","Vajra","MealTicket","Replay:Towering Pillar of Hats"],"acts_visited":["Exordium"],"potions_floor_usage":[6,6],"damage_taken":[{"damage":11,"enemies":"2 Louse","floor":1,"turns":2},{"damage":0,"enemies":"Cultist","floor":4,"turns":3},{"damage":11,"enemies":"Small Slimes","floor":5,"turns":2},{"damage":38,"enemies":"Lagavulin","floor":6,"turns":5}],"seed_played":"1307377316652999257","potions_obtained":[{"floor":1,"key":"BlessingOfTheForge"},{"floor":4,"key":"Death Potion"}],"is_trial":true,"path_per_floor":["M","?","?","M","M","E"],"character_chosen":"WATCHER","items_purchased":[],"campfire_rested":0,"item_purchase_floors":[],"current_hp_per_floor":[50,39,39,39,28,0,0],"gold":309,"neow_bonus":"","is_daily":false,"chose_seed":false,"campfire_upgraded":0,"win_rate":0.0,"timestamp":1608910236,"path_taken":["M","?","?","?","?","E"],"items_purchased_type":[],"build_version":"2020-12-22","purchased_purges":0,"victory":false,"max_hp_per_floor":[68,68,68,68,68,68,68],"relic_stats":{"Busted Crown":0,"counters":[4,12],"Prayer Wheel":0,"MealTicket":0,"obtain_stats":[{"Frozen Eye":0,"Busted Crown":0,"Replay:Towering Pillar of Hats":5,"Vajra":1,"Prayer Wheel":0,"MealTicket":4,"PureWater":0,"REME_ComplimentaryCards":0},{"Frozen Eye":0,"Busted Crown":0,"Replay:Towering Pillar of Hats":3,"Vajra":1,"Prayer Wheel":0,"MealTicket":2,"PureWater":0,"REME_ComplimentaryCards":0},{"Frozen Eye":0,"Busted Crown":0,"Replay:Towering Pillar of Hats":7,"Vajra":2,"Prayer Wheel":0,"MealTicket":5,"PureWater":0,"REME_ComplimentaryCards":0}]},"card_choices":[],"player_experience":1424573,"relics_obtained":[{"floor":1,"key":"Vajra"},{"floor":4,"key":"MealTicket"},{"floor":5,"key":"Replay:Towering Pillar of Hats"}],"event_choices":[{"damage_healed":0,"gold_gain":75,"player_choice":"Gather Gold","damage_taken":11,"max_hp_gain":0,"max_hp_loss":0,"event_name":"World of Goop","floor":2,"gold_loss":0},{"damage_healed":0,"gold_gain":0,"cards_transformed":["Eruption"],"player_choice":"Transformed","damage_taken":0,"max_hp_gain":0,"max_hp_loss":0,"event_name":"Transmorgrifier","floor":3,"gold_loss":0,"cards_obtained":["Dark Shackles"]}],"is_beta":false,"boss_relics":[],"items_purged_floors":[],"is_endless":false,"potions_floor_spawned":[1,4],"killed_by":"Lagavulin","ascension_level":20}}