{"host":"baymyijz6sxaqj5s","time":1608888821,"event":{"mods":["AchievementEnabler","BaseMod","Colored Map","Colored Powertips","DeckTracker","KOR Keyword Fix","Keyboard Shortcuts","Minty Spire (QoL Compilation)","Quick Restart","StSLib","SuperFastMode"],"gold_per_floor":[119,119,130,150,164,164,181,216,286,286,286,286],"floor_reached":11,"playtime":260,"items_purged":[],"score":83,"play_id":"ea5c6db0-9f9b-4dc7-b189-3b5663fcd6bf","local_time":"20201225183341","is_ascension_mode":true,"campfire_choices":[{"floor":6,"key":"REST"}],"circlet_count":0,"master_deck":["Strike_R","Strike_R","Strike_R","Strike_R","Strike_R","Defend_R","Defend_R","Defend_R","Defend_R","Bash","Heavy Blade","Armaments","Sword Boomerang","Cleave"],"relics":["Burning Blood","CaptainsWheel","Mercury Hourglass","Bottled Flame"],"acts_visited":["Exordium"],"potions_floor_usage":[],"damage_taken":[{"damage":5,"enemies":"2 Louse","floor":1,"turns":5},{"damage":0,"enemies":"Small Slimes","floor":3,"turns":3},{"damage":1,"enemies":"Cultist","floor":4,"turns":3},{"damage":39,"enemies":"Exordium Thugs","floor":5,"turns":9},{"damage":10,"enemies":"Looter","floor":7,"turns":4},{"damage":68,"enemies":"Lagavulin","floor":8,"turns":10},{"damage":17,"enemies":"3 Sentries","floor":11,"turns":2}],"seed_played":"-2358830449710045617","potions_obtained":[{"floor":3,"key":"BlessingOfTheForge"},{"floor":7,"key":"SpeedPotion"}],"is_trial":false,"path_per_floor":["M","?","M","M","M","R","M","E","T","T","E"],"character_chosen":"IRONCLAD","items_purchased":[],"campfire_rested":1,"item_purchase_floors":[],"current_hp_per_floor":[88,88,88,88,55,81,77,15,15,15,0,0],"gold":286,"neow_bonus":"TEN_PERCENT_HP_BONUS","is_daily":false,"chose_seed":false,"campfire_upgraded":0,"win_rate":0.0,"timestamp":1608888821,"path_taken":["M","?","M","M","M","R","M","E","T","T","E"],"items_purchased_type":[],"build_version":"2020-12-22","purchased_purges":0,"victory":false,"max_hp_per_floor":[88,88,88,88,88,88,88,88,88,88,88,88],"card_choices":[{"not_picked":["Perfected Strike","Disarm"],"picked":"Heavy Blade","floor":1},{"not_picked":["Disarm","Burning Pact","Wild Strike"],"picked":"SKIP","floor":3},{"not_picked":["Warcry","Intimidate"],"picked":"Armaments","floor":4},{"not_picked":["Infernal Blade","Whirlwind"],"picked":"Sword Boomerang","floor":5},{"not_picked":["Pommel Strike","Uppercut"],"picked":"Cleave","floor":7},{"not_picked":["Anger","Fiend Fire","Cleave"],"picked":"SKIP","floor":8}],"player_experience":240211,"relics_obtained":[{"floor":8,"key":"CaptainsWheel"},{"floor":9,"key":"Mercury Hourglass"},{"floor":10,"key":"Bottled Flame"}],"event_choices":[{"damage_healed":0,"gold_gain":0,"player_choice":"Ignored","damage_taken":0,"max_hp_gain":0,"max_hp_loss":0,"event_name":"Golden Idol","floor":2,"gold_loss":0}],"is_beta":false,"boss_relics":[],"items_purged_floors":[],"is_endless":false,"potions_floor_spawned":[3,7],"killed_by":"3 Sentries","ascension_level":2}}