{"host":"t5h83eruwt5lxl3o","time":1608872748,"event":{"mods":["AchievementEnabler","Act Like it!","BaseMod","CapriCore","Colored Map","DeckTracker","Hermit","Highlight Path","Koishi","Marisa£¨Ùöéë¡¡Øª×âÞÞ£©","Minty Spire (QoL Compilation)","Permanent Neow","Quick Restart","StSLib","SuperFastMode","The Cursed","The Immortal","everything is the same but u backflip on backflip"],"gold_per_floor":[111,122,140,154,168,202,202,214,239,239,273,290,306,4,4,100,100,116,136,235,249,94,94,119,119,119,145,145,145,157,188,188,293,293,310,166,0,0,17,56,85,119,119,144,172,172,206,12,12,12,12,12,12,44,44,44],"floor_reached":55,"playtime":3819,"items_purged":[],"score":1361,"play_id":"5ea5e7ff-4f32-41e6-a1ae-c9445eeb856e","local_time":"20201225140548","is_ascension_mode":true,"campfire_choices":[{"data":"Zap","floor":7.0,"key":"SMITH"},{"data":"Hologram","floor":15.0,"key":"SMITH"},{"data":"Aggregate","floor":23.0,"key":"SMITH"},{"floor":25.0,"key":"REST"},{"floor":29.0,"key":"REST"},{"floor":32.0,"key":"REST"},{"floor":46.0,"key":"RECALL"},{"data":"Seek","floor":49.0,"key":"SMITH"},{"data":"Hologram","floor":52.0,"key":"SMITH"}],"circlet_count":0,"master_deck":["AscendersBane","Defend_B","Defend_B","Zap+1","Dualcast","Reinforced Body+1","Sweeping Beam","Tempest","Turbo","Steam","Sweeping Beam","Core Surge","Stack","Hologram+1","Aggregate+1","Leap","Biased Cognition","Hologram+1","Beam Cell","Capacitor","Conserve Battery","White Noise","White Noise","Go for the Eyes","Seek+1","Hologram","Stack+1","Amplify","Machine Learning+1","Consume+1","Consume+1","Storm","BootSequence","Self Repair","Rebound+1","Self Repair+1","Chill+1","Steam+1","Force Field","Heatsinks","Defragment+1"],"relics":["Cracked Core","MealTicket","Nunchaku","Kunai","PreservedInsect","Blood Vial","Black Star","Art of War","Bag of Preparation","Vajra","Boot","Dream Catcher","Centennial Puzzle","StrikeDummy","Astrolabe","Red Mask","CeramicFish","Lizard Tail","Regal Pillow","Meat on the Bone","Blue Candle","Lantern","Frozen Egg 2","ClockworkSouvenir","Bronze Scales","Bird Faced Urn"],"acts_visited":["Exordium","TheCity","TheBeyond","TheEnding"],"potions_floor_usage":[],"damage_taken":[{"damage":0.0,"enemies":"Small Slimes","floor":1.0,"turns":4.0},{"damage":0.0,"enemies":"Cultist","floor":2.0,"turns":4.0},{"damage":4.0,"enemies":"Jaw Worm","floor":3.0,"turns":4.0},{"damage":0.0,"enemies":"2 Fungi Beasts","floor":4.0,"turns":2.0},{"damage":14.0,"enemies":"Lots of Slimes","floor":5.0,"turns":3.0},{"damage":4.0,"enemies":"3 Sentries","floor":6.0,"turns":4.0},{"damage":0.0,"enemies":"Looter","floor":8.0,"turns":4.0},{"damage":26.0,"enemies":"Gremlin Nob","floor":11.0,"turns":4.0},{"damage":2.0,"enemies":"2 Fungi Beasts","floor":12.0,"turns":3.0},{"damage":0.0,"enemies":"Exordium Thugs","floor":13.0,"turns":3.0},{"damage":20.0,"enemies":"The Guardian","floor":16.0,"turns":11.0},{"damage":19.0,"enemies":"3 Byrds","floor":18.0,"turns":5.0},{"damage":7.0,"enemies":"Chosen","floor":19.0,"turns":6.0},{"damage":19.0,"enemies":"3 Cultists","floor":21.0,"turns":5.0},{"damage":19.0,"enemies":"Gremlin Leader","floor":24.0,"turns":4.0},{"damage":17.0,"enemies":"Book of Stabbing","floor":27.0,"turns":4.0},{"damage":26.0,"enemies":"Shelled Parasite and Fungi","floor":30.0,"turns":7.0},{"damage":14.0,"enemies":"Gremlin Leader","floor":31.0,"turns":8.0},{"damage":59.0,"enemies":"Champ","floor":33.0,"turns":13.0},{"damage":2.0,"enemies":"Orb Walker","floor":35.0,"turns":2.0},{"damage":51.0,"enemies":"3 Shapes","floor":39.0,"turns":4.0},{"damage":0.0,"enemies":"Nemesis","floor":40.0,"turns":5.0},{"damage":21.0,"enemies":"Transient","floor":41.0,"turns":5.0},{"damage":23.0,"enemies":"Reptomancer","floor":42.0,"turns":4.0},{"damage":4.0,"enemies":"Jaw Worm Horde","floor":44.0,"turns":5.0},{"damage":2.0,"enemies":"Spire Growth","floor":45.0,"turns":6.0},{"damage":1.0,"enemies":"Nemesis","floor":47.0,"turns":5.0},{"damage":16.0,"enemies":"Donu and Deca","floor":50.0,"turns":5.0},{"damage":39.0,"enemies":"Shield and Spear","floor":54.0,"turns":4.0},{"damage":139,"enemies":"The Heart","floor":55,"turns":8}],"seed_played":"-6714904432003923634","potions_obtained":[{"floor":2.0,"key":"Swift Potion"},{"floor":4.0,"key":"Fire Potion"},{"floor":6.0,"key":"LiquidMemories"},{"floor":11.0,"key":"EssenceOfSteel"},{"floor":16.0,"key":"SpeedPotion"},{"floor":21.0,"key":"FairyPotion"},{"floor":24.0,"key":"Regen Potion"},{"floor":30.0,"key":"LiquidMemories"},{"floor":31.0,"key":"Energy Potion"},{"floor":33.0,"key":"BlessingOfTheForge"},{"floor":39.0,"key":"SkillPotion"},{"floor":40.0,"key":"GamblersBrew"},{"floor":41.0,"key":"DistilledChaos"},{"floor":47.0,"key":"SteroidPotion"},{"floor":54.0,"key":"FearPotion"}],"is_trial":false,"path_per_floor":["M","M","M","M","M","E","R","M","T","?","E","M","M","$","R","B",null,"M","M","?","M","$","R","E","R","T","E","?","R","M","E","R","B",null,"M","$","?","?","M","E","M","E","T","M","M","R","E","$","R","B",null,"R","$","E","B"],"character_chosen":"DEFECT","items_purchased":["PreservedInsect","Blood Vial","Art of War","BootSequence","Self Repair","ClockworkSouvenir","SkillPotion"],"campfire_rested":3,"item_purchase_floors":[14,14,22,36,36,48,48],"current_hp_per_floor":[68,68,64,64,50,46,46,46,46,46,20,18,18,33,33,15,60,43,38,38,21,36,36,19,41,41,38,38,60,36,24,46,22,62,62,75,75,75,34,43,34,40,40,58,75,75,75,75,75,66,73,73,75,62,0,0],"gold":44,"neow_bonus":"TRANSFORM_CARD","is_daily":false,"chose_seed":false,"campfire_upgraded":5,"win_rate":0.0,"timestamp":1608872748,"path_taken":["M","M","M","M","M","E","R","M","T","?","E","?","M","$","R","BOSS","M","M","?","M","$","R","E","R","T","E","?","R","M","E","R","BOSS","M","?","?","?","M","E","?","E","T","M","M","R","E","$","R","BOSS","R","$","E","BOSS"],"items_purchased_type":["Relic","Relic","Relic","Card","Card","Relic","Potion"],"build_version":"2020-12-22","purchased_purges":0,"victory":false,"max_hp_per_floor":[75,75,75,75,75,75,75,75,75,75,75,75,75,75,75,75,75,75,75,75,75,75,75,75,75,75,75,75,75,75,75,75,75,75,75,75,75,75,75,75,75,75,75,75,75,75,75,75,75,75,75,75,75,75,75,75],"card_choices":[{"not_picked":["Streamline","Hologram"],"picked":"Sweeping Beam","floor":1.0},{"not_picked":["Leap","Darkness"],"picked":"Tempest","floor":2.0},{"not_picked":["Gash","Go for the Eyes"],"picked":"Turbo","floor":3.0},{"not_picked":["Conserve Battery","Recycle"],"picked":"Steam","floor":4.0},{"not_picked":["Capacitor","Ball Lightning"],"picked":"Sweeping Beam","floor":5.0},{"not_picked":["Compile Driver","Chaos"],"picked":"Core Surge","floor":6.0},{"not_picked":["Conserve Battery","Genetic Algorithm"],"picked":"Stack","floor":8.0},{"not_picked":["Reprogram","Barrage"],"picked":"Hologram","floor":11.0},{"not_picked":["Coolheaded","Skim"],"picked":"Aggregate","floor":12.0},{"not_picked":["Redo","Darkness"],"picked":"Leap","floor":13.0},{"not_picked":["Buffer","Reboot"],"picked":"Biased Cognition","floor":16.0},{"not_picked":["Defragment","Gash"],"picked":"Hologram","floor":18.0},{"not_picked":["Blizzard","Capacitor"],"picked":"Beam Cell","floor":19.0},{"not_picked":["Streamline","Redo"],"picked":"Capacitor","floor":21.0},{"not_picked":["Cold Snap","Undo"],"picked":"Conserve Battery","floor":24.0},{"not_picked":["Redo","Go for the Eyes"],"picked":"White Noise","floor":27.0},{"not_picked":["Gash","Recycle"],"picked":"Go for the Eyes","floor":29.0},{"not_picked":["Go for the Eyes+1","Leap"],"picked":"Seek","floor":30.0},{"not_picked":["Reinforced Body","Barrage"],"picked":"Hologram","floor":31.0},{"not_picked":["Tempest+1","Gash"],"picked":"Stack+1","floor":32.0},{"not_picked":["Thunder Strike","Creative AI"],"picked":"Amplify","floor":33.0},{"not_picked":["Conserve Battery","Go for the Eyes+1"],"picked":"Storm","floor":35.0},{"not_picked":["Reinforced Body+1","Leap"],"picked":"Rebound+1","floor":39.0},{"not_picked":["Cold Snap","Recycle"],"picked":"Self Repair+1","floor":40.0},{"not_picked":["Compile Driver+1","Cold Snap"],"picked":"Chill+1","floor":41.0},{"not_picked":["Recycle","Darkness"],"picked":"Steam+1","floor":42.0},{"not_picked":["Hologram","Leap"],"picked":"Force Field","floor":44.0},{"not_picked":["Self Repair","Compile Driver"],"picked":"Heatsinks","floor":45.0},{"not_picked":["Cold Snap+1","BootSequence"],"picked":"Defragment+1","floor":47.0},{"not_picked":["Go for the Eyes","Turbo","Doom and Gloom+1"],"picked":"SKIP","floor":54.0}],"player_experience":620911,"relics_obtained":[{"floor":6.0,"key":"MealTicket"},{"floor":9.0,"key":"Nunchaku"},{"floor":11.0,"key":"Kunai"},{"floor":24.0,"key":"Bag of Preparation"},{"floor":24.0,"key":"Vajra"},{"floor":27.0,"key":"Boot"},{"floor":27.0,"key":"Dream Catcher"},{"floor":31.0,"key":"Centennial Puzzle"},{"floor":31.0,"key":"StrikeDummy"},{"floor":40.0,"key":"CeramicFish"},{"floor":40.0,"key":"Lizard Tail"},{"floor":42.0,"key":"Regal Pillow"},{"floor":42.0,"key":"Meat on the Bone"},{"floor":43.0,"key":"Blue Candle"},{"floor":47.0,"key":"Lantern"},{"floor":47.0,"key":"Frozen Egg 2"},{"floor":54.0,"key":"Bronze Scales"},{"floor":54.0,"key":"Bird Faced Urn"}],"event_choices":[{"damage_healed":0.0,"max_hp_gain":0.0,"max_hp_loss":0.0,"gold_gain":0.0,"event_name":"Accursed Blacksmith","player_choice":"Forge","floor":10.0,"gold_loss":0.0,"damage_taken":0.0,"cards_upgraded":["Reinforced Body"]},{"damage_healed":0.0,"max_hp_gain":0.0,"max_hp_loss":0.0,"gold_gain":99.0,"event_name":"Nest","player_choice":"Stole From Cult","floor":20.0,"gold_loss":0.0,"damage_taken":0.0},{"damage_healed":0.0,"max_hp_gain":0.0,"max_hp_loss":0.0,"gold_gain":0.0,"cards_transformed":["Strike_B"],"event_name":"Transmorgrifier","player_choice":"Transformed","floor":28.0,"gold_loss":0.0,"damage_taken":0.0,"cards_obtained":["White Noise"]},{"damage_healed":0.0,"max_hp_gain":0.0,"max_hp_loss":0.0,"gold_gain":0.0,"event_name":"Tomb of Lord Red Mask","player_choice":"Paid","floor":37.0,"gold_loss":166.0,"damage_taken":0.0,"relics_obtained":["Red Mask"]},{"cards_removed":["Defend_B"],"damage_healed":0.0,"max_hp_gain":0.0,"max_hp_loss":0.0,"gold_gain":0.0,"event_name":"Purifier","player_choice":"Purged","floor":38.0,"gold_loss":0.0,"damage_taken":0.0}],"is_beta":false,"boss_relics":[{"not_picked":["Pandora\u0027s Box","Snecko Eye"],"picked":"Black Star"},{"not_picked":["Empty Cage","Runic Dome"],"picked":"Astrolabe"}],"items_purged_floors":[],"is_endless":false,"potions_floor_spawned":[2,4,6,11,16,21,24,30,31,33,39,40,41,47,54],"killed_by":"The Heart","ascension_level":12}}