{"host":"gkh5j5k5w4qf7k7n","time":1608886998,"event":{"mods":["2.2 Compatiblity","AchievementEnabler","Arknights The Spire","BaseMod","Colored Map","Colored Powertips","GifTheSpireLib","Keyboard Shortcuts","Minty Spire (QoL Compilation)","Quick Restart","StSLib","SuperFastMode","The Construct","The Dragon Tamer","The Marked","TheBandit","¡¼?Úª?ø«¡½REMEMod"],"gold_per_floor":[110,110,110,29,204,204,204,223,246,246,261,271,40,50,50,153,153,169,169,169,182,200,200,200,200],"floor_reached":24,"playtime":895,"items_purged":["theMarked:Strike"],"score":186,"play_id":"d3b2022d-5aa9-402e-974f-1f3c423e397b","local_time":"20201225180318","is_ascension_mode":false,"campfire_choices":[{"data":"theMarked:SoldierOfQuellstein","floor":6,"key":"SMITH"},{"data":"theMarked:Generate","floor":10,"key":"SMITH"},{"data":"theMarked:Overthink","floor":15,"key":"SMITH"},{"data":"theMarked:RogueSparks","floor":23,"key":"SMITH"}],"circlet_count":0,"master_deck":["theMarked:Strike","theMarked:Strike","theMarked:Strike","theMarked:Defend","theMarked:Defend","theMarked:Defend","theMarked:Defend","theMarked:SoldierOfQuellstein+1","theMarked:Overthink+1","theMarked:Generate+1","Doubt","theMarked:GodGivenPower","theMarked:Indomitable","Purity","theMarked:RogueSparks+1","theMarked:DispelDoubt","theMarked:Overthink","theMarked:Static+1"],"relics":["theMarked:BronzeBlade","REME_ComplimentaryCards","NeowsBlessing","Blood Vial","Orichalcum","Ice Cream","Molten Egg 2"],"acts_visited":["Exordium","TheCity"],"potions_floor_usage":[16],"damage_taken":[{"damage":0,"enemies":"Small Slimes","floor":1,"turns":3},{"damage":0,"enemies":"2 Louse","floor":8,"turns":2},{"damage":0,"enemies":"Cultist","floor":11,"turns":1},{"damage":12,"enemies":"Gremlin Gang","floor":12,"turns":6},{"damage":5,"enemies":"Red Slaver","floor":14,"turns":4},{"damage":35,"enemies":"Slime Boss","floor":16,"turns":8},{"damage":12,"enemies":"Shell Parasite","floor":18,"turns":5},{"damage":21,"enemies":"Spheric Guardian","floor":21,"turns":4},{"damage":26,"enemies":"Snake Plant","floor":22,"turns":4},{"damage":20,"enemies":"Book of Stabbing","floor":24,"turns":2}],"seed_played":"-5208569886878293976","potions_obtained":[{"floor":1,"key":"FearPotion"},{"floor":12,"key":"Fire Potion"},{"floor":14,"key":"Explosive Potion"},{"floor":18,"key":"SmokeBomb"},{"floor":21,"key":"Strength Potion"}],"is_trial":false,"path_per_floor":["M","?","?","$","?","R","?","M","T","R","M","M","$","M","R","B",null,"M","T","?","M","M","R","E"],"character_chosen":"THE_DEFAULT","items_purchased":["theMarked:Generate","Purity","theMarked:RogueSparks"],"campfire_rested":0,"item_purchase_floors":[4,13,13],"current_hp_per_floor":[70,70,67,67,67,67,67,69,69,69,70,58,58,55,55,22,70,58,58,58,39,15,15,0,0],"gold":200,"neow_bonus":"THREE_ENEMY_KILL","is_daily":false,"chose_seed":false,"campfire_upgraded":4,"win_rate":0.0,"timestamp":1608886998,"path_taken":["M","?","?","$","?","R","?","?","T","R","?","M","$","M","R","BOSS","M","?","?","M","?","R","E"],"items_purchased_type":["Card","Card","Card"],"build_version":"2020-12-22","purchased_purges":1,"victory":false,"max_hp_per_floor":[70,70,70,70,70,70,70,70,70,70,70,70,70,70,70,70,70,70,70,70,70,70,70,70,70],"card_choices":[{"not_picked":["theMarked:WastefulAttack","theMarked:Electrocute"],"picked":"theMarked:Overthink","floor":1},{"not_picked":["theMarked:TwofoldDefense","theMarked:ShockingTouch"],"picked":"theMarked:GodGivenPower","floor":8},{"not_picked":["theMarked:EnhancedHearing","theMarked:ChainLightning","theMarked:Electrocute"],"picked":"SKIP","floor":11},{"not_picked":["theMarked:EnhancedHearing","theMarked:ChainLightning","theMarked:Electrocute"],"picked":"SKIP","floor":11},{"not_picked":["theMarked:Improvise","theMarked:SelfDefenseTraining"],"picked":"theMarked:Indomitable","floor":12},{"not_picked":["theMarked:HeightenedSenses","theMarked:KeepCalmAndFightOn","theMarked:ResourceFulStrike"],"picked":"SKIP","floor":14},{"not_picked":["theMarked:MuscleMemory","theMarked:TakeOffHeels"],"picked":"theMarked:DispelDoubt","floor":16},{"not_picked":["theMarked:EnhanceMovement+1","theMarked:Frustration"],"picked":"theMarked:Overthink","floor":18},{"not_picked":["theMarked:StartUp+1","theMarked:Electrocute+1","theMarked:HeightenedSenses+1"],"picked":"SKIP","floor":21},{"not_picked":["theMarked:Indomitable+1","theMarked:Generate+1"],"picked":"theMarked:Static+1","floor":22}],"player_experience":936993,"relics_obtained":[{"floor":9,"key":"Orichalcum"},{"floor":19,"key":"Ice Cream"}],"event_choices":[{"cards_removed":["theMarked:Strike"],"damage_healed":0,"gold_gain":0,"player_choice":"Forget","damage_taken":0,"max_hp_gain":0,"max_hp_loss":0,"event_name":"Living Wall","floor":2,"gold_loss":0},{"damage_healed":0,"gold_gain":0,"player_choice":"Success","damage_taken":3,"relics_obtained":["Blood Vial"],"max_hp_gain":0,"max_hp_loss":0,"event_name":"Scrap Ooze","floor":3,"gold_loss":0},{"damage_healed":0,"gold_gain":175,"player_choice":"AGREE","damage_taken":0,"max_hp_gain":0,"max_hp_loss":0,"event_name":"Liars Game","floor":5,"gold_loss":0,"cards_obtained":["Doubt"]},{"damage_healed":0,"gold_gain":0,"player_choice":"Ignored","damage_taken":0,"max_hp_gain":0,"max_hp_loss":0,"event_name":"NoteForYourself","floor":7,"gold_loss":0},{"damage_healed":0,"gold_gain":0,"player_choice":"Gave Potion","damage_taken":0,"relics_obtained":["Molten Egg 2"],"max_hp_gain":0,"max_hp_loss":0,"event_name":"WeMeetAgain","floor":20,"gold_loss":0}],"is_beta":false,"boss_relics":[{"not_picked":["Busted Crown","Pandora\u0027s Box"],"picked":"theMarked:BronzeBlade"}],"items_purged_floors":[13],"is_endless":false,"potions_floor_spawned":[1,12,14,18,21],"killed_by":"Book of Stabbing","ascension_level":0}}