{"host":"m0l7iybr7y7a2mwh","time":1608860188,"event":{"mods":["AchievementEnabler","AlwaysNeverKeys","BaseMod","Block Reminder","Colored Map","Colored Powertips","Highlight Path","Minty Spire (QoL Compilation)","Permanent Neow","Quick Restart","StSLib"],"gold_per_floor":[109,123,123,143,44,69,69,103,176,176,208,235,235,265,265,369,369,384,415,430,45,59,59,96,96,96,127,152,172,214,234,234,346,346,367,395,422,440,390,390,390],"floor_reached":40,"playtime":2439,"items_purged":["Strike_G","Defend_G","Defend_G"],"score":570,"play_id":"cbb7cf6e-5403-49f2-b389-57280c1e5f51","local_time":"20201225123628","is_ascension_mode":true,"campfire_choices":[{"floor":10.0,"key":"REST"},{"floor":13.0,"key":"REST"},{"data":"Caltrops","floor":15.0,"key":"SMITH"},{"floor":23.0,"key":"REST"},{"floor":32,"key":"REST"}],"circlet_count":0,"master_deck":["Strike_G+1","Strike_G","Strike_G","Defend_G","Defend_G","Defend_G","Survivor","Neutralize","Tools of the Trade","Choke","Blade Dance","Deadly Poison","Poisoned Stab+1","Accuracy","Caltrops+1","Envenom","Deadly Poison","Infinite Blades","Deadly Poison+1","PiercingWail+1","Footwork","Corpse Explosion","Deadly Poison+1","Dodge and Roll+1","Good Instincts","Trip","Good Instincts"],"relics":["Ring of the Serpent","CaptainsWheel","Akabeko","White Beast Statue","Smiling Mask","Orichalcum","Bronze Scales","HoveringKite","Red Mask","Ice Cream","CeramicFish","Tiny Chest","InkBottle","Ninja Scroll","Anchor"],"acts_visited":["Exordium","TheCity","TheBeyond"],"potions_floor_usage":[30,33],"damage_taken":[{"damage":1.0,"enemies":"Cultist","floor":1.0,"turns":5.0},{"damage":0.0,"enemies":"2 Louse","floor":2.0,"turns":3.0},{"damage":0.0,"enemies":"Jaw Worm","floor":4.0,"turns":3.0},{"damage":12.0,"enemies":"Gremlin Nob","floor":6.0,"turns":3.0},{"damage":12.0,"enemies":"Lagavulin","floor":8.0,"turns":6.0},{"damage":17.0,"enemies":"3 Sentries","floor":11.0,"turns":9.0},{"damage":2.0,"enemies":"Lagavulin","floor":14.0,"turns":4.0},{"damage":2.0,"enemies":"Slime Boss","floor":16.0,"turns":8.0},{"damage":5.0,"enemies":"2 Thieves","floor":18.0,"turns":3.0},{"damage":19.0,"enemies":"Masked Bandits","floor":19.0,"turns":5.0},{"damage":9.0,"enemies":"Spheric Guardian","floor":20.0,"turns":4.0},{"damage":13.0,"enemies":"Shelled Parasite and Fungi","floor":22.0,"turns":5.0},{"damage":10.0,"enemies":"Book of Stabbing","floor":24.0,"turns":4.0},{"damage":31.0,"enemies":"Slavers","floor":27.0,"turns":5.0},{"damage":7.0,"enemies":"Snecko","floor":28.0,"turns":3.0},{"damage":2.0,"enemies":"Chosen and Byrds","floor":29.0,"turns":3.0},{"damage":6,"enemies":"Gremlin Leader","floor":30,"turns":4},{"damage":6,"enemies":"Sentry and Sphere","floor":31,"turns":4},{"damage":32,"enemies":"Champ","floor":33,"turns":9},{"damage":2,"enemies":"Orb Walker","floor":35,"turns":3},{"damage":0,"enemies":"3 Shapes","floor":36,"turns":5},{"damage":5,"enemies":"Sphere and 2 Shapes","floor":38,"turns":5},{"damage":61,"enemies":"Giant Head","floor":40,"turns":7}],"seed_played":"-7121625595496324701","potions_obtained":[{"floor":2.0,"key":"Poison Potion"},{"floor":6.0,"key":"Strength Potion"},{"floor":8.0,"key":"FairyPotion"},{"floor":11.0,"key":"Explosive Potion"},{"floor":14.0,"key":"Fire Potion"},{"floor":18.0,"key":"Fruit Juice"},{"floor":19.0,"key":"CunningPotion"},{"floor":20.0,"key":"Explosive Potion"},{"floor":24.0,"key":"Weak Potion"},{"floor":27.0,"key":"SteroidPotion"},{"floor":28.0,"key":"Strength Potion"},{"floor":29.0,"key":"Swift Potion"},{"floor":30,"key":"BlessingOfTheForge"},{"floor":31,"key":"Poison Potion"},{"floor":33,"key":"FearPotion"},{"floor":36,"key":"Ancient Potion"}],"is_trial":false,"path_per_floor":["M","M","?","M","$","E","?","E","T","R","E","T","R","E","R","B",null,"M","?","M","$","M","R","E","?","T","E","M","M","E","M","R","B",null,"M","M","?","M","$","E"],"character_chosen":"THE_SILENT","items_purchased":["Deadly Poison","Ice Cream","Infinite Blades"],"campfire_rested":4,"item_purchase_floors":[5,21,21],"current_hp_per_floor":[48,48,41,41,41,29,15,3,3,24,7,7,28,26,26,24,70,65,51,42,42,29,51,41,41,41,10,3,1,18,12,34,2,75,73,73,63,58,58,0,0],"gold":390,"neow_bonus":"THREE_RARE_CARDS","is_daily":false,"chose_seed":false,"campfire_upgraded":1,"win_rate":0.0,"timestamp":1608860188,"path_taken":["M","?","?","M","$","E","?","E","T","R","E","?","R","E","R","BOSS","M","?","M","$","M","R","E","?","T","E","M","M","E","?","R","BOSS","M","M","?","M","$","E"],"items_purchased_type":["Card","Relic","Card"],"build_version":"2020-12-22","purchased_purges":3,"victory":false,"max_hp_per_floor":[70,70,70,70,70,70,70,70,70,70,70,70,70,70,70,70,70,70,75,75,75,75,75,75,75,75,75,75,75,75,75,75,75,75,75,75,75,75,75,75,75],"card_choices":[{"not_picked":["Unload","Grand Finale"],"picked":"Tools of the Trade","floor":0.0},{"not_picked":["Dagger Spray","Prepared","Dagger Throw"],"picked":"SKIP","floor":1.0},{"not_picked":["Cloak And Dagger","Acrobatics"],"picked":"Choke","floor":2.0},{"not_picked":["Backflip","Riddle With Holes"],"picked":"Blade Dance","floor":4.0},{"not_picked":["Backflip","Bane"],"picked":"Poisoned Stab","floor":6.0},{"not_picked":["Storm of Steel","Quick Slash","Backflip"],"picked":"SKIP","floor":8.0},{"not_picked":["Caltrops","Cloak And Dagger"],"picked":"Accuracy","floor":11.0},{"not_picked":["Expertise","Dagger Spray"],"picked":"Caltrops","floor":14.0},{"not_picked":["Doppelganger","Bullet Time"],"picked":"Envenom","floor":16.0},{"not_picked":["Cloak And Dagger","Slice"],"picked":"Deadly Poison","floor":18.0},{"not_picked":["Calculated Gamble","Slice+1","Reflex"],"picked":"SKIP","floor":20.0},{"not_picked":["Dodge and Roll","Flying Knee","Cloak And Dagger"],"picked":"SKIP","floor":22.0},{"not_picked":["Masterful Stab","Storm of Steel"],"picked":"Deadly Poison+1","floor":24.0},{"not_picked":["Endless Agony","Sucker Punch","PiercingWail"],"picked":"SKIP","floor":27.0},{"not_picked":["Dash","Choke"],"picked":"PiercingWail+1","floor":28.0},{"not_picked":["Dodge and Roll","Backflip","Deflect"],"picked":"SKIP","floor":29.0},{"not_picked":["Dodge and Roll","Bane"],"picked":"Footwork","floor":30},{"not_picked":["Dodge and Roll","Slice","Dagger Spray"],"picked":"SKIP","floor":31},{"not_picked":["Unload","Die Die Die"],"picked":"Corpse Explosion","floor":33},{"not_picked":["Deflect+1","Finisher+1"],"picked":"Deadly Poison+1","floor":35},{"not_picked":["Dagger Spray","Bane+1"],"picked":"Dodge and Roll+1","floor":36},{"not_picked":["Secret Weapon","Violence"],"picked":"Good Instincts","floor":37},{"not_picked":["Madness","Jack Of All Trades"],"picked":"Trip","floor":37},{"not_picked":["PanicButton","Jack Of All Trades"],"picked":"Good Instincts","floor":37},{"not_picked":["Underhanded Strike","Cloak And Dagger","Sucker Punch+1"],"picked":"SKIP","floor":38}],"player_experience":97120,"relics_obtained":[{"floor":6.0,"key":"CaptainsWheel"},{"floor":8.0,"key":"Akabeko"},{"floor":9.0,"key":"White Beast Statue"},{"floor":11.0,"key":"Smiling Mask"},{"floor":12.0,"key":"Orichalcum"},{"floor":14.0,"key":"Bronze Scales"},{"floor":19.0,"key":"Red Mask"},{"floor":24.0,"key":"CeramicFish"},{"floor":26.0,"key":"InkBottle"},{"floor":27.0,"key":"Ninja Scroll"},{"floor":30,"key":"Anchor"}],"event_choices":[{"cards_removed":["Strike_G"],"damage_healed":0.0,"max_hp_gain":0.0,"max_hp_loss":0.0,"gold_gain":0.0,"event_name":"Golden Wing","player_choice":"Card Removal","floor":3.0,"gold_loss":0.0,"damage_taken":7.0},{"damage_healed":0.0,"max_hp_gain":0.0,"max_hp_loss":0.0,"gold_gain":0.0,"event_name":"Shining Light","player_choice":"Entered Light","floor":7.0,"gold_loss":0.0,"damage_taken":14.0,"cards_upgraded":["Strike_G","Poisoned Stab"]},{"damage_healed":0.0,"max_hp_gain":0.0,"max_hp_loss":0.0,"gold_gain":0.0,"event_name":"Masked Bandits","player_choice":"Fought Bandits","floor":19.0,"gold_loss":0.0,"damage_taken":0.0},{"damage_healed":0.0,"max_hp_gain":0.0,"max_hp_loss":0.0,"gold_gain":0.0,"event_name":"The Mausoleum","player_choice":"Opened","floor":25.0,"gold_loss":0.0,"damage_taken":0.0,"relics_obtained":["Tiny Chest"]},{"damage_healed":0,"gold_gain":0,"player_choice":"Memory 3","damage_taken":10,"max_hp_gain":0,"max_hp_loss":0,"event_name":"SensoryStone","floor":37,"gold_loss":0}],"is_beta":false,"boss_relics":[{"not_picked":["Ectoplasm","Runic Dome"],"picked":"HoveringKite"},{"not_picked":["Busted Crown","Sozu"],"picked":"Ring of the Serpent"}],"items_purged_floors":[5,21,39],"is_endless":false,"potions_floor_spawned":[2,6,8,11,14,16,18,19,20,22,24,27,28,29,30,31,33,35,36,38],"killed_by":"Giant Head","ascension_level":3}}