{"host":"7o30bgpqouqblh42","time":1608917195,"event":{"mods":["AchievementEnabler","Aspiration","BaseMod","Colored Map","Downfall","Highlight Path","Minty Spire (QoL Compilation)","StSLib","SuperFastMode"],"gold_per_floor":[110,74,74,74,24,67,67,80,80,80,103,121,152,170,170,295,295,308,308,323,323,323,323,348,360,372,384,396,434,464,476,488,596,608,631,643,673,700,732,744,769,781,862,327,327,347,374,385,385,385,385],"floor_reached":50,"playtime":9873,"items_purged":["Turbo"],"score":597,"play_id":"1adcb55d-95d3-4420-8015-d257f26b02bb","local_time":"20201225122635","is_ascension_mode":true,"campfire_choices":[{"data":"Chaos","floor":7,"key":"SMITH"},{"floor":10,"key":"RECALL"},{"floor":15,"key":"REST"},{"data":"Meteor Strike","floor":23,"key":"SMITH"},{"data":"Melter","floor":25,"key":"SMITH"},{"data":"Sunder","floor":28,"key":"SMITH"},{"data":"Auto Shields","floor":32,"key":"SMITH"},{"data":"Meteor Strike","floor":40,"key":"SMITH"},{"data":"Bite","floor":42,"key":"SMITH"},{"data":"expansioncontent:TimeRipple","floor":45,"key":"SMITH"},{"data":"Bite","floor":49,"key":"SMITH"}],"circlet_count":0,"master_deck":["Defend_B","Defend_B","Defend_B","Defend_B","Zap","Dualcast","Auto Shields+1","Chaos+1","Coolheaded","Melter+1","Sunder+1","Tempest","Undo","Meteor Strike+1","Aggregate","Streamline+1","Stack+1","Redo+1","Bite","Bite","Bite","Bite+1","Bite+1","Meteor Strike+1","Madness","Madness","FTL","Steam Power","Seek","Storm+1","Mayhem+1","expansioncontent:TimeRipple+1","Streamline+1"],"relics":["Cracked Core","aspiration:Nostalgia","PureWater","Bloody Idol","Regal Pillow","Lantern","White Beast Statue","Snecko Eye","aspiration:Stabinomicon","MawBank","Frozen Egg 2","aspiration:PoetsPen_weak","Pantograph","Happy Flower","Pear"],"acts_visited":["Exordium","TheCity","TheBeyond"],"potions_floor_usage":[16,16,16,18,18,20,24,24,24,33,33,33,38,38,39,39,41,47,50,50],"damage_taken":[{"damage":5,"enemies":"2 Louse","floor":1,"turns":3},{"damage":35,"enemies":"3 Sentries","floor":6,"turns":8},{"damage":5,"enemies":"Small Slimes","floor":8,"turns":3},{"damage":0,"enemies":"Jaw Worm","floor":11,"turns":3},{"damage":9,"enemies":"2 Fungi Beasts","floor":12,"turns":3},{"damage":15,"enemies":"Lagavulin","floor":13,"turns":6},{"damage":5,"enemies":"Large Slime","floor":14,"turns":5},{"damage":40,"enemies":"The Guardian","floor":16,"turns":15},{"damage":0,"enemies":"Spheric Guardian","floor":18,"turns":2},{"damage":0,"enemies":"Shell Parasite","floor":20,"turns":3},{"damage":1,"enemies":"Gremlin Leader","floor":24,"turns":5},{"damage":12,"enemies":"Book of Stabbing","floor":29,"turns":4},{"damage":0,"enemies":"3 Cultists","floor":30,"turns":4},{"damage":35,"enemies":"Collector","floor":33,"turns":7},{"damage":23,"enemies":"3 Darklings","floor":35,"turns":3},{"damage":1,"enemies":"Orb Walker","floor":37,"turns":3},{"damage":11,"enemies":"Sphere and 2 Shapes","floor":38,"turns":3},{"damage":28,"enemies":"Writhing Mass","floor":39,"turns":3},{"damage":10,"enemies":"3 Darklings","floor":41,"turns":4},{"damage":10,"enemies":"Sphere and 2 Shapes","floor":46,"turns":3},{"damage":0,"enemies":"Giant Head","floor":47,"turns":4},{"damage":27,"enemies":"4 Shapes","floor":48,"turns":4},{"damage":105,"enemies":"Awakened One","floor":50,"turns":8}],"seed_played":"-7981340274492508920","potions_obtained":[{"floor":12,"key":"SpeedPotion"},{"floor":13,"key":"EssenceOfSteel"},{"floor":14,"key":"Explosive Potion"},{"floor":16,"key":"EntropicBrew"},{"floor":18,"key":"AttackPotion"},{"floor":20,"key":"Strength Potion"},{"floor":24,"key":"Ancient Potion"},{"floor":29,"key":"champ:CounterPotion"},{"floor":30,"key":"PotionOfCapacity"},{"floor":33,"key":"FearPotion"},{"floor":35,"key":"BlessingOfTheForge"},{"floor":37,"key":"PowerPotion"},{"floor":38,"key":"PowerPotion"},{"floor":39,"key":"AttackPotion"},{"floor":41,"key":"SpeedPotion"},{"floor":46,"key":"Swift Potion"},{"floor":47,"key":"SmokeBomb"},{"floor":48,"key":"Regen Potion"}],"is_trial":false,"path_per_floor":["M","$","?","?","?","E","R","M","T","R","M","M","E","M","R","B",null,"M","?","M","?","?","R","E","R","T","$","R","E","M","?","R","B",null,"M","?","M","M","M","R","M","R","T","$","R","M","E","M","R","B"],"character_chosen":"DEFECT","items_purchased":["Chaos","Storm+1","Mayhem+1","Happy Flower","expansioncontent:TimeRipple"],"campfire_rested":1,"item_purchase_floors":[2,44,44,44,44],"current_hp_per_floor":[70,70,75,75,75,40,40,35,35,35,35,26,11,6,45,5,80,80,80,80,64,64,64,68,73,78,80,80,73,80,56,56,32,56,46,44,56,56,39,44,52,56,56,56,56,51,66,50,50,0,0],"gold":385,"neow_bonus":"NOSTALGIA","is_daily":false,"chose_seed":false,"campfire_upgraded":9,"win_rate":0.0,"timestamp":1608917195,"path_taken":["M","$","?","?","?","E","R","M","T","R","?","M","E","M","R","BOSS","M","?","M","?","?","R","E","R","T","$","R","E","M","?","R","BOSS","M","?","M","M","M","R","M","R","T","?","R","?","E","?","R","BOSS"],"items_purchased_type":["Card","Card","Card","Relic","Card"],"build_version":"2020-12-22","purchased_purges":1,"victory":false,"max_hp_per_floor":[75,75,80,80,80,80,80,80,80,80,80,80,80,80,80,80,80,80,80,80,80,80,80,80,80,80,80,80,80,80,56,56,56,56,56,56,56,56,56,56,56,56,56,56,56,56,66,66,66,66,66],"card_choices":[{"not_picked":["Stack","Gash"],"picked":"Auto Shields","floor":1},{"not_picked":["Leap","Heatsinks"],"picked":"Turbo","floor":6},{"not_picked":["Scrape","Cold Snap"],"picked":"Coolheaded","floor":8},{"not_picked":["Beam Cell","Hologram"],"picked":"Melter","floor":11},{"not_picked":["Gash","Go for the Eyes"],"picked":"Sunder","floor":12},{"not_picked":["Compile Driver","Redo"],"picked":"Tempest","floor":13},{"not_picked":["Steam","Conserve Battery"],"picked":"Undo","floor":14},{"not_picked":["Machine Learning","Electrodynamics"],"picked":"Meteor Strike","floor":16},{"not_picked":["Sweeping Beam","Scrape"],"picked":"Aggregate","floor":18},{"not_picked":["Streamline+1","Fusion+1","Consume"],"picked":"SKIP","floor":20},{"not_picked":["Blizzard","Multi-Cast"],"picked":"Streamline+1","floor":24},{"not_picked":["Sunder","Thunder Strike"],"picked":"Stack+1","floor":29},{"not_picked":["Coolheaded","aspiration:Polymerization"],"picked":"Redo+1","floor":30},{"not_picked":["Fission","Reboot"],"picked":"Meteor Strike","floor":33},{"not_picked":["Turbo+1","Redo+1","Loop+1"],"picked":"SKIP","floor":35},{"not_picked":["Conserve Battery+1","Defragment+1"],"picked":"FTL","floor":37},{"not_picked":["Redo","Ball Lightning+1"],"picked":"Steam Power","floor":38},{"not_picked":["Sweeping Beam","Gash+1","Conserve Battery+1"],"picked":"SKIP","floor":39},{"not_picked":["Coolheaded","Sweeping Beam"],"picked":"Seek","floor":41},{"not_picked":["Hologram","Conserve Battery","Consume+1"],"picked":"SKIP","floor":46},{"not_picked":["Compile Driver+1","Turbo+1","Blizzard"],"picked":"SKIP","floor":47},{"not_picked":["Gash","Self Repair+1"],"picked":"Streamline+1","floor":48}],"player_experience":152728,"relics_obtained":[{"floor":6,"key":"Regal Pillow"},{"floor":9,"key":"Lantern"},{"floor":13,"key":"White Beast Statue"},{"floor":21,"key":"aspiration:Stabinomicon"},{"floor":24,"key":"MawBank"},{"floor":29,"key":"Frozen Egg 2"},{"floor":43,"key":"Pantograph"},{"floor":47,"key":"Pear"}],"event_choices":[{"damage_healed":0,"gold_gain":0,"player_choice":"Donut","damage_taken":0,"max_hp_gain":5,"max_hp_loss":0,"event_name":"Big Fish","floor":3,"gold_loss":0},{"damage_healed":0,"gold_gain":0,"player_choice":"Take Wound","damage_taken":0,"relics_obtained":["Golden Idol"],"max_hp_gain":0,"max_hp_loss":0,"event_name":"Golden Idol","floor":4,"gold_loss":0,"cards_obtained":["Injury"]},{"cards_removed":["Injury"],"damage_healed":0,"gold_gain":0,"player_choice":"Card Removal","damage_taken":0,"max_hp_gain":0,"max_hp_loss":0,"event_name":"The Cleric","floor":5,"gold_loss":50},{"damage_healed":0,"gold_gain":0,"player_choice":"Gave Idol","damage_taken":0,"relics_obtained":["Bloody Idol"],"max_hp_gain":0,"max_hp_loss":0,"event_name":"Forgotten Altar","floor":19,"relics_lost":["Golden Idol"],"gold_loss":0},{"damage_healed":0,"gold_gain":0,"player_choice":"Obtained Book","damage_taken":16,"max_hp_gain":0,"max_hp_loss":0,"event_name":"Cursed Tome","floor":21,"gold_loss":0},{"damage_healed":0,"gold_gain":0,"player_choice":"Became a vampire","damage_taken":0,"max_hp_gain":0,"max_hp_loss":24,"event_name":"Vampires","floor":31,"gold_loss":0,"cards_obtained":["Bite","Bite","Bite","Bite","Bite"]},{"damage_healed":0,"gold_gain":0,"player_choice":"Embrace Madness","damage_taken":7,"max_hp_gain":0,"max_hp_loss":0,"event_name":"Winding Halls","floor":36,"gold_loss":0,"cards_obtained":["Madness","Madness"]}],"is_beta":false,"boss_relics":[{"not_picked":["Tiny House","aspiration:RitualDagger"],"picked":"Snecko Eye"},{"not_picked":["Runic Pyramid","Inserter"],"picked":"aspiration:PoetsPen_weak"}],"items_purged_floors":[44],"is_endless":false,"potions_floor_spawned":[12,13,14,16,18,20,24,29,30,33,35,37,38,39,41,46,47,48],"killed_by":"Awakened One","ascension_level":1}}