{"host":"2lo6hma6kymb0g9i","time":1608902667,"event":{"mods":["BaseMod","Colored Map","DeckTracker","Minty Spire (QoL Compilation)"],"gold_per_floor":[118,135,135,91,110,110,139,159,182,198,218,238,238,267,267,345,345,357,357,242,157,177,207,207,207,207,257,257,267,292,19,19,96,96,114,114,124,137,157,157,182,182,182,193,193,30,43,376,376,376],"floor_reached":51,"playtime":4634,"items_purged":["Strike_G","Strike_G+1"],"score":1452,"play_id":"535e9926-0763-49ee-983b-e0fcae971d8a","local_time":"20201225222427","is_ascension_mode":true,"campfire_choices":[{"data":"Footwork","floor":6.0,"key":"SMITH"},{"floor":15.0,"key":"REST"},{"data":"Neutralize","floor":24.0,"key":"SMITH"},{"data":"Blade Dance","floor":28.0,"key":"SMITH"},{"data":"Caltrops","floor":32.0,"key":"SMITH"},{"data":"Venomology","floor":40.0,"key":"SMITH"},{"data":"Wraith Form v2","floor":42.0,"key":"SMITH"},{"data":"Dash","floor":45.0,"key":"SMITH"},{"data":"Blur","floor":49.0,"key":"SMITH"}],"circlet_count":0,"master_deck":["AscendersBane","Defend_G","Defend_G","Defend_G","Defend_G","Defend_G","Survivor","Neutralize+1","Quick Slash","Footwork+1","Infinite Blades","Backstab+1","Blade Dance+1","Dagger Throw","Deflect","PiercingWail","Dash+1","Wraith Form v2+1","Footwork+1","Setup+1","Die Die Die+1","Cloak And Dagger","Caltrops+1","Flying Knee+1","PiercingWail","Venomology+1","Escape Plan","Blur+1","Noxious Fumes","Finisher","PiercingWail","Concentrate+1","Adrenaline"],"relics":["Ring of the Snake","NeowsBlessing","Vajra","MealTicket","Lantern","White Beast Statue","Astrolabe","Kunai","Dead Branch","Blood Vial","Juzu Bracelet","TwistedFunnel","SlaversCollar","Art of War","InkBottle","Bag of Marbles","Old Coin"],"acts_visited":["Exordium","TheCity","TheBeyond"],"potions_floor_usage":[],"damage_taken":[{"damage":0.0,"enemies":"2 Louse","floor":1.0,"turns":1.0},{"damage":0.0,"enemies":"Cultist","floor":2.0,"turns":1.0},{"damage":0.0,"enemies":"Small Slimes","floor":5.0,"turns":1.0},{"damage":16.0,"enemies":"Lagavulin","floor":7.0,"turns":7.0},{"damage":0.0,"enemies":"3 Louse","floor":8.0,"turns":4.0},{"damage":1.0,"enemies":"2 Fungi Beasts","floor":10.0,"turns":3.0},{"damage":5.0,"enemies":"Blue Slaver","floor":11.0,"turns":3.0},{"damage":0.0,"enemies":"Gremlin Gang","floor":12.0,"turns":5.0},{"damage":3.0,"enemies":"3 Sentries","floor":14.0,"turns":6.0},{"damage":19.0,"enemies":"Hexaghost","floor":16.0,"turns":13.0},{"damage":9.0,"enemies":"Shell Parasite","floor":18.0,"turns":5.0},{"damage":11.0,"enemies":"2 Thieves","floor":22.0,"turns":3.0},{"damage":8.0,"enemies":"Gremlin Leader","floor":23.0,"turns":8.0},{"damage":0.0,"enemies":"Sentry and Sphere","floor":29.0,"turns":3.0},{"damage":6.0,"enemies":"Book of Stabbing","floor":30.0,"turns":5.0},{"damage":51.0,"enemies":"Automaton","floor":33.0,"turns":12.0},{"damage":0.0,"enemies":"3 Shapes","floor":35.0,"turns":5.0},{"damage":0.0,"enemies":"3 Darklings","floor":37.0,"turns":8.0},{"damage":2.0,"enemies":"Writhing Mass","floor":38.0,"turns":8.0},{"damage":1.0,"enemies":"Transient","floor":39.0,"turns":6.0},{"damage":4.0,"enemies":"Nemesis","floor":41.0,"turns":7.0},{"damage":12.0,"enemies":"4 Shapes","floor":44.0,"turns":4.0},{"damage":8.0,"enemies":"Sphere and 2 Shapes","floor":47.0,"turns":4.0},{"damage":2.0,"enemies":"Giant Head","floor":48.0,"turns":8.0},{"damage":16,"enemies":"Donu and Deca","floor":50,"turns":7}],"seed_played":"4795430491101657110","potions_obtained":[{"floor":7.0,"key":"EntropicBrew"},{"floor":8.0,"key":"Ancient Potion"},{"floor":16.0,"key":"DuplicationPotion"},{"floor":18.0,"key":"ColorlessPotion"},{"floor":22.0,"key":"Block Potion"},{"floor":23.0,"key":"SteroidPotion"},{"floor":29.0,"key":"BlessingOfTheForge"},{"floor":33.0,"key":"SkillPotion"},{"floor":35.0,"key":"Block Potion"},{"floor":38.0,"key":"FairyPotion"},{"floor":39.0,"key":"Fire Potion"},{"floor":41.0,"key":"Energy Potion"},{"floor":44.0,"key":"DuplicationPotion"},{"floor":47.0,"key":"LiquidMemories"}],"is_trial":false,"path_per_floor":["M","M","?","$","M","R","E","M","T","M","M","M","?","E","R","B",null,"M","?","$","?","M","E","R","?","T","?","R","M","E","$","R","B",null,"M","?","M","M","M","R","E","R","T","M","R","$","M","E","R","B",null],"character_chosen":"THE_SILENT","items_purchased":["Footwork","Caltrops","TwistedFunnel","Bag of Marbles"],"campfire_rested":1,"item_purchase_floors":[4,20,31,46],"current_hp_per_floor":[59,59,59,59,59,59,43,43,43,42,37,37,17,14,33,14,53,44,44,59,59,48,40,40,40,40,40,40,42,38,53,53,4,51,53,53,55,55,56,56,54,54,54,44,44,59,53,53,53,39],"gold":376,"neow_bonus":"THREE_ENEMY_KILL","is_daily":false,"chose_seed":false,"campfire_upgraded":8,"win_rate":0.0,"timestamp":1608902667,"path_taken":["M","M","?","$","?","R","E","M","T","M","M","M","?","E","R","BOSS","M","?","$","?","M","E","R","?","T","?","R","M","E","$","R","BOSS","M","?","M","M","M","R","E","R","T","M","R","$","M","E","R","BOSS"],"items_purchased_type":["Card","Card","Relic","Relic"],"build_version":"2020-12-22","purchased_purges":2,"victory":true,"max_hp_per_floor":[66,66,66,66,66,66,66,66,66,66,66,66,66,66,66,66,66,66,66,66,66,66,66,66,66,66,66,66,66,66,66,66,66,66,66,63,63,63,63,63,63,63,63,63,63,63,63,63,63,63],"card_choices":[{"not_picked":["Blade Dance","Flechettes"],"picked":"Quick Slash","floor":1.0},{"not_picked":["Dagger Spray","Catalyst"],"picked":"Terror","floor":2.0},{"not_picked":["Bane","Reflex"],"picked":"Infinite Blades","floor":5.0},{"not_picked":["Prepared","Skewer"],"picked":"Backstab","floor":7.0},{"not_picked":["Prepared","Reflex"],"picked":"Blade Dance","floor":8.0},{"not_picked":["Well Laid Plans","Bane"],"picked":"Dagger Throw","floor":10.0},{"not_picked":["Underhanded Strike","Expertise"],"picked":"Deflect","floor":11.0},{"not_picked":["Night Terror","Backflip"],"picked":"PiercingWail","floor":12.0},{"not_picked":["Well Laid Plans","Distraction"],"picked":"Dash","floor":14.0},{"not_picked":["Bullet Time","Doppelganger"],"picked":"Wraith Form v2","floor":16.0},{"not_picked":["Bane","Predator"],"picked":"Cloak And Dagger","floor":18.0},{"not_picked":["Dagger Spray","Finisher","Deflect"],"picked":"SKIP","floor":22.0},{"not_picked":["Outmaneuver","Deflect"],"picked":"Flying Knee+1","floor":23.0},{"not_picked":["Dagger Spray","Burst"],"picked":"PiercingWail","floor":29.0},{"not_picked":["Bane","Cloak And Dagger","Sucker Punch+1"],"picked":"SKIP","floor":30.0},{"not_picked":["Doppelganger","Burst"],"picked":"Venomology","floor":33.0},{"not_picked":["Heel Hook","Slice"],"picked":"Escape Plan","floor":35.0},{"not_picked":["Catalyst","Deflect"],"picked":"Blur","floor":37.0},{"not_picked":["Flying Knee","Catalyst"],"picked":"Noxious Fumes","floor":38.0},{"not_picked":["Concentrate","Slice"],"picked":"Finisher","floor":39.0},{"not_picked":["Slice","Dash","Concentrate"],"picked":"SKIP","floor":41.0},{"not_picked":["Crippling Poison","Deflect"],"picked":"PiercingWail","floor":44.0},{"not_picked":["Sucker Punch","Dagger Throw"],"picked":"Concentrate+1","floor":47.0},{"not_picked":["Slice","Accuracy+1"],"picked":"Adrenaline","floor":48.0}],"player_experience":881064,"relics_obtained":[{"floor":7.0,"key":"MealTicket"},{"floor":9.0,"key":"Lantern"},{"floor":14.0,"key":"White Beast Statue"},{"floor":23.0,"key":"Dead Branch"},{"floor":26.0,"key":"Blood Vial"},{"floor":30.0,"key":"Juzu Bracelet"},{"floor":41.0,"key":"Art of War"},{"floor":43.0,"key":"InkBottle"},{"floor":48.0,"key":"Old Coin"}],"event_choices":[{"cards_removed":["Terror"],"damage_healed":0.0,"max_hp_gain":0.0,"max_hp_loss":0.0,"gold_gain":0.0,"event_name":"WeMeetAgain","player_choice":"Gave Card","floor":3.0,"gold_loss":0.0,"damage_taken":0.0,"relics_obtained":["Vajra"]},{"damage_healed":0.0,"max_hp_gain":0.0,"max_hp_loss":0.0,"gold_gain":0.0,"event_name":"Shining Light","player_choice":"Entered Light","floor":13.0,"gold_loss":0.0,"damage_taken":20.0,"cards_upgraded":["Strike_G","Backstab"]},{"damage_healed":0.0,"max_hp_gain":0.0,"max_hp_loss":0.0,"gold_gain":0.0,"event_name":"Ghosts","player_choice":"Ignored","floor":19.0,"gold_loss":0.0,"damage_taken":0.0},{"damage_healed":0.0,"max_hp_gain":0.0,"max_hp_loss":0.0,"gold_gain":0.0,"event_name":"Addict","player_choice":"Obtained Relic","floor":21.0,"gold_loss":85.0,"damage_taken":0.0,"relics_obtained":["Kunai"]},{"damage_healed":0.0,"max_hp_gain":0.0,"max_hp_loss":0.0,"gold_gain":0.0,"event_name":"Vampires","player_choice":"Ignored","floor":25.0,"gold_loss":0.0,"damage_taken":0.0},{"damage_healed":0.0,"max_hp_gain":0.0,"max_hp_loss":0.0,"gold_gain":100.0,"event_name":"The Joust","player_choice":"Bet on Murderer","floor":27.0,"gold_loss":50.0,"damage_taken":0.0},{"damage_healed":0.0,"max_hp_gain":0.0,"max_hp_loss":3.0,"gold_gain":0.0,"event_name":"Winding Halls","player_choice":"Max HP","floor":36.0,"gold_loss":0.0,"damage_taken":0.0}],"is_beta":false,"boss_relics":[{"not_picked":["Philosopher\u0027s Stone","Snecko Eye"],"picked":"Astrolabe"},{"not_picked":["Runic Dome","Sozu"],"picked":"SlaversCollar"}],"items_purged_floors":[20,31],"is_endless":false,"potions_floor_spawned":[7,8,11,16,18,22,23,29,30,33,35,37,38,39,41,44,47,48],"ascension_level":19}}