{"host":"1m1p07melukt6ryq","time":1608896760,"event":{"mods":["2.2 Compatiblity","BaseMod","BetterRewards","Colored Map","Colored Powertips","Conspire","Googly Eyes","Highlight Path","Hubris","Infinite Spire","Minty Spire (QoL Compilation)","Permanent Neow","Rare Cards Sparkle","Shop Mod","StSLib","SuperFastMode"],"gold_per_floor":[111,127,139,139,152,152,181,248,248,275,275,325,325,351,351,455,455,467,536,586,636,651,684,761,250,250,266,285,285,315,365,365,470,470,482,582,542,558,658,690,690,35,62,72,72,98,148,162,162,162],"floor_reached":51,"playtime":4171,"items_purged":["Strike_R","Flex"],"score":1529,"play_id":"6c624535-108b-4e60-97ff-7fef960b99b1","local_time":"20201225064600","is_ascension_mode":true,"campfire_choices":[{"data":"Barricade","floor":6.0,"key":"SMITH"},{"data":"Shrug It Off","floor":11.0,"key":"SMITH"},{"data":"True Grit","floor":13.0,"key":"SMITH"},{"data":"Battle Trance","floor":15.0,"key":"SMITH"},{"data":"Power Through","floor":29.0,"key":"SMITH"},{"data":"1","floor":32.0,"key":"LIFT"},{"data":"2","floor":41,"key":"LIFT"},{"data":"3","floor":45,"key":"LIFT"},{"data":"Disarm","floor":49,"key":"SMITH"}],"circlet_count":0,"master_deck":["AscendersBane","Strike_R","Strike_R","Strike_R+1","Defend_R","Defend_R","Defend_R","Defend_R","Bash","Cleave+1","Shrug It Off+1","True Grit+1","Barricade+1","Body Slam+1","Shrug It Off","Power Through+1","Headbutt","Battle Trance+1","Metallicize","Ghostly Armor","Metallicize","Metallicize","Flame Barrier+1","hubris:StunningStrike","Impervious","Master of Strategy","hubris:Compulsion","Disarm+1"],"relics":["Burning Blood","PreservedInsect","Orrery","SsserpentHead","hubris:IronBody","infinitespire:BottledMercury","Bag of Marbles","conspire:BottledYoYo","Coffee Dripper","hubris:Towel","Juzu Bracelet","Vajra","Medical Kit","hubris:ChampionShield","infinitespire:FocusingShard","Girya","hubris:BottledHeart","Cursed Key","Thread and Needle","infinitespire:Joker Card","hubris:SlimyHat","hubris:PeanutButter","Boot","Ancient Tea Set","Oddly Smooth Stone"],"acts_visited":["Exordium","TheCity","TheBeyond"],"potions_floor_usage":[50,50],"damage_taken":[{"damage":0.0,"enemies":"Small Slimes","floor":1.0,"turns":4.0},{"damage":14.0,"enemies":"Cultist","floor":2.0,"turns":5.0},{"damage":0.0,"enemies":"2 Louse","floor":3.0,"turns":2.0},{"damage":11.0,"enemies":"Gremlin Gang","floor":5.0,"turns":4.0},{"damage":10.0,"enemies":"3 Sentries","floor":7.0,"turns":7.0},{"damage":0.0,"enemies":"2 Fungi Beasts","floor":8.0,"turns":4.0},{"damage":20.0,"enemies":"Gremlin Nob","floor":10.0,"turns":4.0},{"damage":0.0,"enemies":"Lagavulin","floor":14.0,"turns":5.0},{"damage":17.0,"enemies":"Slime Boss","floor":16.0,"turns":7.0},{"damage":16.0,"enemies":"conspire:FuzzyDice","floor":18.0,"turns":6.0},{"damage":21.0,"enemies":"Chosen","floor":19.0,"turns":8.0},{"damage":26.0,"enemies":"Snake Plant","floor":22.0,"turns":5.0},{"damage":23.0,"enemies":"Slavers","floor":23.0,"turns":7.0},{"damage":4.0,"enemies":"Shelled Parasite and Fungi","floor":27.0,"turns":6.0},{"damage":0.0,"enemies":"conspire:HollyBat","floor":28.0,"turns":6.0},{"damage":0.0,"enemies":"conspire:SneckoGhost","floor":30.0,"turns":8.0},{"damage":0.0,"enemies":"Automaton","floor":33.0,"turns":11.0},{"damage":0,"enemies":"Orb Walker","floor":35,"turns":3},{"damage":0,"enemies":"2 Orb Walkers","floor":36,"turns":9},{"damage":0,"enemies":"3 Shapes","floor":38,"turns":6},{"damage":0,"enemies":"Mind Bloom Boss Battle","floor":39,"turns":5},{"damage":0,"enemies":"Reptomancer","floor":40,"turns":8},{"damage":0,"enemies":"Maw","floor":44,"turns":6},{"damage":0,"enemies":"Giant Head","floor":46,"turns":7},{"damage":0,"enemies":"4 Shapes","floor":48,"turns":6},{"damage":0,"enemies":"infinitespire:MassOfShapes","floor":50,"turns":8}],"seed_played":"7932413986671935455","potions_obtained":[{"floor":2.0,"key":"Block Potion"},{"floor":3.0,"key":"Explosive Potion"},{"floor":8.0,"key":"Fire Potion"},{"floor":10.0,"key":"DuplicationPotion"},{"floor":16.0,"key":"LiquidBronze"},{"floor":19.0,"key":"SpeedPotion"},{"floor":22.0,"key":"conspire:TimeTravelPotion"},{"floor":27.0,"key":"Fruit Juice"},{"floor":38,"key":"EssenceOfSteel"},{"floor":40,"key":"Strength Potion"}],"is_trial":false,"path_per_floor":["M","M","M","?","M","R","E","M","T","E","R","?","R","E","R","B",null,"M","M","?","?","M","E","T","$","T","M","M","R","E","?","R","B",null,"M","?","?","M","?","E","R","$","T","M","R","E","?","M","R","B",null],"character_chosen":"IRONCLAD","items_purchased":["PreservedInsect","Cleave","Orrery","Medical Kit","hubris:ChampionShield","Metallicize","Weak Potion","hubris:PeanutButter","Boot","Master of Strategy"],"campfire_rested":0,"item_purchase_floors":[0,0,0,25,25,25,25,42,42,42],"current_hp_per_floor":[78,70,76,76,71,71,67,73,73,59,59,59,59,65,65,54,74,64,49,49,49,29,16,16,16,16,23,29,29,35,1,1,1,1,1,1,1,1,1,1,1,1,1,1,1,1,1,1,1,1],"gold":162,"neow_bonus":"","is_daily":false,"chose_seed":false,"campfire_upgraded":6,"win_rate":0.0,"timestamp":1608896760,"path_taken":["M","M","M","?","M","R","E","?","T","E","R","?","R","E","R","BOSS","M","?","?","?","M","E","?","$","T","M","M","R","E","?","R","BOSS","M","?","?","M","?","E","R","$","T","M","R","E","?","M","R","BOSS"],"items_purchased_type":["Relic","Card","Relic","Relic","Relic","Card","Potion","Relic","Relic","Card"],"build_version":"2020-12-22","purchased_purges":2,"victory":true,"max_hp_per_floor":[80,80,80,80,80,80,80,80,80,80,80,80,80,80,80,80,80,80,80,80,80,80,80,80,80,80,85,85,85,85,1,1,1,1,1,1,1,1,1,1,1,1,1,1,1,1,1,1,1,1],"card_choices":[{"not_picked":["Fire Breathing","Twin Strike"],"picked":"Shrug It Off","floor":0.0},{"not_picked":["hubris:SharpeningStone","Twin Strike"],"picked":"True Grit","floor":0.0},{"not_picked":["Blood for Blood","Reckless Charge"],"picked":"Flex","floor":0.0},{"not_picked":["Intimidate","Bloodletting"],"picked":"Power Through","floor":0.0},{"not_picked":["Clash","Heavy Blade"],"picked":"Headbutt","floor":0.0},{"not_picked":["Wild Strike","Anger"],"picked":"Battle Trance","floor":1.0},{"not_picked":["Infernal Blade","Flex","Cleave"],"picked":"SKIP","floor":2.0},{"not_picked":["Rupture","conspire:ExplosiveBarrier"],"picked":"hubris:ReadiedAction","floor":3.0},{"not_picked":["Wild Strike","Clash","Feel No Pain"],"picked":"SKIP","floor":5.0},{"not_picked":["Wild Strike","Clash","Feel No Pain"],"picked":"SKIP","floor":5.0},{"not_picked":["Sentinel","Body Slam"],"picked":"Metallicize","floor":7.0},{"not_picked":["Body Slam","Disarm"],"picked":"Ghostly Armor","floor":8.0},{"not_picked":["hubris:ReadiedAction","Corruption","Armaments"],"picked":"SKIP","floor":10.0},{"not_picked":["Ghostly Armor","Spot Weakness","hubris:SharpeningStone"],"picked":"SKIP","floor":14.0},{"not_picked":["Flex","Combust","Inflame"],"picked":"SKIP","floor":18.0},{"not_picked":["Shrug It Off","Perfected Strike+1","Hemokinesis"],"picked":"SKIP","floor":19.0},{"not_picked":["Body Slam","Flex","Shrug It Off"],"picked":"SKIP","floor":22.0},{"not_picked":["Inflame","Battle Trance"],"picked":"Metallicize","floor":23.0},{"not_picked":["Armaments","Flex"],"picked":"Flame Barrier+1","floor":27.0},{"not_picked":["Intimidate","Evolve","Pommel Strike+1"],"picked":"SKIP","floor":28.0},{"not_picked":["Anger","Headbutt"],"picked":"hubris:StunningStrike","floor":30.0},{"not_picked":["Fiend Fire","Demon Form"],"picked":"Impervious","floor":33.0},{"not_picked":["Seeing Red+1","Inflame","Twin Strike+1"],"picked":"SKIP","floor":35},{"not_picked":["hubris:SharpeningStone+1","Iron Wave+1","Armaments"],"picked":"SKIP","floor":38},{"not_picked":["Whirlwind","conspire:Charge","True Grit"],"picked":"SKIP","floor":40},{"not_picked":["Clash","Brutality"],"picked":"Disarm","floor":44},{"not_picked":["Bloodletting+1","Rage+1","Rupture"],"picked":"SKIP","floor":46},{"not_picked":["hubris:ReadiedAction+1","Flex","Shrug It Off"],"picked":"SKIP","floor":48}],"player_experience":395751,"relics_obtained":[{"floor":7.0,"key":"hubris:IronBody"},{"floor":9.0,"key":"infinitespire:BottledMercury"},{"floor":10.0,"key":"Bag of Marbles"},{"floor":14.0,"key":"conspire:BottledYoYo"},{"floor":23.0,"key":"Juzu Bracelet"},{"floor":24.0,"key":"Vajra"},{"floor":26.0,"key":"infinitespire:FocusingShard"},{"floor":30.0,"key":"Girya"},{"floor":36,"key":"Thread and Needle"},{"floor":39,"key":"infinitespire:Joker Card"},{"floor":40,"key":"hubris:SlimyHat"},{"floor":43,"key":"Ancient Tea Set"},{"floor":46,"key":"Oddly Smooth Stone"}],"event_choices":[{"damage_healed":0.0,"max_hp_gain":0.0,"max_hp_loss":0.0,"gold_gain":0.0,"event_name":"FaceTrader","player_choice":"Trade","floor":4.0,"gold_loss":0.0,"damage_taken":0.0,"relics_obtained":["SsserpentHead"]},{"damage_healed":0.0,"max_hp_gain":0.0,"max_hp_loss":0.0,"gold_gain":0.0,"event_name":"Upgrade Shrine","player_choice":"Upgraded","floor":12.0,"gold_loss":0.0,"damage_taken":0.0,"cards_upgraded":["Body Slam"]},{"damage_healed":0,"gold_gain":0,"player_choice":"Fight","damage_taken":0,"max_hp_gain":0,"max_hp_loss":0,"event_name":"Mysterious Sphere","floor":36,"gold_loss":0},{"cards_removed":["hubris:ReadiedAction"],"damage_healed":0,"gold_gain":0,"player_choice":"Upgrade and Remove","damage_taken":0,"max_hp_gain":0,"max_hp_loss":0,"event_name":"Designer","floor":37,"gold_loss":90,"cards_upgraded":["Strike_R"]},{"damage_healed":0,"gold_gain":0,"player_choice":"Fight","damage_taken":0,"max_hp_gain":0,"max_hp_loss":0,"event_name":"MindBloom","floor":39,"gold_loss":0},{"damage_healed":0,"gold_gain":0,"player_choice":"Max HP","damage_taken":0,"max_hp_gain":0,"max_hp_loss":0,"event_name":"Winding Halls","floor":47,"gold_loss":0}],"is_beta":false,"boss_relics":[{"not_picked":["Velvet Choker","Philosopher\u0027s Stone"],"picked":"Coffee Dripper"},{"not_picked":["Black Blood","hubris:VirtuousBlindfold"],"picked":"Cursed Key"}],"items_purged_floors":[25,42],"is_endless":false,"potions_floor_spawned":[2,3,8,10,16,19,22,27,38,40,44,46],"ascension_level":11}}