{"host":"3asmp5aovk69ekg9","time":1608871373,"event":{"mods":["BaseMod","BetterRewards","Colored Powertips","Hermit","Koishi","Magitek Elite","Minty Spire (QoL Compilation)","Permanent Neow","Remove Card Discount Mod","Shade Mod","StSLib","The Alterego","The Cursed","The Death Knight","The Fake Hero","The IronCluck","The Marked","The Senshi","The Wild Card"],"gold_per_floor":[138,173,204,1,1,51,88,136,160,160,209,4,61,88,88,216,216,304,304,184,219,257,282,282,387,411,123,123,123,187,237,237,333,333,375,424,475,274,274,342,411,478,478,505,565,565,604,508,508,508,508,508,182,247,247],"floor_reached":56,"playtime":7804,"items_purged":["alterego_mod:BigMeatyClaws","alterego_mod:BrynhildrsRune","alterego_mod:Strike","alterego_mod:Strike","alterego_mod:Defend","alterego_mod:Strike","alterego_mod:Defend","alterego_mod:Cycle+1","alterego_mod:HighServant+1","alterego_mod:PurpleHair+1","alterego_mod:Defend","alterego_mod:Defend"],"score":2197,"play_id":"c7692252-0955-487f-aafc-407e5a46acc5","local_time":"20201224204253","is_ascension_mode":true,"campfire_choices":[{"data":"HandOfGreed","floor":15.0,"key":"SMITH"},{"data":"alterego_mod:ChallengeComplete","floor":24.0,"key":"SMITH"},{"data":"alterego_mod:ChallengeComplete","floor":28.0,"key":"SMITH"},{"data":"alterego_mod:AlterEgo","floor":32.0,"key":"SMITH"},{"floor":49.0,"key":"RECALL"},{"data":"alterego_mod:ChallengeComplete","floor":52.0,"key":"SMITH"}],"circlet_count":0,"master_deck":["alterego_mod:Impale+1","alterego_mod:Birthday+1","alterego_mod:Nekomimi+1","HandOfGreed+1","alterego_mod:Mirror+1","alterego_mod:MagicResistance+1","alterego_mod:Cooking+1","alterego_mod:Rip","alterego_mod:Bounce+1","alterego_mod:Cooking+1","alterego_mod:Cooking+1","alterego_mod:ChallengeComplete+1","alterego_mod:ChallengeComplete+1","alterego_mod:Complex","alterego_mod:Mirror+1","alterego_mod:AlterEgo+1","alterego_mod:Nekomimi","alterego_mod:Birthday+1","alterego_mod:GoddessCore","alterego_mod:Birthday+1","alterego_mod:Pet+1","alterego_mod:SakuraPetals","alterego_mod:Rake","alterego_mod:Bunnysuit+1","alterego_mod:Birthday+1","alterego_mod:Pet+1","alterego_mod:SakuraPetals","alterego_mod:Cooking+1","alterego_mod:Pet+1","Good Instincts+1","alterego_mod:ChallengeComplete+1","alterego_mod:Pet+1","alterego_mod:Bounce+1","Panacea+1","Apotheosis+1","Finesse+1","alterego_mod:Birthday+1","alterego_mod:ChallengeComplete+1","alterego_mod:RidiculouslyBig+1","alterego_mod:Bounce+1"],"relics":["alterego_mod:MasochisticConstitution","Toxic Egg 2","Gremlin Horn","Oddly Smooth Stone","ClockworkSouvenir","Medical Kit","Pen Nib","Omamori","Vajra","Potion Belt","Membership Card","Tiny Chest","Philosopher\u0027s Stone","Blood Vial","The Courier","Centennial Puzzle","Mythril_Glove","CeramicFish","alterego_mod:SomeoneToFightFor","Bottled Flame","Coffee Dripper","Happy Flower","WingedGreaves","Guard_Bracelet","Juzu Bracelet","Strawberry","Orichalcum","Boot","Bronze Scales","OrangePellets","Toy Ornithopter","Mango","Ice Cream","Pear"],"acts_visited":["Exordium","TheCity","TheBeyond","TheEnding"],"potions_floor_usage":[55,55,55,55,55],"damage_taken":[{"damage":1.0,"enemies":"Small Slimes","floor":1.0,"turns":2.0},{"damage":0.0,"enemies":"Jaw Worm","floor":2.0,"turns":4.0},{"damage":1.0,"enemies":"Cultist","floor":3.0,"turns":4.0},{"damage":15.0,"enemies":"Lagavulin","floor":6.0,"turns":6.0},{"damage":13.0,"enemies":"Exordium Thugs","floor":7.0,"turns":4.0},{"damage":15.0,"enemies":"Gremlin Nob","floor":8.0,"turns":3.0},{"damage":22.0,"enemies":"Lagavulin","floor":11.0,"turns":7.0},{"damage":4.0,"enemies":"Exordium Wildlife","floor":13.0,"turns":4.0},{"damage":0.0,"enemies":"Hexaghost","floor":16.0,"turns":9.0},{"damage":0.0,"enemies":"3 Byrds","floor":18.0,"turns":5.0},{"damage":4.0,"enemies":"Chosen","floor":21.0,"turns":7.0},{"damage":35.0,"enemies":"Snake Plant","floor":22.0,"turns":5.0},{"damage":42.0,"enemies":"Book of Stabbing","floor":23.0,"turns":5.0},{"damage":29.0,"enemies":"Slavers","floor":25.0,"turns":8.0},{"damage":4.0,"enemies":"Gremlin Leader","floor":30.0,"turns":5.0},{"damage":7.0,"enemies":"Centurion and Healer","floor":31.0,"turns":4.0},{"damage":0.0,"enemies":"Champ","floor":33.0,"turns":8.0},{"damage":18.0,"enemies":"3 Shapes","floor":35.0,"turns":2.0},{"damage":4.0,"enemies":"Orb Walker","floor":36.0,"turns":2.0},{"damage":20.0,"enemies":"Nemesis","floor":40.0,"turns":9.0},{"damage":12.0,"enemies":"Reptomancer","floor":41.0,"turns":4.0},{"damage":0.0,"enemies":"Giant Head","floor":42.0,"turns":6.0},{"damage":31.0,"enemies":"Nemesis","floor":45.0,"turns":6.0},{"damage":8.0,"enemies":"Writhing Mass","floor":47.0,"turns":6.0},{"damage":14.0,"enemies":"Donu and Deca","floor":50.0,"turns":9.0},{"damage":23.0,"enemies":"Shield and Spear","floor":54.0,"turns":5.0},{"damage":51,"enemies":"The Heart","floor":55,"turns":7}],"seed_played":"5299064293702014884","potions_obtained":[{"floor":1.0,"key":"SkillPotion"},{"floor":2.0,"key":"PowerPotion"},{"floor":3.0,"key":"Block Potion"},{"floor":6.0,"key":"Strength Potion"},{"floor":13.0,"key":"Regen Potion"},{"floor":18.0,"key":"GamblersBrew"},{"floor":22.0,"key":"FearPotion"},{"floor":23.0,"key":"BlessingOfTheForge"},{"floor":25.0,"key":"CultistPotion"},{"floor":33.0,"key":"Energy Potion"},{"floor":36.0,"key":"EssenceOfSteel"},{"floor":41.0,"key":"SkillPotion"},{"floor":45.0,"key":"LiquidBronze"},{"floor":47.0,"key":"CultistPotion"}],"is_trial":false,"path_per_floor":["M","M","M","$","?","E","M","E","T","?","E","$","M","T","R","B",null,"M","?","$","M","M","E","R","E","T","$","R","?","E","M","R","B",null,"M","M","T","$","?","E","E","E","T","?","E","?","M","$","R","B",null,"R","$","E","B",null],"character_chosen":"The_Alterego","items_purchased":["Toxic Egg 2","Gremlin Horn","alterego_mod:Birthday+1","alterego_mod:Nekomimi","HandOfGreed","Oddly Smooth Stone","ClockworkSouvenir","SkillPotion","FearPotion","alterego_mod:Mirror+1","Medical Kit","alterego_mod:Bounce","Membership Card","alterego_mod:ChallengeComplete","alterego_mod:Complex","alterego_mod:Birthday+1","Blood Vial","alterego_mod:GoddessCore","alterego_mod:Pet+1","Mythril_Glove","CeramicFish","alterego_mod:SakuraPetals","alterego_mod:Rake","alterego_mod:Cycle+1","alterego_mod:HighServant+1","alterego_mod:Bunnysuit+1","alterego_mod:PurpleHair+1","alterego_mod:Birthday+1","alterego_mod:Pet+1","Good Instincts+1","WingedGreaves","Guard_Bracelet","alterego_mod:ChallengeComplete","OrangePellets","EssenceOfSteel","Toy Ornithopter","Mango","Ice Cream","alterego_mod:RidiculouslyBig+1"],"campfire_rested":0,"item_purchase_floors":[0,0,0,0,0,0,0,0,0,0,4,4,12,12,12,20,20,20,27,27,27,27,27,27,27,27,27,27,27,38,38,38,48,48,48,53,53,53,53],"current_hp_per_floor":[31,34,41,41,27,20,19,12,12,12,6,6,18,18,18,33,77,77,77,77,78,62,53,53,48,48,48,48,48,71,83,83,83,83,82,85,85,85,85,71,94,94,94,84,74,74,96,96,96,92,97,97,111,117,104],"gold":247,"neow_bonus":"","is_daily":false,"chose_seed":false,"campfire_upgraded":5,"win_rate":0.0,"timestamp":1608871373,"path_taken":["M","M","M","$","?","E","M","E","T","?","E","?","?","?","R","BOSS","M","?","$","M","?","E","R","E","T","$","R","?","E","M","R","BOSS","M","M","?","$","?","E","E","E","T","?","E","?","M","$","R","BOSS","R","$","E","BOSS"],"items_purchased_type":["Relic","Relic","Card","Card","Card","Relic","Relic","Potion","Potion","Card","Relic","Card","Relic","Card","Card","Card","Relic","Card","Card","Relic","Relic","Card","Card","Card","Card","Card","Card","Card","Card","Card","Relic","Relic","Card","Relic","Potion","Relic","Relic","Relic","Card"],"build_version":"2020-12-22","purchased_purges":12,"victory":true,"max_hp_per_floor":[71,71,72,72,72,73,74,75,75,75,76,76,77,77,77,77,77,77,77,77,78,79,80,80,81,81,81,81,81,82,83,83,83,83,84,85,85,85,85,86,94,94,94,94,95,95,96,96,96,97,97,97,111,122,123],"card_choices":[{"not_picked":["alterego_mod:IndependentAction+1","alterego_mod:TrashNCrash+1"],"picked":"alterego_mod:MagicResistance+1","floor":1.0},{"not_picked":["alterego_mod:Bounce","alterego_mod:DeftHands"],"picked":"alterego_mod:Cooking+1","floor":2.0},{"not_picked":["alterego_mod:MaintainEyeContact+1","alterego_mod:Birthday+1"],"picked":"alterego_mod:Rip","floor":3.0},{"not_picked":["alterego_mod:PainIsPleasure","alterego_mod:BeGentle+1"],"picked":"alterego_mod:Cooking+1","floor":6.0},{"not_picked":["alterego_mod:Maid","alterego_mod:BusterCard","alterego_mod:Belle"],"picked":"SKIP","floor":7.0},{"not_picked":["alterego_mod:Swimsuit","alterego_mod:DustData"],"picked":"alterego_mod:Cooking+1","floor":8.0},{"not_picked":["alterego_mod:BeGentle+1","alterego_mod:Bunnysuit+1"],"picked":"alterego_mod:ChallengeComplete","floor":11.0},{"not_picked":["alterego_mod:1TonWallop","alterego_mod:IndependentAction+1"],"picked":"alterego_mod:Mirror+1","floor":13.0},{"not_picked":["alterego_mod:Antipathy+1","alterego_mod:IdEs+1"],"picked":"alterego_mod:AlterEgo","floor":16.0},{"not_picked":["alterego_mod:Jiggle+1","alterego_mod:BeGentle+1"],"picked":"alterego_mod:Nekomimi","floor":18.0},{"not_picked":["alterego_mod:PerceptionDisorder+1","alterego_mod:Undulate+1"],"picked":"alterego_mod:Birthday+1","floor":21.0},{"not_picked":["alterego_mod:Cycle+1","alterego_mod:Santa+1"],"picked":"alterego_mod:Bounce+1","floor":22.0},{"not_picked":["alterego_mod:Swimsuit","alterego_mod:Maid","alterego_mod:Complex"],"picked":"SKIP","floor":23.0},{"not_picked":["alterego_mod:Skirt","alterego_mod:Cycle+1","alterego_mod:BoobPocket+1"],"picked":"SKIP","floor":25.0},{"not_picked":["alterego_mod:DeftHands+1","alterego_mod:1TonWallop"],"picked":"alterego_mod:SakuraPetals","floor":30.0},{"not_picked":["alterego_mod:Birthday+1","alterego_mod:HighServant+1"],"picked":"alterego_mod:Cooking+1","floor":31.0},{"not_picked":["alterego_mod:Complex+1","alterego_mod:GoddessCore","alterego_mod:PerceptionDisorder+1"],"picked":"SKIP","floor":35.0},{"not_picked":["alterego_mod:BreastValley+1","alterego_mod:PerceptionDisorder+1"],"picked":"alterego_mod:Pet+1","floor":36.0},{"not_picked":["alterego_mod:Mirror+1","alterego_mod:PerceptionDisorder+1"],"picked":"alterego_mod:ChallengeComplete+1","floor":40.0},{"not_picked":["alterego_mod:SideboobHour","alterego_mod:AlterEgo"],"picked":"alterego_mod:Pet+1","floor":41.0},{"not_picked":["alterego_mod:PerceptionDisorder","alterego_mod:SakuraFive+1"],"picked":"alterego_mod:Bounce+1","floor":42.0},{"not_picked":["Forethought+1","Jack Of All Trades+1"],"picked":"Panacea+1","floor":44.0},{"not_picked":["Flash of Steel","Trip+1"],"picked":"Apotheosis+1","floor":44.0},{"not_picked":["Bandage Up+1","Mind Blast"],"picked":"Finesse+1","floor":44.0},{"not_picked":["alterego_mod:MagicResistance+1","alterego_mod:Smother"],"picked":"alterego_mod:Birthday+1","floor":45.0},{"not_picked":["alterego_mod:Maid+1","alterego_mod:SuperDuperMasochism+1","alterego_mod:Punishment+1"],"picked":"SKIP","floor":47.0},{"not_picked":["alterego_mod:DestructionOfProperty+1","alterego_mod:DeftHands+1"],"picked":"alterego_mod:Bounce+1","floor":54.0}],"player_experience":1119384,"relics_obtained":[{"floor":6.0,"key":"Pen Nib"},{"floor":8.0,"key":"Omamori"},{"floor":9.0,"key":"Vajra"},{"floor":11.0,"key":"Potion Belt"},{"floor":14.0,"key":"Tiny Chest"},{"floor":23.0,"key":"The Courier"},{"floor":25.0,"key":"Centennial Puzzle"},{"floor":30.0,"key":"Bottled Flame"},{"floor":37.0,"key":"Happy Flower"},{"floor":40.0,"key":"Juzu Bracelet"},{"floor":41.0,"key":"Strawberry"},{"floor":42.0,"key":"Orichalcum"},{"floor":43.0,"key":"Boot"},{"floor":45.0,"key":"Bronze Scales"},{"floor":54.0,"key":"Pear"}],"event_choices":[{"damage_healed":0.0,"max_hp_gain":0.0,"max_hp_loss":0.0,"gold_gain":0.0,"event_name":"Shining Light","player_choice":"Entered Light","floor":5.0,"gold_loss":0.0,"damage_taken":14.0,"cards_upgraded":["alterego_mod:Bounce","alterego_mod:Impale"]},{"damage_healed":0.0,"max_hp_gain":0.0,"max_hp_loss":0.0,"gold_gain":0.0,"event_name":"Living Wall","player_choice":"Grow","floor":10.0,"gold_loss":0.0,"damage_taken":0.0,"cards_upgraded":["alterego_mod:Nekomimi"]},{"cards_removed":["alterego_mod:Strike"],"damage_healed":0.0,"max_hp_gain":0.0,"max_hp_loss":0.0,"gold_gain":0.0,"event_name":"Bonfire Elementals","player_choice":"Offered Basic","floor":19.0,"gold_loss":0.0,"damage_taken":0.0},{"damage_healed":0.0,"max_hp_gain":0.0,"max_hp_loss":0.0,"gold_gain":0.0,"event_name":"Secret Garden","player_choice":"Choice 2","floor":29.0,"gold_loss":0.0,"damage_taken":0.0,"relics_obtained":["alterego_mod:SomeoneToFightFor"]},{"damage_healed":0.0,"max_hp_gain":0.0,"max_hp_loss":0.0,"gold_gain":0.0,"event_name":"Wheel of Change","player_choice":"Cursed","floor":39.0,"gold_loss":0.0,"damage_taken":0.0,"cards_obtained":["Decay"]},{"damage_healed":0.0,"max_hp_gain":0.0,"max_hp_loss":0.0,"gold_gain":0.0,"event_name":"SensoryStone","player_choice":"Memory 3","floor":44.0,"gold_loss":0.0,"damage_taken":10.0},{"cards_removed":["alterego_mod:Bounce"],"damage_healed":0.0,"max_hp_gain":0.0,"max_hp_loss":0.0,"gold_gain":0.0,"event_name":"Falling","player_choice":"Removed Attack","floor":46.0,"gold_loss":0.0,"damage_taken":0.0}],"is_beta":false,"boss_relics":[{"not_picked":["Snecko Eye","Golden_Hairpin"],"picked":"Philosopher\u0027s Stone"},{"not_picked":["theSenshi:MoonKaleidoScopeRelic","Velvet Choker"],"picked":"Coffee Dripper"}],"items_purged_floors":[0,0,0,0,12,12,27,27,27,27,38,38],"is_endless":false,"potions_floor_spawned":[1,2,3,6,13,18,22,23,25,33,36,41,45,47,54],"ascension_level":4}}