{"host":"eez7vtcxu2i37lck","time":1608864983,"event":{"mods":["AchievementEnabler","BaseMod","Colored Map","Colored Powertips","Downfall","Hermit","Highlight Path","Hubris","Infinite Spire","Jorbs\u0027s Wanderer Trilogy","Minty Spire (QoL Compilation)","Quick Restart","Rare Cards Sparkle","Replay The Spire","Shop Mod","StSLib","The IronCluck"],"gold_per_floor":[99,115,135,135,150,179,179,190,206,306,306,25,41,57,75,180,180,180,197,197,207,59,59,82,95,80,80,93,160,160,160,178,178,178,178],"floor_reached":33,"playtime":2442,"items_purged":["Slimebound:Defend_Slimebound","Slimebound:Strike_Slimebound"],"score":276,"play_id":"67f8dd12-4d35-4de4-9533-88ad05957eff","local_time":"20201224215623","is_ascension_mode":false,"campfire_choices":[{"data":"Slimebound:CorrosiveSpit","floor":1,"key":"SMITH"},{"floor":11,"key":"REST"},{"data":"Slimebound:DuplicatedForm","floor":18,"key":"SMITH"},{"floor":27,"key":"REST"},{"floor":30,"key":"REST"}],"circlet_count":0,"master_deck":["Slimebound:Strike_Slimebound","Slimebound:Strike_Slimebound","Slimebound:Tackle","Slimebound:Defend_Slimebound","Slimebound:Defend_Slimebound","Slimebound:Defend_Slimebound","Slimebound:Split","Slimebound:CorrosiveSpit+1","Slimebound:HauntingLick","Slimebound:AcidTongue+1","Slimebound:FinishingTackle","Slimebound:RejuvenatingLick","Slimebound:LeechingTouch","Slimebound:Replication","Slimebound:Recycling","Slimebound:DuplicatedForm+1","Slimebound:OozeBath","Slimebound:SamplingLick","BowlingBash","Slimebound:Replication","Slimebound:HauntingLick","infinitespire:TheBestDefense"],"relics":["Slimebound:AbsorbEndCombat","Pear","Mirror","MerchantsRug","SacredBark","Bag of Marbles","infinitespire:EmpoweringShard","Black Star"],"acts_visited":["Exordium","TheCity"],"potions_floor_usage":[21,21,21,32,32,33],"damage_taken":[{"damage":5,"enemies":"Jaw Worm","floor":2,"turns":3},{"damage":4,"enemies":"Cultist","floor":3,"turns":3},{"damage":4,"enemies":"2 Louse","floor":5,"turns":3},{"damage":39,"enemies":"3 Sentries","floor":6,"turns":8},{"damage":16,"enemies":"2 Fungi Beasts","floor":8,"turns":3},{"damage":21,"enemies":"Red Slaver","floor":9,"turns":3},{"damage":7,"enemies":"downfall:FleeingMerchant","floor":12,"turns":4},{"damage":10,"enemies":"Blue Slaver","floor":13,"turns":3},{"damage":26,"enemies":"Gremlin Gang","floor":14,"turns":5},{"damage":31,"enemies":"Lots of Slimes","floor":15,"turns":4},{"damage":51,"enemies":"downfall:Ironclad","floor":16,"turns":7},{"damage":64,"enemies":"3 Byrds","floor":19,"turns":6},{"damage":49,"enemies":"Cultist and Chosen","floor":21,"turns":6},{"damage":19,"enemies":"downfall:FleeingMerchant","floor":22,"turns":4},{"damage":86,"enemies":"Shelled Parasite and Fungi","floor":25,"turns":6},{"damage":24,"enemies":"downfall:FleeingMerchant","floor":26,"turns":4},{"damage":46,"enemies":"Centurion and Healer","floor":28,"turns":6},{"damage":29,"enemies":"3 Cultists","floor":32,"turns":4},{"damage":138,"enemies":"downfall:Silent","floor":33,"turns":9}],"seed_played":"6821587289237002866","potions_obtained":[{"floor":2,"key":"Slimebound:SlimedPotion"},{"floor":8,"key":"EntropicBrew"},{"floor":9,"key":"Adrenaline Potion"},{"floor":14,"key":"FearPotion"},{"floor":16,"key":"Adrenaline Potion"},{"floor":29,"key":"Regen Potion"},{"floor":29,"key":"SneckoOil"},{"floor":29,"key":"FairyPotion"},{"floor":32,"key":"Slimebound:ThreeZeroPotion"}],"is_trial":false,"path_per_floor":["R","M","M","?","M","E","T","M","M","?","R","$","M","M","M","B",null,"R","M","?","M","$","?","T","M","$","R","M","?","R","AVR","M","B"],"character_chosen":"SLIMEBOUND","items_purchased":["Slimebound:Replication","MerchantsRug","Slimebound:OozeBath","Slimebound:SamplingLick"],"campfire_rested":3,"item_purchase_floors":[12,12,22,22],"current_hp_per_floor":[66,65,66,66,66,49,49,47,40,40,62,76,74,76,60,49,76,76,67,67,70,76,76,76,39,37,59,43,13,35,35,63,0,0,0],"gold":178,"neow_bonus":"TEN_PERCENT_HP_BONUS","is_daily":false,"chose_seed":false,"campfire_upgraded":2,"win_rate":0.0,"timestamp":1608864983,"path_taken":["R","M","M","?","?","E","T","?","M","?","R","$","M","M","M","BOSS","R","M","?","M","$","?","T","?","$","R","M","?","R","AVR","M","BOSS"],"items_purchased_type":["Card","Relic","Card","Card"],"build_version":"2020-12-22","purchased_purges":2,"victory":false,"max_hp_per_floor":[66,66,66,66,66,76,76,76,76,76,76,76,76,76,76,76,76,76,76,76,76,76,76,76,76,76,76,76,76,76,76,76,76,76,76],"card_choices":[{"not_picked":["Slimebound:SplitLeeching","Slimebound:ProtectTheBoss"],"picked":"Slimebound:HauntingLick","floor":2},{"not_picked":["Slimebound:PressTheAttack","Slimebound:Repurpose"],"picked":"Slimebound:AcidTongue","floor":3},{"not_picked":["Slimebound:LeechEnergy","Slimebound:SlimeSpikes"],"picked":"Slimebound:FinishingTackle","floor":5},{"not_picked":["Slimebound:RainOfGoop","Slimebound:LeechEnergy"],"picked":"Slimebound:RejuvenatingLick","floor":6},{"not_picked":["Slimebound:ServeAndProtect","Slimebound:SplitLeeching","Slimebound:RollThrough"],"picked":"SKIP","floor":8},{"not_picked":["Slimebound:Dissolve","Slimebound:MegaLick"],"picked":"Slimebound:LeechingTouch","floor":9},{"not_picked":["Slimebound:PressTheAttack","Slimebound:HungryTackle","Slimebound:SlimeSpikes"],"picked":"SKIP","floor":12},{"not_picked":["Slimebound:Gluttony","Slimebound:SplitAcid"],"picked":"Slimebound:Recycling","floor":13},{"not_picked":["Slimebound:GoopSpray","Slimebound:Nibble","Slimebound:Repurpose"],"picked":"SKIP","floor":14},{"not_picked":["Slimebound:SlimeSpikes","Slimebound:SplitMire","Slimebound:GrowthPunch"],"picked":"SKIP","floor":15},{"not_picked":["Slimebound:MinionMaster","Slimebound:Darklings"],"picked":"Slimebound:DuplicatedForm","floor":16},{"not_picked":["Slimebound:SplitMire","Slimebound:Repurpose","Slimebound:FlameTackle"],"picked":"SKIP","floor":19},{"not_picked":["Slimebound:SplitAcid","Slimebound:Repurpose","Slimebound:MinionMaster"],"picked":"SKIP","floor":21},{"not_picked":["Slimebound:SlimeSpikes+1","Slimebound:LeechEnergy","Slimebound:PressTheAttack"],"picked":"SKIP","floor":22},{"not_picked":["Slimebound:SplitMire","Slimebound:Dissolve+1","Slimebound:SlimeBarrage"],"picked":"SKIP","floor":25},{"not_picked":["Slimebound:Recycling","Slimebound:GoopSpray"],"picked":"Slimebound:Replication","floor":26},{"not_picked":["Slimebound:RollThrough","Slimebound:LivingWall","Slimebound:SlimeBrawl"],"picked":"SKIP","floor":28},{"not_picked":["Slimebound:DivideAndConquer","Slimebound:GoopSpray+1"],"picked":"Slimebound:HauntingLick","floor":29},{"not_picked":["Slimebound:BestDefense","Slimebound:ViciousTackle+1","Slimebound:FinishingTackle"],"picked":"SKIP","floor":32}],"player_experience":279267,"relics_obtained":[{"floor":6,"key":"Pear"},{"floor":7,"key":"Mirror"},{"floor":24,"key":"Bag of Marbles"}],"event_choices":[{"damage_healed":0,"gold_gain":0,"player_choice":"Upgraded","damage_taken":0,"max_hp_gain":0,"max_hp_loss":0,"event_name":"Upgrade Shrine","floor":4,"gold_loss":0,"cards_upgraded":["Slimebound:AcidTongue"]},{"damage_healed":0,"gold_gain":0,"player_choice":"Ignored","damage_taken":0,"max_hp_gain":0,"max_hp_loss":0,"event_name":"Vampires","floor":20,"gold_loss":0},{"damage_healed":0,"gold_gain":0,"player_choice":"Read","damage_taken":0,"max_hp_gain":0,"max_hp_loss":0,"event_name":"The Library","floor":23,"gold_loss":0,"cards_obtained":["BowlingBash"]}],"is_beta":false,"boss_relics":[{"not_picked":["downfall:Hecktoplasm","hubris:CrackedHourglass"],"picked":"SacredBark"}],"items_purged_floors":[12,31],"is_endless":false,"potions_floor_spawned":[2,8,9,14,16,19,32],"killed_by":"downfall:Silent","ascension_level":0}}