{"host":"cjhtzh7tp54jdfyv","time":1608914358,"event":{"mods":["AchievementEnabler","BaseMod","Colored Map","Colored Powertips","Curses Come First","DeckTracker","Filter the Spire","Minty Spire (QoL Compilation)","RNG Fix","Relic Sorter","Relic Stats","StSLib","The Cursed","The Marked","Waifu the Spire","ojb\u0027s Better Paths Mod","ojb\u0027s Info Mod"],"gold_per_floor":[111,111,161,180,193,193,205,221,248,248,248,248,25,25,25,96,96,112,112,146,158,158,158],"floor_reached":22,"playtime":1302,"items_purged":["TheCursedMod:Strike_TheCursed"],"score":448,"play_id":"6bbd1fad-26fd-4e34-878b-846188f97870","local_time":"20201225113918","is_ascension_mode":true,"campfire_choices":[{"data":"1","floor":6,"key":"LIFT"},{"data":"2","floor":10,"key":"LIFT"},{"data":"3","floor":15,"key":"LIFT"}],"circlet_count":0,"master_deck":["AscendersBane","TheCursedMod:Strike_TheCursed","TheCursedMod:Strike_TheCursed","TheCursedMod:Defend_TheCursed","TheCursedMod:Defend_TheCursed","TheCursedMod:Defend_TheCursed","TheCursedMod:Defend_TheCursed","TheCursedMod:CursedWand","TheCursedMod:CleanUpWorkshop+1","TheCursedMod:Dregs","CurseOfTheBell","TheCursedMod:SoulReap","TheCursedMod:SpreadPlague+1","TheCursedMod:DemonicPact","TheCursedMod:PrepareRite+1","TheCursedMod:AbyssShockwave","TheCursedMod:VitalStrike","Regret","TheCursedMod:DemonicPact","TheCursedMod:FleshFromBone+1","Decay","TheCursedMod:AshesToAshes+1","TheCursedMod:CursedSpellbook+1"],"relics":["Calling Bell","Akabeko","Toxic Egg 2","Girya","Torii","Blood Vial","Matryoshka","Runic Pyramid","Red Mask"],"acts_visited":["Exordium","TheCity"],"potions_floor_usage":[16,16,21,21],"damage_taken":[{"damage":9,"enemies":"Cultist","floor":1,"turns":6},{"damage":1,"enemies":"Jaw Worm","floor":4,"turns":5},{"damage":10,"enemies":"Small Slimes","floor":5,"turns":5},{"damage":7,"enemies":"3 Louse","floor":7,"turns":4},{"damage":13,"enemies":"Looter","floor":8,"turns":5},{"damage":51,"enemies":"Slime Boss","floor":16,"turns":8},{"damage":19,"enemies":"3 Byrds","floor":18,"turns":2},{"damage":7,"enemies":"Masked Bandits","floor":20,"turns":2},{"damage":39,"enemies":"Shell Parasite","floor":21,"turns":13},{"damage":46,"enemies":"Shelled Parasite and Fungi","floor":22,"turns":4}],"seed_played":"-1530632345881242900","potions_obtained":[{"floor":8,"key":"GamblersBrew"},{"floor":16,"key":"SneckoOil"},{"floor":20,"key":"PowerPotion"},{"floor":21,"key":"FairyPotion"}],"is_trial":false,"path_per_floor":["M","?","?","M","M","R","M","M","T","R","?","?","$","?","R","B",null,"M","?","?","M","M"],"character_chosen":"THE_CURSED","items_purchased":["TheCursedMod:AbyssShockwave","TheCursedMod:VitalStrike","FearPotion"],"campfire_rested":0,"item_purchase_floors":[13,13,13],"current_hp_per_floor":[55,50,43,47,42,42,39,40,40,40,33,33,33,33,33,8,55,38,38,33,4,0,0],"gold":158,"neow_bonus":"BOSS_RELIC","is_daily":false,"chose_seed":false,"campfire_upgraded":0,"win_rate":0.0,"timestamp":1608914358,"path_taken":["M","?","?","M","?","R","M","M","T","R","?","?","$","?","R","BOSS","M","?","?","M","M"],"items_purchased_type":["Card","Card","Potion"],"build_version":"2020-12-22","purchased_purges":1,"victory":false,"max_hp_per_floor":[71,71,71,71,71,71,71,71,71,71,71,71,71,71,71,71,71,71,71,71,71,71,71],"relic_stats":{"Blood Vial":10,"Torii":25,"counters":[10,54],"obtain_stats":[{"Calling Bell":0,"Blood Vial":9,"TheCursedMod:BlackMagic101":0,"Girya":0,"Matryoshka":14,"Torii":2,"Red Mask":20,"Toxic Egg 2":0,"Akabeko":0,"Runic Pyramid":17},{"Calling Bell":0,"Blood Vial":5,"TheCursedMod:BlackMagic101":0,"Girya":0,"Matryoshka":5,"Torii":1,"Red Mask":8,"Toxic Egg 2":0,"Akabeko":0,"Runic Pyramid":6},{"Calling Bell":0,"Blood Vial":25,"TheCursedMod:BlackMagic101":0,"Girya":0,"Matryoshka":25,"Torii":6,"Red Mask":37,"Toxic Egg 2":0,"Akabeko":0,"Runic Pyramid":33}]},"card_choices":[{"not_picked":["TheCursedMod:CursedMace","TheCursedMod:TroublousMinions+1"],"picked":"TheCursedMod:SoulReap","floor":1},{"not_picked":["TheCursedMod:Stigma","TheCursedMod:SpitefulStrike"],"picked":"TheCursedMod:SpreadPlague+1","floor":4},{"not_picked":["TheCursedMod:SpreadPlague+1","TheCursedMod:VitalStrike"],"picked":"TheCursedMod:DemonicPact","floor":5},{"not_picked":["TheCursedMod:RavingStaff","TheCursedMod:Torture+1"],"picked":"TheCursedMod:PrepareRite+1","floor":7},{"not_picked":["TheCursedMod:CircleOfFocus+1","TheCursedMod:Stretching+1","TheCursedMod:SpreadPlague+1"],"picked":"SKIP","floor":8},{"not_picked":["TheCursedMod:DemonSword","TheCursedMod:UltimatePain+1"],"picked":"TheCursedMod:DemonicPact","floor":16},{"not_picked":["TheCursedMod:SpreadPlague+1","TheCursedMod:RavingStaff"],"picked":"TheCursedMod:FleshFromBone+1","floor":18},{"not_picked":["TheCursedMod:Stigma","TheCursedMod:SpitefulStrike+1"],"picked":"TheCursedMod:AshesToAshes+1","floor":20},{"not_picked":["TheCursedMod:RavingStaff","TheCursedMod:CircleOfFlame+1"],"picked":"TheCursedMod:CursedSpellbook+1","floor":21}],"player_experience":4408250,"relics_obtained":[{"floor":0,"key":"Akabeko"},{"floor":0,"key":"Toxic Egg 2"},{"floor":0,"key":"Girya"},{"floor":9,"key":"Blood Vial"},{"floor":20,"key":"Red Mask"}],"event_choices":[{"damage_healed":0,"gold_gain":0,"player_choice":"Success","damage_taken":5,"relics_obtained":["Torii"],"max_hp_gain":0,"max_hp_loss":0,"event_name":"Scrap Ooze","floor":2,"gold_loss":0},{"damage_healed":0,"gold_gain":50,"player_choice":"Touch","damage_taken":7,"max_hp_gain":0,"max_hp_loss":0,"event_name":"FaceTrader","floor":3,"gold_loss":0},{"cards_removed":["TheCursedMod:Strike_TheCursed"],"damage_healed":0,"gold_gain":0,"player_choice":"Card Removal","damage_taken":7,"max_hp_gain":0,"max_hp_loss":0,"event_name":"Golden Wing","floor":11,"gold_loss":0},{"damage_healed":0,"gold_gain":0,"player_choice":"Upgraded","damage_taken":0,"max_hp_gain":0,"max_hp_loss":0,"event_name":"Upgrade Shrine","floor":12,"gold_loss":0,"cards_upgraded":["TheCursedMod:CleanUpWorkshop"]},{"damage_healed":0,"gold_gain":0,"player_choice":"Box","damage_taken":0,"relics_obtained":["Matryoshka"],"max_hp_gain":0,"max_hp_loss":0,"event_name":"Big Fish","floor":14,"gold_loss":0,"cards_obtained":["Regret"]},{"damage_healed":0,"gold_gain":0,"player_choice":"Smashed Altar","damage_taken":0,"max_hp_gain":0,"max_hp_loss":0,"event_name":"Forgotten Altar","floor":19,"gold_loss":0,"cards_obtained":["Decay"]},{"damage_healed":0,"gold_gain":0,"player_choice":"Fought Bandits","damage_taken":0,"max_hp_gain":0,"max_hp_loss":0,"event_name":"Masked Bandits","floor":20,"gold_loss":0}],"is_beta":false,"boss_relics":[{"not_picked":["Astrolabe","SacredBark"],"picked":"Runic Pyramid"}],"items_purged_floors":[13],"is_endless":false,"potions_floor_spawned":[8,16,20,21],"killed_by":"Shelled Parasite and Fungi","ascension_level":20}}