{"host":"we0tvcz4okyzqurd","time":1608869749,"event":{"mods":["BaseMod","Colored Powertips","Downfall","Hubris","Minty Spire (QoL Compilation)","StSLib"],"gold_per_floor":[99,118,131,131,18,18,94,114,142,162,12,32,17,43,59,154,154,154,66,66,66,66],"floor_reached":20,"playtime":1247,"items_purged":[],"score":182,"play_id":"a44420b2-223d-4176-aad9-ea9f1cb25f59","local_time":"20201224201549","is_ascension_mode":false,"campfire_choices":[{"floor":1,"key":"RECALL"},{"floor":11,"key":"REST"},{"floor":18,"key":"REST"}],"circlet_count":0,"master_deck":["Slimebound:Strike_Slimebound","Slimebound:Strike_Slimebound","Slimebound:Strike_Slimebound","Slimebound:Tackle","Slimebound:Defend_Slimebound","Slimebound:Defend_Slimebound","Slimebound:Defend_Slimebound","Slimebound:Defend_Slimebound","Slimebound:Split","Slimebound:CorrosiveSpit","Slimebound:LeechingTouch","Slimebound:GrowthPunch+1","Slimebound:MegaLick","Slimebound:LeechLife","Slimebound:GoopSpray","Slimebound:SamplingLick","Slimebound:RainOfGoop","Slimebound:TongueLash","Slimebound:WasteNot","Slimebound:DisruptingSlam+1","Slimebound:RainOfGoop","Slimebound:AcidTongue"],"relics":["hubris:Stopwatch","Oddly Smooth Stone","Meat on the Bone","Mummified Hand","downfall:HeartBlessingRed","downfall:HeartBlessingGreen","Dream Catcher","hubris:BlackHole"],"acts_visited":["Exordium","TheCity"],"potions_floor_usage":[5,10,15,16,16,16],"damage_taken":[{"damage":2,"enemies":"2 Louse","floor":2,"turns":3},{"damage":7,"enemies":"Small Slimes","floor":3,"turns":3},{"damage":6,"enemies":"downfall:FleeingMerchant","floor":5,"turns":4},{"damage":4,"enemies":"Cultist","floor":8,"turns":4},{"damage":32,"enemies":"Gremlin Nob","floor":9,"turns":5},{"damage":7,"enemies":"2 Fungi Beasts","floor":10,"turns":3},{"damage":17,"enemies":"Large Slime","floor":12,"turns":5},{"damage":0,"enemies":"downfall:FleeingMerchant","floor":13,"turns":4},{"damage":18,"enemies":"Lagavulin","floor":14,"turns":5},{"damage":14,"enemies":"Exordium Thugs","floor":15,"turns":3},{"damage":27,"enemies":"downfall:Watcher","floor":16,"turns":5},{"damage":4,"enemies":"downfall:FleeingMerchant","floor":19,"turns":4},{"damage":54,"enemies":"downfall:Silent","floor":20,"turns":6}],"seed_played":"-6066478898316687325","potions_obtained":[{"floor":8,"key":"SteroidPotion"},{"floor":10,"key":"Strength Potion"},{"floor":12,"key":"Energy Potion"},{"floor":14,"key":"Slimebound:SlimyTonguePotion"},{"floor":15,"key":"Slimebound:ThreeZeroPotion"}],"is_trial":false,"path_per_floor":["R","M","M","?","$","?","T","M","E","M","R","M","$","E","M","B",null,"R","$","?"],"character_chosen":"SLIMEBOUND","items_purchased":["Fruit Juice","Slimebound:AcidTongue"],"campfire_rested":2,"item_purchase_floors":[5,19],"current_hp_per_floor":[60,58,51,51,54,54,54,54,38,47,65,56,65,51,50,41,65,65,65,11,11,11],"gold":66,"neow_bonus":"BOSS_RELIC","is_daily":false,"chose_seed":false,"campfire_upgraded":0,"win_rate":0.0,"timestamp":1608869749,"path_taken":["R","M","M","?","$","?","T","M","E","?","R","M","$","E","M","BOSS","R","$","?"],"items_purchased_type":["Potion","Card"],"build_version":"2020-12-22","purchased_purges":0,"victory":false,"max_hp_per_floor":[60,60,60,60,65,65,65,65,65,65,65,65,65,65,65,65,65,65,65,65,65,65],"card_choices":[{"not_picked":["Slimebound:SplitBruiser","Slimebound:PressTheAttack"],"picked":"Slimebound:LeechingTouch","floor":2},{"not_picked":["Slimebound:RollThrough","Slimebound:GoopSpray"],"picked":"Slimebound:GrowthPunch","floor":3},{"not_picked":["Slimebound:SplitSpecialist","Slimebound:ViciousTackle"],"picked":"Slimebound:MegaLick","floor":5},{"not_picked":["Slimebound:Replication","Slimebound:SplitMire","Slimebound:FormOfPuddle"],"picked":"SKIP","floor":8},{"not_picked":["Slimebound:ItLooksTasty","Slimebound:LeechEnergy"],"picked":"Slimebound:LeechLife","floor":9},{"not_picked":["Slimebound:RollThrough","Slimebound:GrowthPunch"],"picked":"Slimebound:GoopSpray","floor":10},{"not_picked":["Slimebound:SlimeSpikes","Slimebound:ProtectTheBoss"],"picked":"Slimebound:SamplingLick","floor":12},{"not_picked":["Slimebound:PrepareCrush","Slimebound:LeadByExample","Slimebound:GoopSpray"],"picked":"SKIP","floor":13},{"not_picked":["Slimebound:SplitMire","Slimebound:GoopSpray"],"picked":"Slimebound:RainOfGoop","floor":14},{"not_picked":["Slimebound:FirmFortitude","Slimebound:PressTheAttack"],"picked":"Slimebound:TongueLash","floor":15},{"not_picked":["Slimebound:SelfFormingGoo","Slimebound:Teamwork"],"picked":"Slimebound:WasteNot","floor":16},{"not_picked":["Slimebound:SplitLeeching+1","Slimebound:SpikyOuterGoop+1"],"picked":"Slimebound:DisruptingSlam+1","floor":18},{"not_picked":["Slimebound:Schlurp","Slimebound:SlimeBarrage+1"],"picked":"Slimebound:RainOfGoop","floor":19}],"player_experience":442049,"relics_obtained":[{"floor":7,"key":"Meat on the Bone"},{"floor":9,"key":"Mummified Hand"},{"floor":14,"key":"Dream Catcher"}],"event_choices":[{"damage_healed":0,"gold_gain":0,"player_choice":"Upgraded","damage_taken":0,"max_hp_gain":0,"max_hp_loss":0,"event_name":"Upgrade Shrine","floor":6,"gold_loss":0,"cards_upgraded":["Slimebound:GrowthPunch"]}],"is_beta":false,"boss_relics":[{"not_picked":["Sozu","hubris:TerracottaHorce"],"picked":"hubris:BlackHole"}],"items_purged_floors":[],"is_endless":false,"potions_floor_spawned":[8,10,12,14,15],"killed_by":"downfall:Silent","ascension_level":0}}