{"host":"y76clbnovzmw9ubx","time":1608918608,"event":{"mods":["AchievementEnabler","BaseMod","Minty Spire (QoL Compilation)","Permanent Neow","Relic Stats"],"gold_per_floor":[16,16,31,46,66,96,96,96,96],"floor_reached":8,"playtime":502,"items_purged":[],"score":116,"play_id":"ce493175-53ec-4167-bcc5-758eea904400","local_time":"20201225125008","is_ascension_mode":true,"campfire_choices":[{"floor":7,"key":"REST"}],"circlet_count":0,"master_deck":["AscendersBane","Strike_R","Strike_R","Strike_R","Strike_R","Defend_R","Defend_R","Defend_R","Bash","Double Tap+1","Sever Soul","Disarm","Battle Trance","Evolve","Carnage"],"relics":["Burning Blood","Akabeko"],"acts_visited":["Exordium"],"potions_floor_usage":[5,6],"damage_taken":[{"damage":10,"enemies":"Small Slimes","floor":1,"turns":3},{"damage":5,"enemies":"2 Louse","floor":3,"turns":2},{"damage":5,"enemies":"Jaw Worm","floor":4,"turns":3},{"damage":20,"enemies":"Exordium Thugs","floor":5,"turns":4},{"damage":45,"enemies":"Gremlin Nob","floor":6,"turns":5},{"damage":25,"enemies":"Lagavulin","floor":8,"turns":6}],"seed_played":"-388514490302837746","potions_obtained":[{"floor":3,"key":"Weak Potion"},{"floor":4,"key":"AttackPotion"}],"is_trial":false,"path_per_floor":["M","?","M","M","M","E","R","E"],"character_chosen":"IRONCLAD","items_purchased":[],"campfire_rested":1,"item_purchase_floors":[],"current_hp_per_floor":[64,64,65,66,52,13,35,10,10],"gold":96,"neow_bonus":"TRANSFORM_TWO_CARDS","is_daily":false,"chose_seed":false,"campfire_upgraded":0,"win_rate":0.0,"timestamp":1608918608,"path_taken":["M","?","M","M","M","E","R","E"],"items_purchased_type":[],"build_version":"2020-12-22","purchased_purges":0,"victory":false,"max_hp_per_floor":[75,75,75,75,75,75,75,75,75],"relic_stats":{"counters":[6,23],"obtain_stats":[{"Burning Blood":0,"Akabeko":6},{"Burning Blood":0,"Akabeko":5},{"Burning Blood":0,"Akabeko":17}],"Burning Blood":30},"card_choices":[{"not_picked":["Clash","Rupture"],"picked":"Disarm","floor":1},{"not_picked":["Perfected Strike","Body Slam","Headbutt"],"picked":"SKIP","floor":3},{"not_picked":["Rampage","Heavy Blade"],"picked":"Battle Trance","floor":4},{"not_picked":["Flex","Clash"],"picked":"Evolve","floor":5},{"not_picked":["Exhume","Flex"],"picked":"Carnage","floor":6}],"player_experience":2976455,"relics_obtained":[{"floor":6,"key":"Akabeko"}],"event_choices":[{"damage_healed":0,"gold_gain":0,"player_choice":"Grow","damage_taken":0,"max_hp_gain":0,"max_hp_loss":0,"event_name":"Living Wall","floor":2,"gold_loss":0,"cards_upgraded":["Double Tap"]}],"is_beta":false,"boss_relics":[],"items_purged_floors":[],"is_endless":false,"potions_floor_spawned":[3,4],"killed_by":"Lagavulin","ascension_level":20}}