{"host":"uflv0e3ja7hvnij7","time":1608868069,"event":{"mods":["Aspiration","BaseMod","Better Altar","Better Match","Better Note","Better Sensory Stone","Better Skull","Better Third Choice","Infinite Spire","Minty Spire (QoL Compilation)","Permanent Neow","StSLib"],"gold_per_floor":[362,16,34,52,62,62,80,96,119,136,211,211,15,31,31,133,133,144,47,122,122,132,132,132,147,147,147,174,192,221,221,221,319,319,336,336,336,336],"floor_reached":37,"playtime":2128,"items_purged":["Strike_B","Defend_B","Defend_B","Strike_B"],"score":451,"play_id":"fe7a43b7-fa87-4482-8309-4eb7b998d8a5","local_time":"20201224224749","is_ascension_mode":false,"campfire_choices":[{"floor":6,"key":"REST"},{"floor":15,"key":"REST"},{"floor":24,"key":"REST"},{"floor":27,"key":"REST"},{"floor":32,"key":"REST"}],"circlet_count":0,"master_deck":["Strike_B","Strike_B","Defend_B","Defend_B","Zap","Dualcast","Sweeping Beam","Streamline","Cold Snap","Coolheaded","Defragment","Cold Snap","Capacitor","Reboot","Defragment","Defragment+1","Defragment+1","Barrage","Loop","Amplify"],"relics":["Cracked Core","Cables","infinitespire:PuzzleCube","Membership Card","Philosopher\u0027s Stone","StrikeDummy","Bag of Marbles","Lantern","aspiration:SecretTechniqueScroll","Cauldron"],"acts_visited":["Exordium","TheCity","TheBeyond"],"potions_floor_usage":[3,16,22,22,22],"damage_taken":[{"damage":1,"enemies":"Cultist","floor":1,"turns":3},{"damage":0,"enemies":"Small Slimes","floor":3,"turns":2},{"damage":6,"enemies":"Jaw Worm","floor":4,"turns":2},{"damage":6,"enemies":"Red Slaver","floor":5,"turns":3},{"damage":14,"enemies":"Exordium Thugs","floor":7,"turns":3},{"damage":5,"enemies":"2 Fungi Beasts","floor":8,"turns":3},{"damage":0,"enemies":"3 Louse","floor":10,"turns":4},{"damage":5,"enemies":"Looter","floor":14,"turns":3},{"damage":17,"enemies":"The Guardian","floor":16,"turns":12},{"damage":16,"enemies":"Spheric Guardian","floor":18,"turns":4},{"damage":20,"enemies":"3 Byrds","floor":22,"turns":4},{"damage":1,"enemies":"Sentry and Sphere","floor":25,"turns":5},{"damage":0,"enemies":"Gremlin Leader","floor":28,"turns":7},{"damage":21,"enemies":"Centurion and Healer","floor":29,"turns":5},{"damage":22,"enemies":"Nightmare","floor":30,"turns":5},{"damage":6,"enemies":"Champ","floor":33,"turns":12},{"damage":8,"enemies":"3 Shapes","floor":35,"turns":3},{"damage":0,"enemies":"Orb Walker","floor":37,"turns":1}],"seed_played":"-6320066778764021009","potions_obtained":[{"floor":1,"key":"SkillPotion"},{"floor":5,"key":"DuplicationPotion"},{"floor":8,"key":"Dexterity Potion"},{"floor":16,"key":"AttackPotion"},{"floor":18,"key":"PowerPotion"},{"floor":29,"key":"BlessingOfTheForge"},{"floor":30,"key":"Fire Potion"},{"floor":35,"key":"SteroidPotion"},{"floor":36,"key":"AttackPotion"},{"floor":36,"key":"Regen Potion"}],"is_trial":false,"path_per_floor":["M","$","M","M","M","R","M","M","T","M","?","?","$","M","R","B",null,"M","$","?","?","M","?","R","M","T","R","E","M","NM","?","R","B",null,"M","AVR","M"],"character_chosen":"DEFECT","items_purchased":["Cables","Streamline","Membership Card","Defragment"],"campfire_rested":5,"item_purchase_floors":[2,2,13,19],"current_hp_per_floor":[53,53,53,47,41,63,49,44,44,44,33,26,26,21,43,26,75,59,59,52,52,32,32,54,53,53,75,75,54,32,32,54,48,75,67,67,67,67],"gold":336,"neow_bonus":"TWO_FIFTY_GOLD","is_daily":false,"chose_seed":false,"campfire_upgraded":0,"win_rate":0.0,"timestamp":1608868069,"path_taken":["M","$","M","M","?","R","M","M","T","M","?","?","$","?","R","BOSS","M","$","?","?","M","?","R","M","T","R","E","?","NM","?","R","BOSS","M","AVR","M"],"items_purchased_type":["Relic","Card","Relic","Card"],"build_version":"2020-12-22","purchased_purges":4,"victory":false,"max_hp_per_floor":[75,75,75,75,75,75,75,75,75,75,75,75,75,75,75,75,75,75,75,75,75,75,75,75,75,75,75,75,75,75,75,75,75,75,75,75,75,75],"card_choices":[{"not_picked":["Go for the Eyes","Reprogram"],"picked":"Sweeping Beam","floor":1},{"not_picked":["Recycle","Rebound"],"picked":"Cold Snap","floor":3},{"not_picked":["Compile Driver","Hello World","Turbo"],"picked":"SKIP","floor":4},{"not_picked":["Compile Driver","Gash"],"picked":"Coolheaded","floor":5},{"not_picked":["White Noise","Cold Snap"],"picked":"Defragment","floor":7},{"not_picked":["Hologram","Conserve Battery","Gash"],"picked":"SKIP","floor":8},{"not_picked":["Sweeping Beam","Reprogram"],"picked":"Cold Snap","floor":10},{"not_picked":["Hologram","Coolheaded"],"picked":"Capacitor","floor":14},{"not_picked":["Meteor Strike","Electrodynamics"],"picked":"Reboot","floor":16},{"not_picked":["Beam Cell","Gash","Recycle"],"picked":"SKIP","floor":18},{"not_picked":["Recycle+1","Fusion+1"],"picked":"Defragment+1","floor":21},{"not_picked":["Stack","Conserve Battery","Cold Snap"],"picked":"SKIP","floor":22},{"not_picked":["Ball Lightning","Streamline"],"picked":"Barrage","floor":25},{"not_picked":["Steam Power","Chill"],"picked":"Loop","floor":28},{"not_picked":["Reprogram+1","FTL","Hologram"],"picked":"SKIP","floor":29},{"not_picked":["Compile Driver","Hologram","Go for the Eyes"],"picked":"SKIP","floor":30},{"not_picked":["Compile Driver","Hologram","Go for the Eyes"],"picked":"SKIP","floor":30},{"not_picked":["Echo Form","Creative AI"],"picked":"Amplify","floor":33},{"not_picked":["Cold Snap+1","Scrape+1","Auto Shields"],"picked":"SKIP","floor":35}],"player_experience":350842,"relics_obtained":[{"floor":9,"key":"infinitespire:PuzzleCube"},{"floor":26,"key":"StrikeDummy"},{"floor":28,"key":"Bag of Marbles"},{"floor":30,"key":"Lantern"}],"event_choices":[{"damage_healed":0,"gold_gain":75,"player_choice":"Gold","damage_taken":11,"max_hp_gain":0,"max_hp_loss":0,"event_name":"betterThird:BetterGoop","floor":11,"gold_loss":0},{"damage_healed":0,"gold_gain":0,"player_choice":"Damaged","damage_taken":7,"max_hp_gain":0,"max_hp_loss":0,"event_name":"Wheel of Change","floor":12,"gold_loss":0},{"damage_healed":0,"gold_gain":75,"player_choice":"Touch","damage_taken":7,"max_hp_gain":0,"max_hp_loss":0,"event_name":"FaceTrader","floor":20,"gold_loss":0},{"damage_healed":0,"gold_gain":0,"player_choice":"2","damage_taken":0,"max_hp_gain":0,"max_hp_loss":0,"event_name":"betterMatch:BetterMatch","floor":21,"gold_loss":0,"cards_obtained":["betterMatch:UncommonCard"]},{"damage_healed":0,"gold_gain":0,"player_choice":"Copied","damage_taken":0,"max_hp_gain":0,"max_hp_loss":0,"event_name":"Duplicator","floor":23,"gold_loss":0,"cards_obtained":["Defragment"]},{"damage_healed":0,"gold_gain":0,"player_choice":"Ignored","damage_taken":0,"max_hp_gain":0,"max_hp_loss":0,"event_name":"betterNote:BetterNote","floor":31,"gold_loss":0,"cards_obtained":["Phantasmal Killer"]}],"is_beta":false,"boss_relics":[{"not_picked":["aspiration:RunicSpoon","Pandora\u0027s Box"],"picked":"Philosopher\u0027s Stone"},{"not_picked":["Snecko Eye","infinitespire:Cupcake"],"picked":"aspiration:SecretTechniqueScroll"}],"items_purged_floors":[2,13,19,36],"is_endless":true,"potions_floor_spawned":[1,5,8,16,18,29,30,35],"killed_by":"Orb Walker","ascension_level":0}}