{"host":"6fxx26xucuaqj5b6","time":1608930569,"event":{"mods":["Act Like it!","BaseMod","Block Reminder","Minty Spire (QoL Compilation)","Permanent Neow","Quick Restart","StSLib"],"gold_per_floor":[116,116,191,191,205,246,246,266,266,291,291,291,291,329,329,455,455,474,465,489,489,489],"floor_reached":21,"playtime":633,"items_purged":[],"score":286,"play_id":"023f26a7-1bea-48ac-a6d9-f8cecf614681","local_time":"20201225210929","is_ascension_mode":true,"campfire_choices":[{"data":"Armaments","floor":7,"key":"SMITH"},{"data":"Dual Wield","floor":11,"key":"SMITH"},{"data":"Iron Wave","floor":15,"key":"SMITH"}],"circlet_count":0,"master_deck":["Strike_R","Strike_R","Strike_R","Defend_R","Defend_R","Defend_R","Defend_R","Armaments+1","Pommel Strike","Dual Wield+1","Iron Wave+1","Blood for Blood","Exhume","Body Slam","Metallicize","Wild Strike+1"],"relics":["Burning Blood","NeowsBlessing","Golden Idol","Shuriken","Pen Nib","Eternal Feather","Akabeko","Odd Mushroom","Empty Cage"],"acts_visited":["Exordium","TheCity"],"potions_floor_usage":[21,21],"damage_taken":[{"damage":0,"enemies":"Jaw Worm","floor":1,"turns":1},{"damage":0,"enemies":"2 Louse","floor":5,"turns":1},{"damage":0,"enemies":"Gremlin Nob","floor":6,"turns":1},{"damage":1,"enemies":"Cultist","floor":8,"turns":3},{"damage":2,"enemies":"Large Slime","floor":10,"turns":8},{"damage":23,"enemies":"The Mushroom Lair","floor":14,"turns":5},{"damage":19,"enemies":"Hexaghost","floor":16,"turns":5},{"damage":25,"enemies":"Spheric Guardian","floor":18,"turns":6},{"damage":17,"enemies":"2 Thieves","floor":19,"turns":4},{"damage":32,"enemies":"Chosen and Byrds","floor":20,"turns":9},{"damage":36,"enemies":"Snake Plant","floor":21,"turns":4}],"seed_played":"5011147036320439663","potions_obtained":[{"floor":8,"key":"Weak Potion"},{"floor":10,"key":"Energy Potion"},{"floor":14,"key":"BloodPotion"},{"floor":18,"key":"Dexterity Potion"}],"is_trial":false,"path_per_floor":["M","?","?","?","M","E","R","M","T","M","R","?","T","?","R","B",null,"M","M","M","M"],"character_chosen":"IRONCLAD","items_purchased":[],"campfire_rested":0,"item_purchase_floors":[],"current_hp_per_floor":[78,58,47,47,53,59,59,64,64,68,68,65,65,48,54,41,70,51,40,14,0,0],"gold":489,"neow_bonus":"THREE_ENEMY_KILL","is_daily":false,"chose_seed":false,"campfire_upgraded":3,"win_rate":0.0,"timestamp":1608930569,"path_taken":["M","?","?","?","M","E","R","?","T","M","R","?","?","?","R","BOSS","M","M","M","M"],"items_purchased_type":[],"build_version":"2020-12-22","purchased_purges":0,"victory":false,"max_hp_per_floor":[80,80,80,80,80,80,80,80,80,80,80,80,80,80,80,80,80,80,80,80,80,80],"card_choices":[{"not_picked":["Headbutt","Pummel"],"picked":"Armaments","floor":1},{"not_picked":["Burning Pact","Clothesline"],"picked":"Pommel Strike","floor":5},{"not_picked":["Perfected Strike","Brutality","Dark Embrace"],"picked":"SKIP","floor":6},{"not_picked":["True Grit","Reckless Charge"],"picked":"Dual Wield","floor":8},{"not_picked":["Perfected Strike","Warcry"],"picked":"Iron Wave","floor":10},{"not_picked":["Sentinel","Perfected Strike"],"picked":"Blood for Blood","floor":14},{"not_picked":["Fiend Fire","Juggernaut"],"picked":"Exhume","floor":16},{"not_picked":["Spot Weakness","Dropkick"],"picked":"Body Slam","floor":18},{"not_picked":["Clash+1","Combust+1"],"picked":"Metallicize","floor":19},{"not_picked":["Heavy Blade","Pummel"],"picked":"Wild Strike+1","floor":20}],"player_experience":360992,"relics_obtained":[{"floor":6,"key":"Shuriken"},{"floor":9,"key":"Pen Nib"},{"floor":13,"key":"Akabeko"},{"floor":14,"key":"Odd Mushroom"}],"event_choices":[{"damage_healed":0,"gold_gain":0,"player_choice":"Take Damage","damage_taken":20,"relics_obtained":["Golden Idol"],"max_hp_gain":0,"max_hp_loss":0,"event_name":"Golden Idol","floor":2,"gold_loss":0},{"damage_healed":0,"gold_gain":75,"player_choice":"Gather Gold","damage_taken":11,"max_hp_gain":0,"max_hp_loss":0,"event_name":"World of Goop","floor":3,"gold_loss":0},{"cards_removed":["Strike_R"],"damage_healed":0,"gold_gain":0,"player_choice":"Offered Basic","damage_taken":0,"max_hp_gain":0,"max_hp_loss":0,"event_name":"Bonfire Elementals","floor":4,"gold_loss":0},{"damage_healed":0,"gold_gain":0,"player_choice":"Success","damage_taken":3,"relics_obtained":["Eternal Feather"],"max_hp_gain":0,"max_hp_loss":0,"event_name":"Scrap Ooze","floor":12,"gold_loss":0},{"damage_healed":0,"gold_gain":0,"player_choice":"Fought Mushrooms","damage_taken":0,"max_hp_gain":0,"max_hp_loss":0,"event_name":"Mushrooms","floor":14,"gold_loss":0}],"is_beta":false,"boss_relics":[{"not_picked":["Sozu","Astrolabe"],"picked":"Empty Cage"}],"items_purged_floors":[],"is_endless":false,"potions_floor_spawned":[8,10,14,16,18],"killed_by":"Snake Plant","ascension_level":8}}