{"host":"5c1rfni4ms1ztn71","time":1608875220,"event":{"mods":["AchievementEnabler","BaseMod","ChefMod","Downfall","Duelist Mod","Hermit","Hubris","Infinite Spire","Jorbs\u0027s Wanderer Trilogy","Marisa????????","Minty Spire (QoL Compilation)","Potionbrewer","Replay The Spire","SOS???????","Somnambulant","StSLib","Td1madao Mod","The Administrix","The Animator","The Bladedancer","The Bug Knight","The Construct","The Cursed","The Death Knight","The Disciple","The Forsaken","The Hierophant","The Mystic","The Necromancer","The Poker Player","The Runesmith","The Senshi","The Servant 0.9.4","The Wild Card","???Mod??????Boss"],"gold_per_floor":[118,118,193,203,29,63,63,73,73,87,87,100,115,133,133,237,237,177,188,188,188],"floor_reached":20,"playtime":1897,"items_purged":[],"score":176,"play_id":"3dbadc99-b51d-4972-a109-6a6a74760a4c","local_time":"20201225004700","is_ascension_mode":false,"campfire_choices":[{"floor":7,"key":"REST"},{"floor":11,"key":"REST"},{"floor":15,"key":"REST"}],"circlet_count":0,"master_deck":["chefmod:Strike","chefmod:Strike","chefmod:Defend","chefmod:Defend","chefmod:Defend","chefmod:QuickThaw","chefmod:TodaysSpecial","chefmod:Fillet","hubris:InfiniteBlow","chefmod:Defrost","chefmod:RaidPantry","chefmod:IcePick","chefmod:FrozenTuna","chefmod:ZaruSoba","chefmod:CuttingBoard","chefmod:SaveForLater","chefmod:ColdSteel","chefmod:TastyDistraction","chefmod:TwoForOne","chefmod:FiveAlarmChili+1","chefmod:FreezeSolid+1","chefmod:CapreseSalad+1","chefmod:Julienne+1","chefmod:Chop"],"relics":["chefmod:TrustyPot","Juzu Bracelet","Oddly Smooth Stone","Blood Vial","Astrolabe"],"acts_visited":["TheCity"],"potions_floor_usage":[14],"damage_taken":[{"damage":8,"enemies":"Small Slimes","floor":1,"turns":5},{"damage":0,"enemies":"Jaw Worm","floor":4,"turns":3},{"damage":31,"enemies":"Nightmare","floor":6,"turns":11},{"damage":2,"enemies":"2 Louse","floor":8,"turns":4},{"damage":12,"enemies":"Blue Slaver","floor":10,"turns":5},{"damage":4,"enemies":"Lots of Slimes","floor":12,"turns":2},{"damage":0,"enemies":"2 Fungi Beasts","floor":13,"turns":1},{"damage":20,"enemies":"Exordium Thugs","floor":14,"turns":3},{"damage":14,"enemies":"The Guardian","floor":16,"turns":11},{"damage":10,"enemies":"2 Thieves","floor":18,"turns":4},{"damage":37,"enemies":"Chosen","floor":19,"turns":9},{"damage":43,"enemies":"Shelled Parasite and Fungi","floor":20,"turns":3}],"seed_played":"1883903926115206680","potions_obtained":[{"floor":1,"key":"sneckomod:MuddlingPotion"},{"floor":4,"key":"Strength Potion"},{"floor":8,"key":"Swift Potion"},{"floor":16,"key":"SmokeBomb"}],"is_trial":false,"path_per_floor":["M","?","?","M","$","NM","R","M","T","M","R","M","M","M","R","B",null,"M","M","M"],"character_chosen":"THE_CHEF","items_purchased":["chefmod:RaidPantry","chefmod:IcePick"],"campfire_rested":3,"item_purchase_floors":[5,5],"current_hp_per_floor":[68,49,38,38,38,7,29,27,27,17,39,37,39,21,43,31,76,66,31,0,0],"gold":188,"neow_bonus":"RANDOM_COMMON_RELIC","is_daily":false,"chose_seed":false,"campfire_upgraded":0,"win_rate":0.0,"timestamp":1608875220,"path_taken":["M","?","?","M","$","NM","R","M","T","M","R","M","M","M","R","BOSS","M","M","M"],"items_purchased_type":["Card","Card"],"build_version":"2020-12-22","purchased_purges":0,"victory":false,"max_hp_per_floor":[76,76,76,76,76,76,76,76,76,76,76,76,76,76,76,76,76,76,76,76,76],"card_choices":[{"not_picked":["chefmod:Granita","chefmod:FryPan"],"picked":"chefmod:Fillet","floor":1},{"not_picked":["hubris:Fate","ReplayTheSpireMod:Chaos Vortex"],"picked":"hubris:InfiniteBlow","floor":2},{"not_picked":["chefmod:FireUp","chefmod:Gelato"],"picked":"chefmod:Defrost","floor":4},{"not_picked":["chefmod:KnifeFlurry","chefmod:IcePick"],"picked":"chefmod:FrozenTuna","floor":6},{"not_picked":["chefmod:SliceAndDice","chefmod:DinoKale"],"picked":"chefmod:ZaruSoba","floor":8},{"not_picked":["chefmod:FiveAlarmChili","chefmod:IcePick"],"picked":"chefmod:CuttingBoard","floor":10},{"not_picked":["chefmod:Ratatouille","chefmod:LocoMoco"],"picked":"chefmod:SaveForLater","floor":12},{"not_picked":["chefmod:DimSum","chefmod:Fillet"],"picked":"chefmod:ColdSteel","floor":13},{"not_picked":["chefmod:FreezeSolid","chefmod:Defrost"],"picked":"chefmod:TastyDistraction","floor":14},{"not_picked":["chefmod:BananaSplit","chefmod:PrepCook"],"picked":"chefmod:TwoForOne","floor":16},{"not_picked":["chefmod:DinoKale","chefmod:FryPan"],"picked":"chefmod:Julienne+1","floor":18},{"not_picked":["chefmod:IcePick+1","chefmod:Fillet"],"picked":"chefmod:Chop","floor":19}],"player_experience":26466,"relics_obtained":[{"floor":6,"key":"Oddly Smooth Stone"},{"floor":9,"key":"Blood Vial"}],"event_choices":[{"damage_healed":0,"gold_gain":75,"player_choice":"Gather Gold","damage_taken":11,"max_hp_gain":0,"max_hp_loss":0,"event_name":"World of Goop","floor":3,"gold_loss":0}],"is_beta":false,"boss_relics":[{"not_picked":["Runesmith:UraniumAnvil","Replay:Ancient Bell"],"picked":"Astrolabe"}],"items_purged_floors":[],"is_endless":true,"potions_floor_spawned":[1,4,8,13,16],"killed_by":"Shelled Parasite and Fungi","ascension_level":0}}