{"host":"p6s16n2sj7zvsuor","time":1608901826,"event":{"mods":["BaseMod","Minty Spire (QoL Compilation)"],"gold_per_floor":[109,109,121,8,8,43,62,62,62,62,86,86,103,118,118,118,118],"floor_reached":16,"playtime":533,"items_purged":["Strike_G"],"score":156,"play_id":"233f9f78-7e4a-47c1-b67c-98ba4ad08847","local_time":"20201225151026","is_ascension_mode":true,"campfire_choices":[{"data":"Noxious Fumes","floor":8,"key":"SMITH"},{"data":"Neutralize","floor":10,"key":"SMITH"},{"data":"Concentrate","floor":15,"key":"SMITH"}],"circlet_count":0,"master_deck":["Strike_G","Strike_G","Strike_G","Defend_G","Defend_G","Defend_G","Defend_G","Defend_G","Survivor","Neutralize+1","Catalyst","Concentrate+1","Noxious Fumes+1","Envenom","Flechettes","Regret","Dodge and Roll"],"relics":["Ring of the Snake","NeowsBlessing","Darkstone Periapt","Meat on the Bone","Art of War","Orichalcum"],"acts_visited":["Exordium"],"potions_floor_usage":[7,16,16],"damage_taken":[{"damage":0,"enemies":"Cultist","floor":1,"turns":1},{"damage":0,"enemies":"Jaw Worm","floor":3,"turns":1},{"damage":0,"enemies":"Gremlin Nob","floor":6,"turns":1},{"damage":0,"enemies":"2 Louse","floor":7,"turns":3},{"damage":5,"enemies":"Exordium Wildlife","floor":13,"turns":4},{"damage":15,"enemies":"Looter","floor":14,"turns":4},{"damage":53,"enemies":"Slime Boss","floor":16,"turns":6}],"seed_played":"185243870240509827","potions_obtained":[{"floor":1,"key":"Swift Potion"},{"floor":5,"key":"DistilledChaos"},{"floor":5,"key":"DistilledChaos"},{"floor":13,"key":"AttackPotion"}],"is_trial":false,"path_per_floor":["M","?","M","$","?","E","M","R","T","R","T","?","M","M","R","B"],"character_chosen":"THE_SILENT","items_purchased":["Noxious Fumes"],"campfire_rested":0,"item_purchase_floors":[4],"current_hp_per_floor":[70,63,63,63,63,63,63,63,63,63,63,69,64,49,49,0,0],"gold":118,"neow_bonus":"THREE_ENEMY_KILL","is_daily":false,"chose_seed":false,"campfire_upgraded":3,"win_rate":0.0,"timestamp":1608901826,"path_taken":["M","?","M","$","?","E","?","R","T","R","?","?","M","M","R","BOSS"],"items_purchased_type":["Card"],"build_version":"2020-12-22","purchased_purges":1,"victory":false,"max_hp_per_floor":[70,70,70,70,70,70,70,70,70,70,70,76,76,76,76,76,76],"card_choices":[{"not_picked":["Endless Agony","Outmaneuver"],"picked":"Catalyst","floor":1},{"not_picked":["Quick Slash","Sucker Punch"],"picked":"Concentrate","floor":3},{"not_picked":["Grand Finale","Dodge and Roll"],"picked":"Envenom","floor":6},{"not_picked":["Dagger Spray","Underhanded Strike"],"picked":"Flechettes","floor":7},{"not_picked":["Prepared","Dagger Throw"],"picked":"Dodge and Roll","floor":13},{"not_picked":["Crippling Poison","Calculated Gamble","Distraction"],"picked":"SKIP","floor":14}],"player_experience":762227,"relics_obtained":[{"floor":6,"key":"Darkstone Periapt"},{"floor":9,"key":"Meat on the Bone"},{"floor":11,"key":"Art of War"}],"event_choices":[{"cards_removed":["Strike_G"],"damage_healed":0,"gold_gain":0,"player_choice":"Card Removal","damage_taken":7,"max_hp_gain":0,"max_hp_loss":0,"event_name":"Golden Wing","floor":2,"gold_loss":0},{"damage_healed":0,"gold_gain":0,"player_choice":"Got Potions","damage_taken":0,"max_hp_gain":0,"max_hp_loss":0,"event_name":"Lab","floor":5,"gold_loss":0},{"damage_healed":0,"gold_gain":0,"player_choice":"Box","damage_taken":0,"relics_obtained":["Orichalcum"],"max_hp_gain":0,"max_hp_loss":0,"event_name":"Big Fish","floor":12,"gold_loss":0,"cards_obtained":["Regret"]}],"is_beta":false,"boss_relics":[],"items_purged_floors":[4],"is_endless":false,"potions_floor_spawned":[1,13],"killed_by":"Slime Boss","ascension_level":5}}