{"host":"wkq136ike0ligh15","time":1608882298,"event":{"mods":["Bard","BaseMod","Clockwork Mod","Minty Spire (QoL Compilation)","StSLib"],"gold_per_floor":[115,135,135,187,210,210,210,249,249,249,17,38,38,1,1,129,129,152,3,16,34,34,34],"floor_reached":22,"playtime":709,"items_purged":["Regret"],"score":184,"play_id":"0da404ff-9ae4-4614-9019-87572144339b","local_time":"20201225024458","is_ascension_mode":false,"campfire_choices":[{"floor":7.0,"key":"RECALL"},{"floor":13.0,"key":"REST"},{"floor":15.0,"key":"REST"}],"circlet_count":0,"master_deck":["Clockwork:Strike","Clockwork:Strike","Clockwork:Strike","Clockwork:Strike","Clockwork:Shield","Clockwork:Shield","Clockwork:Shield","Clockwork:Shield","Clockwork:Tinker","Clockwork:WarmUp","Clockwork:SpurOn","Clockwork:Friction","Clockwork:CogBarrier","Clockwork:RevUp","Clockwork:PerfectedStrike+1","Clockwork:Improve","Clockwork:ForgeStrike"],"relics":["Clockwork:MomentumEngine","NeowsBlessing","Golden Idol","Mummified Hand","Clockwork:Varja","Happy Flower","Boot","Incense Burner","PreservedInsect","Black Star","Membership Card","Clockwork:QuicksilverHourglass"],"acts_visited":["Exordium","TheCity"],"potions_floor_usage":[],"damage_taken":[{"damage":0.0,"enemies":"Small Slimes","floor":1.0,"turns":2.0},{"damage":0.0,"enemies":"2 Louse","floor":2.0,"turns":2.0},{"damage":0.0,"enemies":"Cultist","floor":5.0,"turns":1.0},{"damage":53.0,"enemies":"3 Sentries","floor":8.0,"turns":11.0},{"damage":9.0,"enemies":"Lots of Slimes","floor":12.0,"turns":5.0},{"damage":31.0,"enemies":"Hexaghost","floor":16.0,"turns":10.0},{"damage":26.0,"enemies":"3 Byrds","floor":18.0,"turns":8.0},{"damage":36.0,"enemies":"2 Thieves","floor":20.0,"turns":5.0},{"damage":0.0,"enemies":"Centurion and Healer","floor":21.0,"turns":8.0},{"damage":19,"enemies":"Sentry and Sphere","floor":22,"turns":3}],"seed_played":"-8947113599006727341","potions_obtained":[{"floor":1.0,"key":"SpeedPotion"},{"floor":5.0,"key":"Strength Potion"},{"floor":20.0,"key":"ColorlessPotion"}],"is_trial":false,"path_per_floor":["M","M","?","?","M","?","R","E","T","?","$","M","R","$","R","B",null,"M","$","M","M","M"],"character_chosen":"CLOCKWORK","items_purchased":["PreservedInsect","Clockwork:RevUp","Membership Card"],"campfire_rested":2,"item_purchase_floors":[11,14,19],"current_hp_per_floor":[85,85,79,79,79,72,72,19,19,19,19,10,33,33,56,25,79,53,53,17,17,0,0],"gold":34,"neow_bonus":"THREE_ENEMY_KILL","is_daily":false,"chose_seed":false,"campfire_upgraded":0,"win_rate":0.0,"timestamp":1608882298,"path_taken":["M","M","?","?","M","?","R","E","T","?","?","M","R","$","R","BOSS","M","$","?","M","?"],"items_purchased_type":["Relic","Card","Relic"],"build_version":"2020-12-22","purchased_purges":1,"victory":false,"max_hp_per_floor":[85,85,79,79,79,79,79,79,79,79,79,79,79,79,79,79,79,79,79,79,79,79,79],"card_choices":[{"not_picked":["Clockwork:ChargingShield","Clockwork:SearingStrike"],"picked":"Clockwork:SpurOn","floor":1.0},{"not_picked":["Clockwork:SystemHardening","Clockwork:ChargingBlade"],"picked":"Clockwork:Friction","floor":2.0},{"not_picked":["Clockwork:AdaptiveCannon","Clockwork:Improve"],"picked":"Clockwork:CraftVarja","floor":5.0},{"not_picked":["Clockwork:AssemblyLine","Clockwork:Redundancy"],"picked":"Clockwork:CogBarrier","floor":8.0},{"not_picked":["Clockwork:SystemHardening","Clockwork:Improve"],"picked":"Clockwork:CraftQuicksilverHourglass","floor":12.0},{"not_picked":["Clockwork:SiegeStrike","Clockwork:ZeroPointEnergy"],"picked":"Clockwork:Halt","floor":16.0},{"not_picked":["Clockwork:TiltAWhirl","Clockwork:SystemScan"],"picked":"Clockwork:PerfectedStrike+1","floor":18.0},{"not_picked":["Clockwork:SystemScan+1","Clockwork:ChargingShield"],"picked":"Clockwork:Improve","floor":20.0},{"not_picked":["Clockwork:Pluck","Clockwork:ReserveSystems"],"picked":"Clockwork:ForgeStrike","floor":21.0}],"player_experience":240384,"relics_obtained":[{"floor":8.0,"key":"Happy Flower"},{"floor":9.0,"key":"Boot"}],"event_choices":[{"damage_healed":0.0,"max_hp_gain":0.0,"max_hp_loss":6.0,"gold_gain":0.0,"event_name":"Golden Idol","player_choice":"Lose Max HP","floor":3.0,"gold_loss":0.0,"damage_taken":0.0,"relics_obtained":["Golden Idol"]},{"damage_healed":0.0,"max_hp_gain":0.0,"max_hp_loss":0.0,"gold_gain":52.0,"event_name":"Golden Wing","player_choice":"Gained Gold","floor":4.0,"gold_loss":0.0,"damage_taken":0.0},{"damage_healed":0.0,"max_hp_gain":0.0,"max_hp_loss":0.0,"gold_gain":0.0,"event_name":"Scrap Ooze","player_choice":"Success","floor":6.0,"gold_loss":0.0,"damage_taken":7.0,"relics_obtained":["Mummified Hand"]},{"damage_healed":0.0,"max_hp_gain":0.0,"max_hp_loss":0.0,"gold_gain":0.0,"event_name":"Big Fish","player_choice":"Box","floor":10.0,"gold_loss":0.0,"damage_taken":0.0,"relics_obtained":["Incense Burner"],"cards_obtained":["Regret"]}],"is_beta":false,"boss_relics":[{"not_picked":["Tiny House","Cursed Key"],"picked":"Black Star"}],"items_purged_floors":[11],"is_endless":false,"potions_floor_spawned":[1,5,20],"killed_by":"Sentry and Sphere","ascension_level":0}}