{"host":"uflv0e3ja7hvnij7","time":1608919375,"event":{"mods":["Aspiration","BaseMod","Better Altar","Better Match","Better Note","Better Sensory Stone","Better Skull","Better Third Choice","Conspire","Downfall","Hubris","Infinite Spire","Minty Spire (QoL Compilation)","Permanent Neow","StSLib"],"gold_per_floor":[18,18,18,38,56,56,16,16,63,63,63,63,78,118,118,118,118],"floor_reached":16,"playtime":639,"items_purged":[],"score":98,"play_id":"f736727c-adc7-4881-afea-f403f2b7ddc0","local_time":"20201225130255","is_ascension_mode":false,"campfire_choices":[{"data":"Shrug It Off","floor":6,"key":"SMITH"},{"data":"Whirlwind","floor":8,"key":"SMITH"},{"data":"Bash","floor":10,"key":"SMITH"},{"floor":12,"key":"REST"},{"data":"Strike_R","floor":15,"key":"SMITH"}],"circlet_count":0,"master_deck":["Strike_R","Strike_R","Strike_R","Strike_R","Strike_R+1","Bash+1","Battle Trance","Shrug It Off+1","conspire:Purge","Whirlwind+1"],"relics":["Burning Blood","Golden Idol","hubris:ChampionShield","hubris:Towel","infinitespire:Lucky Rock"],"acts_visited":["Exordium"],"potions_floor_usage":[16,16],"damage_taken":[{"damage":6,"enemies":"Cultist","floor":1,"turns":3},{"damage":11,"enemies":"Jaw Worm","floor":4,"turns":2},{"damage":0,"enemies":"2 Louse","floor":5,"turns":3},{"damage":10,"enemies":"Exordium Thugs","floor":13,"turns":3},{"damage":18,"enemies":"3 Sentries","floor":14,"turns":4},{"damage":54,"enemies":"Hexaghost","floor":16,"turns":9}],"seed_played":"3107110107696415741","potions_obtained":[{"floor":1,"key":"champ:CounterPotion"},{"floor":5,"key":"SpeedPotion"},{"floor":14,"key":"ElixirPotion"}],"is_trial":false,"path_per_floor":["M","?","?","M","M","R","$","R","T","R","?","R","M","E","R","B"],"character_chosen":"IRONCLAD","items_purchased":["Whirlwind"],"campfire_rested":1,"item_purchase_floors":[7],"current_hp_per_floor":[80,60,60,55,61,61,61,61,61,61,61,80,76,64,64,10,10],"gold":118,"neow_bonus":"REMOVE_TWO","is_daily":false,"chose_seed":false,"campfire_upgraded":4,"win_rate":0.0,"timestamp":1608919375,"path_taken":["M","?","?","?","M","R","$","R","T","R","?","R","M","E","R","BOSS"],"items_purchased_type":["Card"],"build_version":"2020-12-22","purchased_purges":0,"victory":false,"max_hp_per_floor":[80,80,80,80,80,80,80,80,80,80,80,80,80,80,80,80,80],"card_choices":[{"not_picked":["Reckless Charge","Sword Boomerang"],"picked":"Battle Trance","floor":1},{"not_picked":["Sentinel","Anger"],"picked":"Shrug It Off","floor":4},{"not_picked":["Warcry","Sword Boomerang"],"picked":"conspire:Purge","floor":5},{"not_picked":["Burning Pact","Sword Boomerang","Iron Wave"],"picked":"SKIP","floor":13},{"not_picked":["Dark Embrace","Sever Soul","Corruption"],"picked":"SKIP","floor":14}],"player_experience":369611,"relics_obtained":[{"floor":9,"key":"hubris:ChampionShield"},{"floor":14,"key":"infinitespire:Lucky Rock"}],"event_choices":[{"damage_healed":0,"gold_gain":0,"player_choice":"Take Damage","damage_taken":20,"relics_obtained":["Golden Idol"],"max_hp_gain":0,"max_hp_loss":0,"event_name":"Golden Idol","floor":2,"gold_loss":0},{"cards_removed":["Defend_R"],"damage_healed":0,"gold_gain":0,"player_choice":"Offered Basic","damage_taken":0,"max_hp_gain":0,"max_hp_loss":0,"event_name":"Bonfire Elementals","floor":3,"gold_loss":0}],"is_beta":false,"boss_relics":[],"items_purged_floors":[],"is_endless":false,"potions_floor_spawned":[1,5,14],"killed_by":"Hexaghost","ascension_level":0}}