{"host":"fjaupvxe7fzqrf4j","time":1608896900,"event":{"mods":["ATMod(°¢èªMod)","BaseMod","Minty Spire (QoL Compilation)","StSLib"],"gold_per_floor":[110,125,143,28,28,62,78,78,78,78,78],"floor_reached":10,"playtime":230,"items_purged":[],"score":119,"play_id":"002c9e2b-02b6-4e47-bf9a-fef08b746e85","local_time":"20201225194820","is_ascension_mode":true,"campfire_choices":[{"data":"Eruption","floor":8.0,"key":"SMITH"}],"circlet_count":0,"master_deck":["AscendersBane","Strike_P","Strike_P","Strike_P","Strike_P","Defend_P","Defend_P","Defend_P","Defend_P","Eruption+1","Vigilance","AT_KingSlayer","Consecrate","Adaptation","Tantrum","Indignation","AT_OneInchPunch"],"relics":["PureWater","AT_ATBox","NeowsBlessing","Bottled Flame","Eternal Feather"],"acts_visited":["Exordium"],"potions_floor_usage":[10],"damage_taken":[{"damage":0.0,"enemies":"Cultist","floor":1.0,"turns":1.0},{"damage":0.0,"enemies":"2 Louse","floor":2.0,"turns":1.0},{"damage":0.0,"enemies":"Small Slimes","floor":3.0,"turns":1.0},{"damage":40.0,"enemies":"Lagavulin","floor":6.0,"turns":6.0},{"damage":7.0,"enemies":"2 Fungi Beasts","floor":7.0,"turns":2.0},{"damage":0,"enemies":"Gremlin Nob","floor":10,"turns":2}],"seed_played":"4957972336784574537","potions_obtained":[{"floor":5.0,"key":"SpeedPotion"},{"floor":5.0,"key":"Regen Potion"},{"floor":6.0,"key":"AttackPotion"},{"floor":7.0,"key":"BottledMiracle"}],"is_trial":false,"path_per_floor":["M","M","M","$","?","E","M","R","T","E"],"character_chosen":"WATCHER","items_purchased":["Adaptation","Tantrum"],"campfire_rested":0,"item_purchase_floors":[4,4],"current_hp_per_floor":[61,61,61,61,61,31,24,24,24,24,24],"gold":78,"neow_bonus":"THREE_ENEMY_KILL","is_daily":false,"chose_seed":false,"campfire_upgraded":1,"win_rate":0.0,"timestamp":1608896900,"path_taken":["M","?","M","$","?","E","M","R","T","E"],"items_purchased_type":["Card","Card"],"build_version":"2020-12-22","purchased_purges":0,"victory":false,"max_hp_per_floor":[68,68,68,68,68,68,68,68,68,68,68],"card_choices":[{"not_picked":["Protect","Consecrate","SashWhip"],"picked":"SKIP","floor":1.0},{"not_picked":["LikeWater","FlurryOfBlows"],"picked":"Consecrate","floor":2.0},{"not_picked":["Evaluate","Wireheading","Swivel"],"picked":"SKIP","floor":3.0},{"not_picked":["Weave","AT_ChampionStep"],"picked":"Indignation","floor":6.0},{"not_picked":["PathToVictory","Halt"],"picked":"AT_OneInchPunch","floor":7.0}],"player_experience":283139,"relics_obtained":[{"floor":6.0,"key":"Bottled Flame"},{"floor":9.0,"key":"Eternal Feather"}],"event_choices":[{"damage_healed":0.0,"max_hp_gain":0.0,"max_hp_loss":0.0,"gold_gain":0.0,"event_name":"Lab","player_choice":"Got Potions","floor":5.0,"gold_loss":0.0,"damage_taken":0.0}],"is_beta":false,"boss_relics":[],"items_purged_floors":[],"is_endless":false,"potions_floor_spawned":[6,7],"killed_by":"Gremlin Nob","ascension_level":15}}