{"host":"vjkx177ju3wjmzef","time":1608895940,"event":{"mods":["BaseMod","Block Reminder","Colored Map","Colored Powertips","DeckTracker","Googly Eyes","Highlight Path","Minty Spire (QoL Compilation)","Quick Restart","Random Character Button","Relic Stats","Replay The Spire","StSLib"],"gold_per_floor":[116,66,79,97,109,109,109,109,120,120,120,120,120,140,156,187,187,187,187],"floor_reached":18,"playtime":917,"items_purged":[],"score":114,"play_id":"6100420e-daa1-4c69-a132-a05b59878a4a","local_time":"20201225053220","is_ascension_mode":false,"campfire_choices":[{"data":"Dagger Spray","floor":6,"key":"SMITH"},{"data":"Slice","floor":10,"key":"SMITH"},{"data":"Backflip","floor":12,"key":"SMITH"},{"data":"Dodge and Roll","floor":17,"key":"SMITH"}],"circlet_count":0,"master_deck":["Strike_G","Strike_G","Strike_G","Defend_G","Defend_G","Defend_G","Defend_G","Defend_G","Survivor","Neutralize","Dagger Spray+1","Backflip+1","Flying Knee","Slice+1","Blade Dance","Hidden Blade","Dodge and Roll+1"],"relics":["Ring of the Snake","NeowsBlessing","Chameleon Ring","Art of War"],"acts_visited":["Exordium"],"potions_floor_usage":[16,18],"damage_taken":[{"damage":0,"enemies":"2 Louse","floor":1,"turns":1},{"damage":0,"enemies":"Small Slimes","floor":3,"turns":1},{"damage":0,"enemies":"Cultist","floor":4,"turns":1},{"damage":0,"enemies":"Blue Slaver","floor":5,"turns":6},{"damage":9,"enemies":"Large Slime","floor":9,"turns":7},{"damage":5,"enemies":"Looter","floor":14,"turns":3},{"damage":0,"enemies":"Exordium Wildlife","floor":15,"turns":1},{"damage":5,"enemies":"Replay:BlueRogue","floor":16,"turns":4},{"damage":53,"enemies":"Slime Boss","floor":18,"turns":12}],"seed_played":"-8338518433232947222","potions_obtained":[{"floor":9,"key":"Block Potion"},{"floor":14,"key":"Block Potion"},{"floor":15,"key":"Energy Potion"}],"is_trial":false,"path_per_floor":["M","?","M","M","M","R","PTL","PTL","M","R","T","R","?","M","M","E","R","B"],"character_chosen":"THE_SILENT","items_purchased":[],"campfire_rested":0,"item_purchase_floors":[],"current_hp_per_floor":[70,70,70,70,70,70,70,70,61,61,61,61,61,56,56,51,51,0,0],"gold":187,"neow_bonus":"THREE_ENEMY_KILL","is_daily":false,"chose_seed":false,"campfire_upgraded":4,"win_rate":0.0,"timestamp":1608895940,"path_taken":["M","?","M","M","M","R","PTL","PTL","M","R","T","R","?","?","M","E","R","BOSS"],"items_purchased_type":[],"build_version":"2020-12-22","purchased_purges":0,"victory":false,"max_hp_per_floor":[70,70,70,70,70,70,70,70,70,70,70,70,70,70,70,70,70,70,70],"relic_stats":{"counters":[9,36],"Art of War":[1],"obtain_stats":[{"Chameleon Ring":11,"NeowsBlessing":0,"Art of War":16,"Ring of the Snake":0},{"Chameleon Ring":5,"NeowsBlessing":0,"Art of War":8,"Ring of the Snake":0},{"Chameleon Ring":16,"NeowsBlessing":0,"Art of War":24,"Ring of the Snake":0}],"Ring of the Snake":[18]},"card_choices":[{"not_picked":["Backflip","Finisher"],"picked":"Dagger Spray","floor":1},{"not_picked":["Flechettes","Dagger Throw"],"picked":"Backflip","floor":3},{"not_picked":["Riddle With Holes","Quick Slash","Choke"],"picked":"SKIP","floor":4},{"not_picked":["Leg Sweep","Underhanded Strike"],"picked":"Flying Knee","floor":5},{"not_picked":["Catalyst","Deflect"],"picked":"Slice","floor":9},{"not_picked":["Tactician","ReplayTheSpireMod:From All Sides"],"picked":"Blade Dance","floor":14},{"not_picked":["Prepared","Deflect"],"picked":"Hidden Blade","floor":15},{"not_picked":["Adrenaline","Dash"],"picked":"Dodge and Roll","floor":16}],"player_experience":136834,"relics_obtained":[{"floor":11,"key":"Chameleon Ring"},{"floor":16,"key":"Art of War"}],"event_choices":[{"cards_removed":["Strike_G"],"damage_healed":0,"gold_gain":0,"player_choice":"Card Removal","damage_taken":0,"max_hp_gain":0,"max_hp_loss":0,"event_name":"The Cleric","floor":2,"gold_loss":50},{"cards_removed":["Strike_G"],"damage_healed":0,"gold_gain":0,"player_choice":"Purged","damage_taken":0,"max_hp_gain":0,"max_hp_loss":0,"event_name":"Purifier","floor":13,"gold_loss":0}],"is_beta":false,"boss_relics":[],"items_purged_floors":[],"is_endless":false,"potions_floor_spawned":[9,14,15],"killed_by":"Slime Boss","ascension_level":0}}