{"host":"30jsp143e4v19aze","time":1608926481,"event":{"mods":["BaseMod","Colored Map","Colored Powertips","Curses Come First","DeckTracker","Highlight Path","Minty Spire (QoL Compilation)","Quick Restart","Relic Stats","StSLib","everything is the same but u backflip on backflip","slay the spire mod where everything is the same but ironclad has a cowboy hat"],"gold_per_floor":[119,138,149,165,165,200,200,200,200,236,236,261,284,328,328,421,421,441,331,171,71,86,117,117,131,131,131,175,175,215,6,6,104,104,129,485,485,505,838,870,903,915,915,932,963,468,486,505,505,505,505,505,505,22,49,49],"floor_reached":57,"playtime":6918,"items_purged":["Strike_R","Strike_R","Strike_R"],"score":2915,"play_id":"f05d3032-f9b7-4f66-96e3-c6b520c0f952","local_time":"20201225210121","is_ascension_mode":true,"campfire_choices":[{"data":"True Grit","floor":7,"key":"SMITH"},{"data":"Metallicize","floor":15,"key":"SMITH"},{"data":"Offering","floor":24,"key":"SMITH"},{"floor":27,"key":"REST"},{"data":"Shockwave","floor":29,"key":"SMITH"},{"data":"Impervious","floor":32,"key":"SMITH"},{"floor":49,"key":"RECALL"},{"data":"Limit Break","floor":53,"key":"SMITH"}],"circlet_count":0,"master_deck":["AscendersBane","Strike_R+1","Defend_R","Defend_R","Defend_R","Defend_R","Bash","True Grit+1","Shrug It Off","Blood for Blood","Immolate+1","Bloodletting","Offering+1","Second Wind","Metallicize+1","Exhume","Shockwave+1","Feed","Rupture+1","Impervious+1","Limit Break+1","CurseOfTheBell","Flame Barrier","Sword Boomerang+1","Master of Strategy","Double Tap","Whirlwind+1","Disarm","Entrench+1","Sword Boomerang","Fire Breathing","Metallicize","Disarm","Impervious"],"relics":["Burning Blood","Omamori","Gremlin Horn","Calipers","WarpedTongs","Strawberry","Velvet Choker","Bottled Flame","Mercury Hourglass","Vajra","Pocketwatch","Calling Bell","Red Skull","The Courier","WingedGreaves","Old Coin","Happy Flower","Oddly Smooth Stone","Shuriken","Medical Kit","Torii","Bronze Scales","Frozen Eye","Blood Vial"],"acts_visited":["Exordium","TheCity","TheBeyond","TheEnding"],"potions_floor_usage":[16,23,40,50,55],"damage_taken":[{"damage":3,"enemies":"2 Louse","floor":1,"turns":4},{"damage":2,"enemies":"Small Slimes","floor":2,"turns":4},{"damage":8,"enemies":"Cultist","floor":3,"turns":5},{"damage":13,"enemies":"Blue Slaver","floor":4,"turns":3},{"damage":32,"enemies":"Gremlin Nob","floor":6,"turns":4},{"damage":4,"enemies":"3 Sentries","floor":10,"turns":4},{"damage":6,"enemies":"Exordium Thugs","floor":12,"turns":1},{"damage":6,"enemies":"Exordium Wildlife","floor":13,"turns":1},{"damage":15,"enemies":"Gremlin Nob","floor":14,"turns":3},{"damage":26,"enemies":"Hexaghost","floor":16,"turns":8},{"damage":21,"enemies":"Shell Parasite","floor":18,"turns":5},{"damage":9,"enemies":"3 Byrds","floor":22,"turns":7},{"damage":48,"enemies":"Gremlin Leader","floor":23,"turns":8},{"damage":18,"enemies":"Snecko","floor":25,"turns":6},{"damage":15,"enemies":"Slavers","floor":28,"turns":7},{"damage":6,"enemies":"Gremlin Leader","floor":30,"turns":3},{"damage":40,"enemies":"Automaton","floor":33,"turns":9},{"damage":8,"enemies":"Orb Walker","floor":35,"turns":4},{"damage":26,"enemies":"2 Orb Walkers","floor":36,"turns":8},{"damage":7,"enemies":"3 Shapes","floor":38,"turns":1},{"damage":22,"enemies":"Giant Head","floor":40,"turns":5},{"damage":17,"enemies":"Nemesis","floor":41,"turns":3},{"damage":6,"enemies":"Spire Growth","floor":42,"turns":4},{"damage":11,"enemies":"Maw","floor":44,"turns":8},{"damage":16,"enemies":"Reptomancer","floor":45,"turns":4},{"damage":9,"enemies":"3 Darklings","floor":47,"turns":2},{"damage":0,"enemies":"Transient","floor":48,"turns":6},{"damage":46,"enemies":"Donu and Deca","floor":50,"turns":8},{"damage":24,"enemies":"Awakened One","floor":51,"turns":8},{"damage":32,"enemies":"Shield and Spear","floor":55,"turns":8},{"damage":52,"enemies":"The Heart","floor":56,"turns":10}],"seed_played":"7013083553744530286","potions_obtained":[{"floor":1,"key":"LiquidBronze"},{"floor":2,"key":"FairyPotion"},{"floor":18,"key":"Regen Potion"},{"floor":23,"key":"Energy Potion"},{"floor":35,"key":"Regen Potion"},{"floor":40,"key":"HeartOfIron"},{"floor":55,"key":"BloodPotion"}],"is_trial":false,"path_per_floor":["M","M","M","M","?","E","R","?","T","E","?","M","M","E","R","B",null,"M","?","$","$","M","E","R","M","T","R","E","R","E","$","R","B",null,"M","?","?","M","?","E","E","M","T","M","E","$","M","M","R","B","B",null,"R","$","E","B",null],"character_chosen":"IRONCLAD","items_purchased":["Feed","Impervious","Medical Kit","Torii","Bronze Scales","Frozen Eye","SmokeBomb","Sword Boomerang","LiquidMemories","Fire Breathing","Metallicize","Disarm"],"campfire_rested":1,"item_purchase_floors":[20,31,46,46,46,54,54,54,54,54,54,54],"current_hp_per_floor":[71,75,73,66,66,40,40,40,40,42,42,42,42,40,40,20,67,52,52,52,52,57,33,33,25,25,54,45,45,49,49,49,19,84,85,65,60,63,63,47,39,42,42,40,30,30,27,33,33,42,24,97,97,97,71,31],"gold":49,"neow_bonus":"THREE_CARDS","is_daily":false,"chose_seed":false,"campfire_upgraded":6,"win_rate":0.0,"timestamp":1608926481,"path_taken":["M","M","M","M","?","E","R","?","T","E","?","?","M","E","R","BOSS","M","?","?","$","M","E","R","M","T","R","E","R","E","$","R","BOSS","M","?","?","?","?","E","E","M","T","M","E","$","M","M","R","BOSS","BOSS","R","$","E","BOSS"],"items_purchased_type":["Card","Card","Relic","Relic","Relic","Relic","Potion","Card","Potion","Card","Card","Card"],"build_version":"2020-12-22","purchased_purges":3,"victory":true,"max_hp_per_floor":[75,75,75,75,75,75,75,75,75,75,75,75,75,82,82,82,82,82,82,82,82,90,93,93,97,97,97,97,97,101,101,101,105,105,108,108,108,112,112,112,115,118,118,121,121,121,121,121,121,121,121,121,121,121,121,125],"relic_stats":{"Gremlin Horn":[36,36],"Happy Flower":[20],"Torii":47,"counters":[31,161],"Medical Kit":[6],"Burning Blood":186,"WarpedTongs":[130],"Mercury Hourglass":[385],"Blood Vial":2,"Shuriken":[2],"Bronze Scales":[270],"obtain_stats":[{"Calipers":10,"Gremlin Horn":9,"Torii":46,"Vajra":28,"Burning Blood":0,"Old Coin":36,"Blood Vial":55,"Frozen Eye":54,"Strawberry":14,"WingedGreaves":34,"Red Skull":34,"Happy Flower":40,"Golden Idol":8,"Velvet Choker":17,"Oddly Smooth Stone":41,"The Courier":34,"Omamori":6,"Medical Kit":46,"WarpedTongs":11,"Mercury Hourglass":26,"Calling Bell":34,"Bottled Flame":23,"Shuriken":45,"Bronze Scales":46,"Pocketwatch":30},{"Calipers":6,"Gremlin Horn":5,"Torii":25,"Vajra":15,"Burning Blood":0,"Old Coin":19,"Blood Vial":30,"Frozen Eye":29,"Strawberry":9,"WingedGreaves":17,"Red Skull":17,"Happy Flower":21,"Golden Idol":5,"Velvet Choker":10,"Oddly Smooth Stone":22,"The Courier":17,"Omamori":5,"Medical Kit":25,"WarpedTongs":6,"Mercury Hourglass":14,"Calling Bell":17,"Bottled Flame":13,"Shuriken":25,"Bronze Scales":25,"Pocketwatch":16},{"Calipers":24,"Gremlin Horn":20,"Torii":119,"Vajra":70,"Burning Blood":0,"Old Coin":94,"Blood Vial":151,"Frozen Eye":143,"Strawberry":29,"WingedGreaves":82,"Red Skull":82,"Happy Flower":100,"Golden Idol":20,"Velvet Choker":37,"Oddly Smooth Stone":103,"The Courier":82,"Omamori":20,"Medical Kit":119,"WarpedTongs":24,"Mercury Hourglass":63,"Calling Bell":82,"Bottled Flame":57,"Shuriken":119,"Bronze Scales":119,"Pocketwatch":73}],"Pocketwatch":[123]},"card_choices":[{"not_picked":["Burning Pact","Flex"],"picked":"True Grit","floor":0},{"not_picked":["Infernal Blade","Flex"],"picked":"Shrug It Off","floor":1},{"not_picked":["Entrench","Armaments"],"picked":"Blood for Blood","floor":2},{"not_picked":["Sword Boomerang","Rampage"],"picked":"Immolate","floor":3},{"not_picked":["Clash","Headbutt"],"picked":"Bloodletting","floor":4},{"not_picked":["Heavy Blade","Combust","Cleave"],"picked":"SKIP","floor":6},{"not_picked":["Sword Boomerang","Searing Blow"],"picked":"Offering","floor":10},{"not_picked":["Carnage","True Grit"],"picked":"Second Wind","floor":12},{"not_picked":["Body Slam","Headbutt","Twin Strike"],"picked":"SKIP","floor":13},{"not_picked":["Sever Soul","Barricade"],"picked":"Metallicize","floor":14},{"not_picked":["Barricade","Limit Break"],"picked":"Exhume","floor":16},{"not_picked":["Clothesline","Rage"],"picked":"Shockwave","floor":18},{"not_picked":["Clash","Heavy Blade","Pommel Strike"],"picked":"SKIP","floor":22},{"not_picked":["Searing Blow","Seeing Red","Combust"],"picked":"SKIP","floor":23},{"not_picked":["Heavy Blade","Cleave","Iron Wave"],"picked":"SKIP","floor":25},{"not_picked":["Berserk","True Grit","Perfected Strike"],"picked":"SKIP","floor":28},{"not_picked":["Iron Wave","Shockwave"],"picked":"Rupture+1","floor":30},{"not_picked":["Feed","Offering"],"picked":"Limit Break","floor":33},{"not_picked":["Flex","Hemokinesis"],"picked":"Flame Barrier","floor":35},{"not_picked":["Headbutt","Pummel+1"],"picked":"Sword Boomerang+1","floor":36},{"not_picked":["Deep Breath","Finesse"],"picked":"Master of Strategy","floor":37},{"not_picked":["Anger","Fire Breathing","Twin Strike"],"picked":"SKIP","floor":38},{"not_picked":["Havoc","Perfected Strike+1"],"picked":"Double Tap","floor":40},{"not_picked":["Rupture","Wild Strike+1"],"picked":"Whirlwind+1","floor":41},{"not_picked":["Headbutt","Fire Breathing+1","Dark Embrace"],"picked":"SKIP","floor":42},{"not_picked":["Anger","Headbutt+1","Sword Boomerang"],"picked":"SKIP","floor":44},{"not_picked":["Thunderclap","Shockwave+1"],"picked":"Disarm","floor":45},{"not_picked":["Clash+1","Armaments","Ghostly Armor"],"picked":"SKIP","floor":47},{"not_picked":["Havoc","Pommel Strike"],"picked":"Entrench+1","floor":48},{"not_picked":["Sword Boomerang","Double Tap"],"picked":"Impervious","floor":55}],"player_experience":3193403,"relics_obtained":[{"floor":6,"key":"Omamori"},{"floor":9,"key":"Gremlin Horn"},{"floor":10,"key":"Calipers"},{"floor":14,"key":"Strawberry"},{"floor":23,"key":"Bottled Flame"},{"floor":26,"key":"Mercury Hourglass"},{"floor":28,"key":"Vajra"},{"floor":30,"key":"Pocketwatch"},{"floor":34,"key":"Red Skull"},{"floor":34,"key":"The Courier"},{"floor":34,"key":"WingedGreaves"},{"floor":36,"key":"Old Coin"},{"floor":40,"key":"Happy Flower"},{"floor":41,"key":"Oddly Smooth Stone"},{"floor":45,"key":"Shuriken"},{"floor":55,"key":"Blood Vial"}],"event_choices":[{"damage_healed":0,"gold_gain":0,"player_choice":"Grow","damage_taken":0,"max_hp_gain":0,"max_hp_loss":0,"event_name":"Living Wall","floor":5,"gold_loss":0,"cards_upgraded":["Immolate"]},{"damage_healed":0,"gold_gain":0,"player_choice":"Take Wound","damage_taken":0,"relics_obtained":["Golden Idol"],"max_hp_gain":0,"max_hp_loss":0,"event_name":"Golden Idol","floor":8,"gold_loss":0,"cards_obtained":["Injury"]},{"damage_healed":0,"gold_gain":0,"player_choice":"Rummage","damage_taken":0,"relics_obtained":["WarpedTongs"],"max_hp_gain":0,"max_hp_loss":0,"event_name":"Accursed Blacksmith","floor":11,"gold_loss":0,"cards_obtained":["Pain"]},{"cards_removed":["Strike_R"],"damage_healed":0,"gold_gain":0,"player_choice":"Upgrade and Remove","damage_taken":0,"max_hp_gain":0,"max_hp_loss":0,"event_name":"Designer","floor":19,"gold_loss":110,"cards_upgraded":["Strike_R"]},{"damage_healed":0,"gold_gain":0,"player_choice":"Fight","damage_taken":0,"max_hp_gain":0,"max_hp_loss":0,"event_name":"Mysterious Sphere","floor":36,"gold_loss":0},{"damage_healed":0,"gold_gain":0,"player_choice":"Memory 2","damage_taken":5,"max_hp_gain":0,"max_hp_loss":0,"event_name":"SensoryStone","floor":37,"gold_loss":0},{"damage_healed":0,"gold_gain":333,"player_choice":"Gave Idol","damage_taken":0,"max_hp_gain":0,"max_hp_loss":0,"event_name":"The Moai Head","floor":39,"relics_lost":["Golden Idol"],"gold_loss":0}],"is_beta":false,"boss_relics":[{"not_picked":["Tiny House","SacredBark"],"picked":"Velvet Choker"},{"not_picked":["Black Blood","Empty Cage"],"picked":"Calling Bell"}],"items_purged_floors":[20,21,31],"is_endless":false,"potions_floor_spawned":[1,2,4,14,18,23,35,40,41,44,45,55],"ascension_level":20}}