{"host":"mniz8q056kux99zk","time":1608908902,"event":{"mods":["BaseMod","CapriCore","Highlight Path","Infinite Spire","Minty Spire (QoL Compilation)","Replay The Spire","StSLib"],"gold_per_floor":[114,114,114,114,289,289,301,326,326,341,364,374,392,67,102,127,139,247,259,283,307,339,366,390,402,402],"floor_reached":25,"playtime":1011,"items_purged":["Looming Evil"],"score":252,"play_id":"fed0b436-26e8-449a-a792-53b1047e0b3c","local_time":"20201225100822","is_ascension_mode":true,"campfire_choices":[{"floor":9,"key":"REST"},{"floor":17,"key":"REST"}],"circlet_count":0,"master_deck":["Strike_R","Strike_R","Strike_R","Strike_R+1","Strike_R+1","Defend_R","Defend_R","Defend_R+1","Defend_R","Bash","Perfected Strike","Cleave+1","Clothesline","Thunderclap","Clash","Inflame+1","Flex","Heavy Blade","CommonCold","Demon Form","ReplayTheSpireMod:Muscle Training","Cleave","Replay:Undeath\u0027s Touch+1","Carnage"],"relics":["Cursed Key","ReplayTheSpireMod:TigerMarble","Simple Rune","Whetstone","ReplayTheSpireMod:Spearhead","MawBank","Ooze Armor"],"acts_visited":["Exordium","TheCity"],"potions_floor_usage":[18,18,18,20,24,24,25],"damage_taken":[{"damage":0,"enemies":"Small Slimes","floor":1,"turns":3},{"damage":2,"enemies":"2 Louse","floor":7,"turns":2},{"damage":30,"enemies":"3 Sentries","floor":8,"turns":7},{"damage":0,"enemies":"Cultist","floor":10,"turns":3},{"damage":3,"enemies":"Exordium Thugs","floor":12,"turns":3},{"damage":0,"enemies":"Lots of Slimes","floor":13,"turns":3},{"damage":0,"enemies":"Gremlin Nob","floor":15,"turns":2},{"damage":19,"enemies":"Hexaghost","floor":18,"turns":7},{"damage":1,"enemies":"3 Byrds","floor":20,"turns":4},{"damage":10,"enemies":"Spheric Guardian","floor":21,"turns":3},{"damage":1,"enemies":"3 Cultists","floor":22,"turns":3},{"damage":22,"enemies":"Centurion and Healer","floor":23,"turns":4},{"damage":12,"enemies":"Snake Plant","floor":24,"turns":4},{"damage":44,"enemies":"Slavers","floor":25,"turns":3}],"seed_played":"-7872407951460635989","potions_obtained":[{"floor":1,"key":"Flashbang"},{"floor":7,"key":"Weak Potion"},{"floor":15,"key":"Explosive Potion"},{"floor":18,"key":"PowerPotion"},{"floor":20,"key":"Milkshake"},{"floor":23,"key":"Strength Potion"},{"floor":24,"key":"Dexterity Potion"}],"is_trial":false,"path_per_floor":["M","?","PTL","PTL","?","?","M","E","R","M","T","M","M","$","E","T","R","B",null,"M","M","M","M","M","E"],"character_chosen":"IRONCLAD","items_purchased":["Inflame+1","Whetstone","Flex"],"campfire_rested":2,"item_purchase_floors":[14,14,14],"current_hp_per_floor":[80,80,80,80,80,80,78,48,72,72,72,69,69,69,69,69,80,61,80,79,69,68,46,34,0,0],"gold":402,"neow_bonus":"BOSS_RELIC","is_daily":false,"chose_seed":false,"campfire_upgraded":0,"win_rate":0.0,"timestamp":1608908902,"path_taken":["M","?","PTL","PTL","?","?","?","E","R","M","T","M","M","$","E","?","R","BOSS","M","?","?","?","?","E"],"items_purchased_type":["Card","Relic","Card"],"build_version":"2020-12-22","purchased_purges":1,"victory":false,"max_hp_per_floor":[80,80,80,80,80,80,80,80,80,80,80,80,80,80,80,80,80,80,80,80,80,80,80,80,80,80],"card_choices":[{"not_picked":["Sword Boomerang","Heavy Blade"],"picked":"Perfected Strike","floor":1},{"not_picked":["Rupture","ReplayTheSpireMod:Corrosion Curse"],"picked":"Cleave","floor":7},{"not_picked":["Combust","Bloodletting"],"picked":"Clothesline","floor":8},{"not_picked":["Corruption","Flame Barrier"],"picked":"Thunderclap","floor":10},{"not_picked":["Havoc","Armaments","ReplayTheSpireMod:Strike From Hell"],"picked":"SKIP","floor":12},{"not_picked":["Feel No Pain","Rupture"],"picked":"Clash","floor":13},{"not_picked":["Pommel Strike","Fire Breathing"],"picked":"Heavy Blade","floor":15},{"not_picked":["Eclipse","Reaper"],"picked":"Demon Form","floor":18},{"not_picked":["Ghostly Armor","Clothesline+1"],"picked":"ReplayTheSpireMod:Muscle Training","floor":20},{"not_picked":["Perfected Strike","Defy Death"],"picked":"Cleave","floor":21},{"not_picked":["Life Link","Anger"],"picked":"Replay:Undeath\u0027s Touch+1","floor":22},{"not_picked":["ReplayTheSpireMod:Strike From Hell","Headbutt"],"picked":"Carnage","floor":23},{"not_picked":["Combust","Warcry","Evolve"],"picked":"SKIP","floor":24}],"player_experience":92039,"relics_obtained":[{"floor":2,"key":"ReplayTheSpireMod:TigerMarble"},{"floor":8,"key":"Simple Rune"},{"floor":15,"key":"ReplayTheSpireMod:Spearhead"},{"floor":16,"key":"MawBank"}],"event_choices":[{"damage_healed":0,"gold_gain":175,"player_choice":"AGREE","damage_taken":0,"max_hp_gain":0,"max_hp_loss":0,"event_name":"Liars Game","floor":5,"gold_loss":0,"cards_obtained":["Doubt"]},{"cards_removed":["Doubt"],"damage_healed":0,"gold_gain":0,"player_choice":"Purged","damage_taken":0,"max_hp_gain":0,"max_hp_loss":0,"event_name":"Purifier","floor":6,"gold_loss":0}],"is_beta":false,"boss_relics":[{"not_picked":["Replay:Drink Me","Snecko Eye"],"picked":"Ooze Armor"}],"items_purged_floors":[14],"is_endless":false,"potions_floor_spawned":[1,7,15,18,20,23,24],"killed_by":"Slavers","ascension_level":1}}