{"host":"mytek2nu1hrzdnew","time":1608915336,"event":{"mods":["Aspiration","BaseMod","Conspire","GifTheSpireLib","Gold Saver","Hubris","Minty Spire (QoL Compilation)","Replay The Spire","StSLib","Stuff the Spire","Uncapped"],"gold_per_floor":[118,43,60,76,89,105,140,140,140,172,172,205,216,248,248,346,346,361,372,12,12,23,57,57,91,91,91,91,120,120,148,148,247,247,258,272,272,287,307,307,37,48,74,99,125,156,169,194,250,250],"floor_reached":51,"playtime":2461,"items_purged":["Pommel Strike","Cleave"],"score":1500,"play_id":"0c749c25-81cf-4ace-b2e9-f8e071a169f9","local_time":"20201225115536","daily_mods":["SealedDeck","Vintage","Heirloom","Time Dilation","Flight","Binary"],"is_ascension_mode":false,"campfire_choices":[{"data":"Seeing Red","floor":8,"key":"SMITH"},{"data":"Flex","floor":11,"key":"SMITH"},{"data":"StuffTheSpire:RockThrow","floor":15,"key":"SMITH"},{"data":"Replay:Undeath\u0027s Touch","floor":27,"key":"SMITH"},{"data":"Anger","floor":32,"key":"SMITH"},{"data":"ReplayTheSpireMod:Corrosion Curse","floor":40,"key":"SMITH"}],"circlet_count":0,"master_deck":["ReplayTheSpireMod:Corrosion Curse+1","Iron Wave","Anger+1","Seeing Red+1","Replay:Undeath\u0027s Touch+1","StuffTheSpire:RockThrow+1","Flex+1","Deflect+1","StuffTheSpire:RockThrow+1","Rage+1"],"relics":["Unceasing Top","Busted Crown","hubris:CuriousFeather","hubris:Reverence","StuffTheSpire:Rhapsscallions","Incense Burner","StrikeDummy","Happy Flower","Prayer Wheel","ReplayTheSpireMod:Shallot","hubris:ToyBattleship","Matryoshka","StuffTheSpire:HeavyRock","StuffTheSpire:RubySignet","Blood Vial","Molten Egg 2","Vajra","Lantern","StuffTheSpire:Experiment12","aspiration:ChemicalBlood","StuffTheSpire:DarkSteelAnvil","Question Card","hubris:Towel","Ornamental Fan","Replay:Baseball","Blue Candle","Orichalcum","aspiration:SeaSaltIceCream","Gremlin Horn","Oddly Smooth Stone","MealTicket","Replay:Wax Seal","Membership Card","Anchor","Calipers","Bag of Preparation","War Paint","Akabeko","Gremlin Food","Potion Belt","Charon\u0027s Ashes","Kunai"],"acts_visited":["Exordium","TheCity","TheBeyond"],"potions_floor_usage":[13,14,16,16,35,50,50,50,50,50],"damage_taken":[{"damage":0,"enemies":"Cultist","floor":1,"turns":1},{"damage":0,"enemies":"2 Louse","floor":3,"turns":1},{"damage":0,"enemies":"Jaw Worm","floor":4,"turns":1},{"damage":0,"enemies":"Large Slime","floor":5,"turns":1},{"damage":0,"enemies":"Looter","floor":6,"turns":1},{"damage":0,"enemies":"Gremlin Nob","floor":7,"turns":1},{"damage":0,"enemies":"3 Sentries","floor":10,"turns":2},{"damage":0,"enemies":"Gremlin Nob","floor":12,"turns":1},{"damage":0,"enemies":"2 Fungi Beasts","floor":13,"turns":1},{"damage":0,"enemies":"3 Sentries","floor":14,"turns":1},{"damage":0,"enemies":"Fading Forest","floor":16,"turns":2},{"damage":0,"enemies":"conspire:FuzzyDice","floor":18,"turns":1},{"damage":0,"enemies":"2 Thieves","floor":19,"turns":1},{"damage":0,"enemies":"3 Cultists","floor":22,"turns":1},{"damage":0,"enemies":"conspire:Head Lice","floor":23,"turns":1},{"damage":0,"enemies":"Replay:Snechameleon","floor":25,"turns":1},{"damage":0,"enemies":"conspire:Head Lice","floor":29,"turns":1},{"damage":0,"enemies":"Slavers","floor":31,"turns":1},{"damage":0,"enemies":"hubris:MusketHawk","floor":33,"turns":1},{"damage":2,"enemies":"3 Shapes","floor":35,"turns":1},{"damage":0,"enemies":"3 Darklings","floor":36,"turns":1},{"damage":0,"enemies":"Jaw Worm Horde","floor":38,"turns":1},{"damage":0,"enemies":"Transient","floor":39,"turns":2},{"damage":0,"enemies":"Maw","floor":42,"turns":1},{"damage":0,"enemies":"Reptomancer","floor":44,"turns":1},{"damage":0,"enemies":"Nemesis","floor":45,"turns":1},{"damage":0,"enemies":"R_Hoarder","floor":46,"turns":4},{"damage":0,"enemies":"Jaw Worm Horde","floor":47,"turns":1},{"damage":0,"enemies":"Reptomancer","floor":48,"turns":1},{"damage":0,"enemies":"Awakened One","floor":50,"turns":2}],"seed_played":"-2950997140553073991","potions_obtained":[{"floor":1,"key":"Weak Potion"},{"floor":4,"key":"ColorlessPotion"},{"floor":12,"key":"Languid Potion"},{"floor":13,"key":"Energy Potion"},{"floor":16,"key":"Swift Potion"},{"floor":22,"key":"Dexterity Potion"},{"floor":31,"key":"PowerPotion"},{"floor":39,"key":"Energy Potion"},{"floor":46,"key":"Explosive Potion"},{"floor":47,"key":"Dexterity Potion"}],"is_trial":true,"path_per_floor":["M","$","M","M","M","M","E","R","T","E","R","E","M","E","R","B",null,"M","M","$","?","M","E","?","E","T","R","?","E","T","E","R","B",null,"M","M","?","M","M","R","$","M","T","E","E","E","M","E","R","B",null],"character_chosen":"IRONCLAD","items_purchased":["Vajra","Lantern","PowerPotion","Membership Card","Anchor"],"campfire_rested":0,"item_purchase_floors":[20,20,20,41,41],"current_hp_per_floor":[80,80,87,87,87,87,87,87,87,87,87,87,87,87,87,87,87,87,87,87,87,87,87,87,87,87,87,87,87,87,87,87,87,87,85,87,87,87,87,87,87,87,87,87,87,87,87,87,66,68],"gold":250,"neow_bonus":"","is_daily":false,"chose_seed":false,"campfire_upgraded":6,"win_rate":0.0,"timestamp":1608915336,"path_taken":["M","$","M","?","M","M","E","R","T","E","R","E","M","E","R","BOSS","M","M","$","?","M","E","?","E","T","R","?","E","?","E","R","BOSS","M","M","?","M","M","R","$","M","T","E","E","E","M","E","R","BOSS"],"items_purchased_type":["Relic","Relic","Potion","Relic","Relic"],"build_version":"2020-12-22","purchased_purges":2,"victory":true,"max_hp_per_floor":[80,80,87,87,87,87,87,87,87,87,87,87,87,87,87,87,87,87,87,87,87,87,87,87,87,87,87,87,87,87,87,87,87,87,87,87,87,87,87,87,87,87,87,87,87,87,87,87,87,87],"card_choices":[{"not_picked":["hubris:CleavingFinish+1"],"picked":"SKIP","floor":29},{"not_picked":[],"picked":"StuffTheSpire:RockThrow+1","floor":31},{"not_picked":["Burning Pact"],"picked":"SKIP","floor":44},{"not_picked":[],"picked":"Rage+1","floor":45},{"not_picked":["Wild Strike+1"],"picked":"SKIP","floor":46},{"not_picked":["Intimidate"],"picked":"SKIP","floor":48}],"player_experience":945121,"relics_obtained":[{"floor":1,"key":"hubris:Reverence"},{"floor":3,"key":"StuffTheSpire:Rhapsscallions"},{"floor":4,"key":"Incense Burner"},{"floor":5,"key":"StrikeDummy"},{"floor":6,"key":"Happy Flower"},{"floor":7,"key":"Prayer Wheel"},{"floor":9,"key":"ReplayTheSpireMod:Shallot"},{"floor":10,"key":"hubris:ToyBattleship"},{"floor":12,"key":"Matryoshka"},{"floor":13,"key":"StuffTheSpire:HeavyRock"},{"floor":14,"key":"StuffTheSpire:RubySignet"},{"floor":18,"key":"Blood Vial"},{"floor":19,"key":"Molten Egg 2"},{"floor":22,"key":"StuffTheSpire:Experiment12"},{"floor":23,"key":"aspiration:ChemicalBlood"},{"floor":25,"key":"StuffTheSpire:DarkSteelAnvil"},{"floor":26,"key":"Question Card"},{"floor":26,"key":"StuffTheSpire:OldFever"},{"floor":29,"key":"Ornamental Fan"},{"floor":30,"key":"Replay:Baseball"},{"floor":30,"key":"Blue Candle"},{"floor":31,"key":"Orichalcum"},{"floor":35,"key":"aspiration:SeaSaltIceCream"},{"floor":36,"key":"Oddly Smooth Stone"},{"floor":38,"key":"MealTicket"},{"floor":39,"key":"Replay:Wax Seal"},{"floor":42,"key":"Calipers"},{"floor":43,"key":"Bag of Preparation"},{"floor":44,"key":"War Paint"},{"floor":45,"key":"Akabeko"},{"floor":46,"key":"Gremlin Food"},{"floor":47,"key":"Potion Belt"},{"floor":48,"key":"Charon\u0027s Ashes"},{"floor":49,"key":"Kunai"}],"event_choices":[{"damage_healed":0,"gold_gain":0,"player_choice":"Read","damage_taken":0,"max_hp_gain":0,"max_hp_loss":0,"event_name":"The Library","floor":24,"gold_loss":0,"cards_obtained":["Deflect"]}],"is_beta":false,"boss_relics":[{"not_picked":["Replay:Drink Me","Ectoplasm","Runic Pyramid"]},{"not_picked":["Electric Blood","Velvet Choker","Replay:Ancient Bell"]}],"items_purged_floors":[2,41],"is_endless":false,"potions_floor_spawned":[1,4,7,12,13,16,22,23,31,39,42,46,47],"ascension_level":0}}