{"host":"mmqs5ul2bvb60kyc","time":1608858270,"event":{"mods":["BaseMod","Minty Spire (QoL Compilation)","StSLib"],"gold_per_floor":[209,228,228,5,21,21,64,64,64,64,80,180,205,205,205,334,334,350,95,22,22,45,45,45,45,45,89,114,114,139,139,139,268,331,344,117,130,90,106,106,125,160,160,48,61,394,394,414,414,414,414,414,107,133,133],"floor_reached":56,"playtime":5069,"items_purged":["Strike_B","Strike_B","Pain","Zap","Hello World"],"score":1634,"play_id":"64db9d22-3aeb-4d4a-9cea-3d80f577985a","local_time":"20201225090430","is_ascension_mode":true,"campfire_choices":[{"data":"Machine Learning","floor":6.0,"key":"SMITH"},{"data":"Double Energy","floor":8.0,"key":"SMITH"},{"data":"Dualcast","floor":10.0,"key":"SMITH"},{"floor":15.0,"key":"REST"},{"data":"Skim","floor":23.0,"key":"SMITH"},{"data":"Turbo","floor":25.0,"key":"SMITH"},{"data":"Echo Form","floor":29.0,"key":"SMITH"},{"floor":32.0,"key":"REST"},{"floor":40.0,"key":"REST"},{"floor":47.0,"key":"RECALL"},{"floor":49.0,"key":"REST"},{"data":"Buffer","floor":52,"key":"SMITH"}],"circlet_count":0,"master_deck":["Defend_B","Defend_B","Defend_B","Defend_B","Dualcast+1","Double Energy+1","Skim+1","Turbo+1","Machine Learning+1","Cold Snap","Capacitor","Scrape+1","Meteor Strike","Skim","Defragment","Echo Form+1","Coolheaded+1","Finesse+1","Coolheaded+1","Coolheaded+1","Heatsinks+1","Hologram+1","Machine Learning","Force Field+1","Hologram+1","Buffer+1","Reinforced Body+1","White Noise+1","Hologram+1","BootSequence+1","Turbo+1","Reboot+1","Bandage Up+1","White Noise+1"],"relics":["Cracked Core","Orrery","Question Card","Bottled Lightning","Toxic Egg 2","Runic Pyramid","Membership Card","Symbiotic Virus","WarpedTongs","Tiny House","Mummified Hand","Ancient Tea Set","Shuriken","ClockworkSouvenir","DataDisk","Akabeko"],"acts_visited":["TheEnding"],"potions_floor_usage":[50,50,50,54,55,55],"damage_taken":[{"damage":0.0,"enemies":"2 Louse","floor":1.0,"turns":3.0},{"damage":0.0,"enemies":"Small Slimes","floor":2.0,"turns":3.0},{"damage":0.0,"enemies":"Cultist","floor":5.0,"turns":3.0},{"damage":34.0,"enemies":"3 Sentries","floor":7.0,"turns":7.0},{"damage":4.0,"enemies":"Looter","floor":11.0,"turns":2.0},{"damage":17.0,"enemies":"Lots of Slimes","floor":13.0,"turns":4.0},{"damage":1.0,"enemies":"Slime Boss","floor":16.0,"turns":8.0},{"damage":0.0,"enemies":"Chosen","floor":18.0,"turns":4.0},{"damage":17.0,"enemies":"2 Thieves","floor":22.0,"turns":4.0},{"damage":7.0,"enemies":"Book of Stabbing","floor":27.0,"turns":3.0},{"damage":0.0,"enemies":"Sentry and Sphere","floor":28.0,"turns":4.0},{"damage":18.0,"enemies":"Centurion and Healer","floor":30.0,"turns":5.0},{"damage":52.0,"enemies":"Collector","floor":33.0,"turns":5.0},{"damage":70.0,"enemies":"3 Darklings","floor":35.0,"turns":4.0},{"damage":1.0,"enemies":"3 Shapes","floor":37.0,"turns":2.0},{"damage":0.0,"enemies":"3 Darklings","floor":39.0,"turns":5.0},{"damage":18.0,"enemies":"Transient","floor":41.0,"turns":5.0},{"damage":0.0,"enemies":"Giant Head","floor":42.0,"turns":5.0},{"damage":0.0,"enemies":"Sphere and 2 Shapes","floor":45.0,"turns":3.0},{"damage":0.0,"enemies":"Maw","floor":48.0,"turns":6.0},{"damage":0,"enemies":"Time Eater","floor":50,"turns":11},{"damage":0,"enemies":"Shield and Spear","floor":54,"turns":4},{"damage":63,"enemies":"The Heart","floor":55,"turns":11}],"seed_played":"1291846263916455323","potions_obtained":[{"floor":1.0,"key":"PowerPotion"},{"floor":2.0,"key":"Swift Potion"},{"floor":11.0,"key":"Energy Potion"},{"floor":30.0,"key":"FairyPotion"},{"floor":33.0,"key":"FairyPotion"},{"floor":34.0,"key":"ColorlessPotion"},{"floor":38.0,"key":"DistilledChaos"},{"floor":38.0,"key":"BlessingOfTheForge"},{"floor":48.0,"key":"EntropicBrew"}],"is_trial":false,"path_per_floor":["M","M","?","$","M","R","E","R","T","R","M","?","M","?","R","B",null,"M","$","$","?","M","R","?","R","T","E","M","R","M","?","R","B",null,"M","$","M","?","M","R","M","E","T","$","M","?","R","M","R","B",null,"R","$","E","B",null],"character_chosen":"DEFECT","items_purchased":["Orrery","Hello World","Membership Card","Finesse+1","Coolheaded+1","Coolheaded+1","Mummified Hand","Ancient Potion","Turbo+1","Swift Potion","ClockworkSouvenir","DataDisk","Bandage Up+1","FearPotion"],"campfire_rested":4,"item_purchase_floors":[4,4,19,19,19,20,36,36,44,44,53,53,53,53],"current_hp_per_floor":[68,68,68,68,68,68,34,34,34,34,30,30,13,13,33,32,60,60,60,60,60,43,43,43,43,43,36,36,36,18,18,38,6,58,10,10,9,9,9,31,13,13,13,13,13,13,13,13,35,35,64,64,64,70,13],"gold":133,"neow_bonus":"HUNDRED_GOLD","is_daily":false,"chose_seed":false,"campfire_upgraded":7,"win_rate":0.0,"timestamp":1608858270,"path_taken":["M","M","?","$","M","R","E","R","T","R","M","?","?","?","R","BOSS","M","?","$","?","M","R","?","R","T","E","M","R","M","?","R","BOSS","M","$","?","?","?","R","M","E","T","$","?","?","R","M","R","BOSS","R","$","E","BOSS"],"items_purchased_type":["Relic","Card","Relic","Card","Card","Card","Relic","Potion","Card","Potion","Relic","Relic","Card","Potion"],"build_version":"2020-12-22","purchased_purges":5,"victory":true,"max_hp_per_floor":[75,75,69,69,69,69,69,69,69,69,69,69,69,69,69,69,69,69,69,69,69,69,69,69,69,69,69,69,69,69,69,69,69,74,74,74,74,74,74,74,74,74,74,74,74,74,74,74,74,74,74,74,74,74,74],"card_choices":[{"not_picked":["Loop","Conserve Battery"],"picked":"Double Energy","floor":1.0},{"not_picked":["Barrage","Steam"],"picked":"Skim","floor":2.0},{"not_picked":["Go for the Eyes","Genetic Algorithm"],"picked":"Turbo","floor":4.0},{"not_picked":["Steam","Compile Driver"],"picked":"Machine Learning","floor":4.0},{"not_picked":["Darkness","Go for the Eyes"],"picked":"Cold Snap","floor":4.0},{"not_picked":["Coolheaded","Blizzard"],"picked":"Capacitor","floor":4.0},{"not_picked":["Leap","Static Discharge"],"picked":"Scrape","floor":5.0},{"not_picked":["Gash","Ball Lightning"],"picked":"Meteor Strike","floor":7.0},{"not_picked":["Stack","Beam Cell","Sweeping Beam"],"picked":"Skim","floor":11.0},{"not_picked":["Self Repair","Go for the Eyes","Scrape"],"picked":"Defragment","floor":13.0},{"not_picked":["Amplify+1","Buffer","Fission+1"],"picked":"Echo Form","floor":16.0},{"not_picked":["Sunder","Auto Shields+1","Beam Cell"],"picked":"Coolheaded+1","floor":18.0},{"not_picked":["Chill+1","Beam Cell","Barrage"],"picked":"Heatsinks+1","floor":22.0},{"not_picked":["Compile Driver+1","Go for the Eyes+1","Gash+1","Steam Power+1"],"picked":"SKIP","floor":27.0},{"not_picked":["Streamline+1","Redo+1","Gash"],"picked":"Force Field+1","floor":28.0},{"not_picked":["Biased Cognition","Compile Driver","Rebound"],"picked":"Hologram+1","floor":30.0},{"not_picked":["Creative AI","Echo Form","Biased Cognition"],"picked":"Buffer","floor":33.0},{"not_picked":["Aggregate+1","Go for the Eyes","Defragment","Loop"],"picked":"SKIP","floor":35.0},{"not_picked":["Static Discharge+1","Rebound+1","Leap+1"],"picked":"Reinforced Body+1","floor":37.0},{"not_picked":["Steam+1","Hello World","Cold Snap+1"],"picked":"White Noise+1","floor":39.0},{"not_picked":["Sweeping Beam+1","Leap+1","Lockon+1"],"picked":"Hologram+1","floor":41.0},{"not_picked":["Go for the Eyes","Aggregate+1","Gash"],"picked":"BootSequence+1","floor":42.0},{"not_picked":["Go for the Eyes","Turbo+1","Ball Lightning+1"],"picked":"Reboot+1","floor":45.0},{"not_picked":["Coolheaded+1","Gash+1","Ball Lightning+1","Chill+1"],"picked":"SKIP","floor":48.0},{"not_picked":["Steam+1","Barrage+1","Darkness+1"],"picked":"White Noise+1","floor":54}],"player_experience":202299,"relics_obtained":[{"floor":7.0,"key":"Question Card"},{"floor":9.0,"key":"Bottled Lightning"},{"floor":27.0,"key":"Symbiotic Virus"},{"floor":42.0,"key":"Ancient Tea Set"},{"floor":43.0,"key":"Shuriken"},{"floor":54,"key":"Akabeko"}],"event_choices":[{"damage_healed":0.0,"max_hp_gain":0.0,"max_hp_loss":6.0,"gold_gain":0.0,"event_name":"Golden Idol","player_choice":"Lose Max HP","floor":3.0,"gold_loss":0.0,"damage_taken":0.0,"relics_obtained":["Golden Idol"]},{"damage_healed":0.0,"max_hp_gain":0.0,"max_hp_loss":0.0,"gold_gain":100.0,"event_name":"Golden Shrine","player_choice":"Pray","floor":12.0,"gold_loss":0.0,"damage_taken":0.0},{"damage_healed":0.0,"max_hp_gain":0.0,"max_hp_loss":0.0,"gold_gain":0.0,"event_name":"WeMeetAgain","player_choice":"Gave Potion","floor":14.0,"gold_loss":0.0,"damage_taken":0.0,"relics_obtained":["Toxic Egg 2"]},{"damage_healed":0.0,"max_hp_gain":0.0,"max_hp_loss":0.0,"gold_gain":0.0,"event_name":"Vampires","player_choice":"Ignored","floor":21.0,"gold_loss":0.0,"damage_taken":0.0},{"damage_healed":0.0,"max_hp_gain":0.0,"max_hp_loss":0.0,"gold_gain":0.0,"cards_transformed":["Strike_B","Strike_B"],"event_name":"Drug Dealer","player_choice":"Became Test Subject","floor":24.0,"gold_loss":0.0,"damage_taken":0.0,"cards_obtained":["Hologram","Machine Learning"]},{"damage_healed":0.0,"max_hp_gain":0.0,"max_hp_loss":0.0,"gold_gain":0.0,"event_name":"Accursed Blacksmith","player_choice":"Rummage","floor":31.0,"gold_loss":0.0,"damage_taken":0.0,"relics_obtained":["WarpedTongs"],"cards_obtained":["Pain"]},{"damage_healed":0.0,"max_hp_gain":0.0,"max_hp_loss":0.0,"gold_gain":0.0,"event_name":"The Woman in Blue","player_choice":"Bought 3 Potions","floor":38.0,"gold_loss":0.0,"damage_taken":0.0},{"damage_healed":0.0,"max_hp_gain":0.0,"max_hp_loss":0.0,"gold_gain":333.0,"event_name":"The Moai Head","player_choice":"Gave Idol","floor":46.0,"relics_lost":["Golden Idol"],"gold_loss":0.0,"damage_taken":0.0}],"is_beta":false,"boss_relics":[{"not_picked":["Cursed Key","Philosopher\u0027s Stone"],"picked":"Runic Pyramid"},{"not_picked":["Nuclear Battery","Fusion Hammer"],"picked":"Tiny House"}],"items_purged_floors":[19,20,36,44,53],"is_endless":false,"potions_floor_spawned":[1,2,11,30,33,42,45,48],"ascension_level":6}}