{"host":"ul103bh19qas5vs8","time":1608907241,"event":{"mods":["BaseMod","Downfall","Googly Eyes","Minty Spire (QoL Compilation)","Replay The Spire","Shop Mod","StSLib"],"gold_per_floor":[349,367,383,403,109,109,109,124,124,152,152,152,166,183,203,203,203,203],"floor_reached":16,"playtime":578,"items_purged":["Slimebound:Strike_Slimebound"],"score":104,"play_id":"5a7f055e-48aa-48fa-bd59-ea9e92a83faa","local_time":"20201225224041","is_ascension_mode":false,"campfire_choices":[{"data":"Slimebound:Split","floor":1,"key":"SMITH"},{"data":"Slimebound:SlimeTap","floor":6,"key":"SMITH"},{"data":"Slimebound:GoopSpray","floor":9,"key":"SMITH"},{"data":"Slimebound:Equalize","floor":12,"key":"SMITH"}],"circlet_count":0,"master_deck":["Slimebound:Strike_Slimebound","Slimebound:Strike_Slimebound","Slimebound:Tackle","Slimebound:Defend_Slimebound","Slimebound:Defend_Slimebound","Slimebound:Defend_Slimebound","Slimebound:Defend_Slimebound","Slimebound:Split+1","Slimebound:CorrosiveSpit","Slimebound:GoopSpray+1","Slimebound:Equalize+1","Slimebound:Recollect","Slimebound:Recollect","Slimebound:Nibble+1","Slimebound:SlimeTap+1","Slimebound:FirmFortitude"],"relics":["Slimebound:AbsorbEndCombat","BargainBundle","MerchantsRug","Pear","Shuriken"],"acts_visited":["Exordium"],"potions_floor_usage":[16],"damage_taken":[{"damage":9,"enemies":"Jaw Worm","floor":2,"turns":4},{"damage":8,"enemies":"Cultist","floor":3,"turns":3},{"damage":14,"enemies":"2 Louse","floor":4,"turns":3},{"damage":26,"enemies":"downfall:FleeingMerchant","floor":5,"turns":4},{"damage":11,"enemies":"Large Slime","floor":8,"turns":3},{"damage":29,"enemies":"Gremlin Nob","floor":10,"turns":3},{"damage":16,"enemies":"Red Slaver","floor":13,"turns":4},{"damage":18,"enemies":"Blue Slaver","floor":14,"turns":2},{"damage":14,"enemies":"Lots of Slimes","floor":15,"turns":2},{"damage":41,"enemies":"downfall:Silent","floor":16,"turns":4}],"seed_played":"9067726302401192723","potions_obtained":[{"floor":8,"key":"hexamod:EctoCoolerPotion"},{"floor":10,"key":"Swift Potion"},{"floor":13,"key":"hexamod:EctoCoolerPotion"}],"is_trial":false,"path_per_floor":["R","M","M","M","$","R","T","M","R","E","?","R","M","M","M","B"],"character_chosen":"SLIMEBOUND","items_purchased":["BargainBundle","Slimebound:Nibble+1","Slimebound:SlimeTap","EssenceOfSteel","SpeedPotion","SpeedPotion","MerchantsRug"],"campfire_rested":0,"item_purchase_floors":[5,5,5,5,5,5,5],"current_hp_per_floor":[42,45,53,53,50,50,60,67,67,52,52,52,52,50,60,35,35,35],"gold":203,"neow_bonus":"TWO_FIFTY_GOLD","is_daily":false,"chose_seed":false,"campfire_upgraded":4,"win_rate":0.0,"timestamp":1608907241,"path_taken":["R","M","M","M","$","R","T","M","R","E","?","R","M","M","M","BOSS"],"items_purchased_type":["Relic","Card","Card","Potion","Potion","Potion","Relic"],"build_version":"2020-12-22","purchased_purges":1,"victory":false,"max_hp_per_floor":[60,60,60,60,60,60,70,70,70,70,70,70,70,70,70,70,70,70],"card_choices":[{"not_picked":["Slimebound:SplitMire","Slimebound:SamplingLick"],"picked":"Slimebound:GoopSpray","floor":2},{"not_picked":["Slimebound:SplitAcid","Slimebound:Nibble"],"picked":"Slimebound:Equalize","floor":3},{"not_picked":["Slimebound:SamplingLick","Slimebound:HauntingLick"],"picked":"Slimebound:Recollect","floor":4},{"not_picked":["Slimebound:LeechingTouch","Slimebound:SlimeBarrage"],"picked":"Slimebound:Recollect","floor":5},{"not_picked":["Slimebound:LeechEnergy","Slimebound:SamplingLick","Slimebound:SlimeSpikes"],"picked":"SKIP","floor":8},{"not_picked":["Slimebound:TongueLash","Slimebound:ViciousTackle","Slimebound:ComboTackle"],"picked":"SKIP","floor":10},{"not_picked":["Slimebound:RollThrough","Slimebound:ServeAndProtect","Slimebound:LeechingTouch"],"picked":"SKIP","floor":13},{"not_picked":["Slimebound:SamplingLick","Slimebound:Nibble","Slimebound:LevelUp"],"picked":"SKIP","floor":14},{"not_picked":["Slimebound:SpikyOuterGoop","Slimebound:DivideAndConquer"],"picked":"Slimebound:FirmFortitude","floor":15}],"player_experience":122345,"relics_obtained":[{"floor":7,"key":"Pear"},{"floor":10,"key":"Shuriken"}],"event_choices":[{"damage_healed":0,"gold_gain":0,"player_choice":"Ignored","damage_taken":0,"max_hp_gain":0,"max_hp_loss":0,"event_name":"NoteForYourself","floor":11,"gold_loss":0}],"is_beta":false,"boss_relics":[],"items_purged_floors":[5],"is_endless":false,"potions_floor_spawned":[8,10,13,15],"killed_by":"downfall:Silent","ascension_level":0}}