{"host":"x5nedmcg1ruvdks4","time":1608884718,"event":{"mods":["AchievementEnabler","BaseMod","Block Reminder","DeckTracker","Minty Spire (QoL Compilation)","Permanent Neow"],"gold_per_floor":[110,122,122,122,140,172,172,203,227,259,279,279,279,352,352,456,456,471,471,485,5,5,5,5],"floor_reached":23,"playtime":1467,"items_purged":[],"score":296,"play_id":"c16748a0-86ad-45ad-8ccd-a115f96c277a","local_time":"20201225092518","is_ascension_mode":true,"campfire_choices":[{"data":"Buffer","floor":7,"key":"SMITH"},{"data":"Hologram","floor":12,"key":"SMITH"},{"data":"Meteor Strike","floor":15,"key":"SMITH"}],"circlet_count":0,"master_deck":["Strike_B+1","Strike_B+1","Strike_B+1","Defend_B+1","Defend_B+1","Defend_B+1","Defend_B+1","Zap","Dualcast","Buffer+1","Hologram+1","Meteor Strike+1","Undo","Sunder","All For One","Turbo","Double Energy","Seek"],"relics":["Cracked Core","Blood Vial","Smiling Mask","Meat on the Bone","Lantern","Letter Opener","Kunai","Black Star","Sling","Mummified Hand"],"acts_visited":["Exordium","TheCity"],"potions_floor_usage":[10],"damage_taken":[{"damage":0.0,"enemies":"Cultist","floor":1.0,"turns":4.0},{"damage":7.0,"enemies":"Jaw Worm","floor":2.0,"turns":4.0},{"damage":8.0,"enemies":"2 Louse","floor":5.0,"turns":3.0},{"damage":0.0,"enemies":"Lagavulin","floor":6.0,"turns":7.0},{"damage":25,"enemies":"3 Sentries","floor":8,"turns":10},{"damage":0,"enemies":"Lagavulin","floor":10,"turns":6},{"damage":0,"enemies":"Exordium Wildlife","floor":11,"turns":2},{"damage":45,"enemies":"The Guardian","floor":16,"turns":16},{"damage":57,"enemies":"Spheric Guardian","floor":18,"turns":8},{"damage":4,"enemies":"Chosen","floor":20,"turns":2},{"damage":29,"enemies":"Book of Stabbing","floor":23,"turns":5}],"seed_played":"-6207366039903319358","potions_obtained":[{"floor":1.0,"key":"BlessingOfTheForge"},{"floor":5.0,"key":"Strength Potion"},{"floor":6,"key":"Energy Potion"},{"floor":20,"key":"SpeedPotion"}],"is_trial":false,"path_per_floor":["M","M","?","?","M","E","R","E","T","E","M","R","?","T","R","B",null,"M","?","M","$","?","E"],"character_chosen":"DEFECT","items_purchased":["Sling","Seek","Mummified Hand"],"campfire_rested":0,"item_purchase_floors":[21,21,21],"current_hp_per_floor":[68,61,58,58,52,54,54,31,31,45,47,47,52,52,52,21,73,28,28,38,38,25,0,0],"gold":5,"neow_bonus":"THREE_RARE_CARDS","is_daily":false,"chose_seed":false,"campfire_upgraded":3,"win_rate":0.0,"timestamp":1608884718,"path_taken":["M","M","?","?","M","E","R","E","T","E","?","R","?","?","R","BOSS","M","?","M","$","?","E"],"items_purchased_type":["Relic","Card","Relic"],"build_version":"2020-12-22","purchased_purges":0,"victory":false,"max_hp_per_floor":[68,68,68,68,68,68,68,68,68,68,68,68,73,73,73,73,73,73,73,73,73,78,78,78],"card_choices":[{"not_picked":["Machine Learning","Hyperbeam"],"picked":"Buffer","floor":0.0},{"not_picked":["Steam Power","Redo","Streamline"],"picked":"SKIP","floor":1.0},{"not_picked":["Chill","Gash","Scrape"],"picked":"SKIP","floor":2.0},{"not_picked":["Redo","Streamline","Beam Cell"],"picked":"SKIP","floor":5.0},{"not_picked":["Gash","Ball Lightning"],"picked":"Hologram","floor":6},{"not_picked":["Go for the Eyes","Self Repair"],"picked":"Meteor Strike","floor":8},{"not_picked":["Sweeping Beam","Aggregate"],"picked":"Undo","floor":10},{"not_picked":["Melter","Conserve Battery"],"picked":"Sunder","floor":11},{"not_picked":["Machine Learning","Core Surge"],"picked":"All For One","floor":16},{"not_picked":["Beam Cell+1","Cold Snap+1"],"picked":"Turbo","floor":18},{"not_picked":["Hello World","Redo"],"picked":"Double Energy","floor":20}],"player_experience":70011,"relics_obtained":[{"floor":6,"key":"Smiling Mask"},{"floor":8,"key":"Meat on the Bone"},{"floor":9,"key":"Lantern"},{"floor":10,"key":"Letter Opener"},{"floor":14,"key":"Kunai"}],"event_choices":[{"damage_healed":0.0,"max_hp_gain":0.0,"max_hp_loss":0.0,"gold_gain":0.0,"event_name":"Scrap Ooze","player_choice":"Success","floor":3.0,"gold_loss":0.0,"damage_taken":3.0,"relics_obtained":["Blood Vial"]},{"cards_removed":["Strike_B"],"damage_healed":0.0,"max_hp_gain":0.0,"max_hp_loss":0.0,"gold_gain":0.0,"event_name":"Purifier","player_choice":"Purged","floor":4.0,"gold_loss":0.0,"damage_taken":0.0},{"damage_healed":0,"gold_gain":0,"player_choice":"Donut","damage_taken":0,"max_hp_gain":5,"max_hp_loss":0,"event_name":"Big Fish","floor":13,"gold_loss":0},{"damage_healed":0,"gold_gain":0,"player_choice":"Simplicity","damage_taken":0,"max_hp_gain":0,"max_hp_loss":0,"event_name":"Back to Basics","floor":19,"gold_loss":0,"cards_upgraded":["Strike_B","Strike_B","Strike_B","Defend_B","Defend_B","Defend_B","Defend_B"]},{"damage_healed":0,"gold_gain":0,"player_choice":"Shed Blood","damage_taken":18,"max_hp_gain":5,"max_hp_loss":0,"event_name":"Forgotten Altar","floor":22,"gold_loss":0}],"is_beta":false,"boss_relics":[{"not_picked":["Astrolabe","Empty Cage"],"picked":"Black Star"}],"items_purged_floors":[],"is_endless":false,"potions_floor_spawned":[1,5,6,20],"killed_by":"Book of Stabbing","ascension_level":3}}