{"host":"wfy07lporsqrbz3r","time":1608895851,"event":{"mods":["BaseMod","Minty Spire (QoL Compilation)","Replay The Spire","StSLib"],"gold_per_floor":[110,124,124,124,124,156,176,176,176,45,70,70,98,108,108,182,182,195,195,206,223,223,255,255,44,98,98,132,132,165,80,80,151,151,164,11,36,56,69,99,99,133,133,162,162,162,214,214,214,214],"floor_reached":51,"playtime":2120,"items_purged":["Regret","Strike_G"],"score":2088,"play_id":"53e6b224-a05d-47d0-b705-8490e6dbb82d","local_time":"20201225193051","is_ascension_mode":true,"campfire_choices":[{"data":"ReplayTheSpireMod:Scrap Shanks","floor":8.0,"key":"SMITH"},{"data":"Blade Dance","floor":12.0,"key":"SMITH"},{"data":"Malaise","floor":24.0,"key":"SMITH"},{"floor":29.0,"key":"REST"},{"data":"Replay:Bag of Tricks","floor":32.0,"key":"SMITH"},{"data":"Tools of the Trade","floor":41.0,"key":"SMITH"}],"circlet_count":0,"master_deck":["AscendersBane","Strike_G","Strike_G","Strike_G","Strike_G","Defend_G","Defend_G","Defend_G","Defend_G","Survivor","Neutralize","ReplayTheSpireMod:Scrap Shanks+1","Calculated Gamble","Acrobatics+1","Blade Dance+1","Blade Dance+1","Replay:Bag of Tricks+1","Cloak And Dagger+1","Malaise+1","Apotheosis+1","Hidden Blade+1","Tools of the Trade+1","Prepared","Concentrate+1","ReplayTheSpireMod:Shiv Toss+1","Writhe"],"relics":["NeowsBlessing","Sizzling Blood","Shuriken","Bag of Marbles","Ornamental Fan","Art of War","Replay:Wax Seal","Sozu","Pet Ghost","Potion Belt","CaptainsWheel","Replay:Bottled Eggs","Pocketwatch","Black Star","Unceasing Top","Ninja Scroll","WingedGreaves","Replay:Multitool","Garlic","Juzu Bracelet","Toy Ornithopter","Nunchaku","TungstenRod"],"acts_visited":["Exordium","TheCity","TheBeyond"],"potions_floor_usage":[50],"damage_taken":[{"damage":0.0,"enemies":"Small Slimes","floor":1.0,"turns":1.0},{"damage":0.0,"enemies":"Jaw Worm","floor":2.0,"turns":1.0},{"damage":0.0,"enemies":"3 Sentries","floor":6.0,"turns":1.0},{"damage":6.0,"enemies":"2 Louse","floor":7.0,"turns":3.0},{"damage":18.0,"enemies":"Gremlin Nob","floor":13.0,"turns":4.0},{"damage":0.0,"enemies":"Blue Slaver","floor":14.0,"turns":2.0},{"damage":46.0,"enemies":"The Guardian","floor":16.0,"turns":10.0},{"damage":8.0,"enemies":"2 Thieves","floor":18.0,"turns":4.0},{"damage":3.0,"enemies":"Chosen","floor":20.0,"turns":3.0},{"damage":6.0,"enemies":"Centurion and Healer","floor":21.0,"turns":3.0},{"damage":14.0,"enemies":"Book of Stabbing","floor":23.0,"turns":4.0},{"damage":0.0,"enemies":"Gremlin Leader","floor":28.0,"turns":3.0},{"damage":2.0,"enemies":"Slavers","floor":30.0,"turns":4.0},{"damage":16.0,"enemies":"Pondfish","floor":33.0,"turns":7.0},{"damage":0.0,"enemies":"3 Shapes","floor":35.0,"turns":4.0},{"damage":0.0,"enemies":"Mind Bloom Boss Battle","floor":37.0,"turns":5.0},{"damage":10.0,"enemies":"3 Darklings","floor":38.0,"turns":3.0},{"damage":1.0,"enemies":"Transient","floor":39.0,"turns":6.0},{"damage":2.0,"enemies":"Nemesis","floor":40.0,"turns":3.0},{"damage":60.0,"enemies":"R_Hoarder","floor":42.0,"turns":9.0},{"damage":0.0,"enemies":"Giant Head","floor":44.0,"turns":3.0},{"damage":11.0,"enemies":"2 Orb Walkers","floor":47.0,"turns":3.0},{"damage":50,"enemies":"Time Eater","floor":50,"turns":9}],"seed_played":"3203669821933949645","potions_obtained":[{"floor":1.0,"key":"SneckoOil"},{"floor":13.0,"key":"AttackPotion"},{"floor":14.0,"key":"Block Potion"}],"is_trial":false,"path_per_floor":["M","M","?","?","?","E","M","R","T","$","T","R","E","M","R","B",null,"M","?","M","M","?","E","R","$","T","?","E","R","E","?","R","B",null,"M","$","?","M","M","E","R","E","T","E","R","?","?","?","R","B",null],"character_chosen":"THE_SILENT","items_purchased":["Blade Dance","Apotheosis","Prepared"],"campfire_rested":1,"item_purchase_floors":[10,25,36],"current_hp_per_floor":[59,59,63,63,63,67,65,65,65,65,65,65,51,55,70,28,60,56,36,37,35,35,25,25,25,25,25,29,51,53,53,53,41,67,71,71,75,69,72,74,74,22,22,26,48,63,56,56,75,34],"gold":214,"neow_bonus":"THREE_ENEMY_KILL","is_daily":false,"chose_seed":false,"campfire_upgraded":5,"win_rate":0.0,"timestamp":1608895851,"path_taken":["M","M","?","?","?","E","M","R","T","$","?","R","E","M","R","BOSS","M","?","M","M","?","E","R","$","T","?","E","R","E","?","R","BOSS","M","$","?","M","M","E","R","E","T","E","R","?","?","?","R","BOSS"],"items_purchased_type":["Card","Card","Card"],"build_version":"2020-12-22","purchased_purges":2,"victory":true,"max_hp_per_floor":[66,66,70,70,70,70,70,70,70,70,70,70,70,70,70,70,70,70,75,75,75,75,75,75,75,75,75,75,75,75,75,75,75,75,75,75,75,75,75,75,75,75,75,75,75,75,75,75,75,75],"card_choices":[{"not_picked":["Finisher","Prepared"],"picked":"ReplayTheSpireMod:Scrap Shanks","floor":1.0},{"not_picked":["Outmaneuver","Backflip","Deflect"],"picked":"SKIP","floor":2.0},{"not_picked":["Footwork","Distraction"],"picked":"Calculated Gamble","floor":6.0},{"not_picked":["Deflect","Quick Slash"],"picked":"Acrobatics","floor":7.0},{"not_picked":["Dodge and Roll","Crippling Poison","Well Laid Plans"],"picked":"SKIP","floor":13.0},{"not_picked":["Crippling Poison","PiercingWail"],"picked":"Blade Dance","floor":14.0},{"not_picked":["Malaise","ReplayTheSpireMod:From All Sides"],"picked":"Replay:Bag of Tricks","floor":16.0},{"not_picked":["Outmaneuver","Skewer","Flying Knee"],"picked":"SKIP","floor":18.0},{"not_picked":["Deflect","Poisoned Stab+1"],"picked":"Cloak And Dagger","floor":20.0},{"not_picked":["Outmaneuver","Endless Agony","Dagger Throw"],"picked":"SKIP","floor":21.0},{"not_picked":["Footwork","Setup"],"picked":"Malaise","floor":23.0},{"not_picked":["Dagger Spray+1","Skewer"],"picked":"Hidden Blade+1","floor":28.0},{"not_picked":["Outmaneuver","Bane","Underhanded Strike"],"picked":"SKIP","floor":30.0},{"not_picked":["Grand Finale","Corpse Explosion"],"picked":"Tools of the Trade","floor":33.0},{"not_picked":["Poisoned Stab","Dagger Spray","Riddle With Holes"],"picked":"SKIP","floor":35.0},{"not_picked":["ReplayTheSpireMod:Shiv Toss+1","Poisoned Stab"],"picked":"Concentrate+1","floor":37.0},{"not_picked":["Deflect+1","Noxious Fumes","Quick Slash+1"],"picked":"SKIP","floor":38.0},{"not_picked":["Backflip","Blur","Venomology"],"picked":"SKIP","floor":39.0},{"not_picked":["Blur","Hidden Blade","Quick Slash"],"picked":"SKIP","floor":40.0},{"not_picked":["Flechettes+1","Backflip"],"picked":"ReplayTheSpireMod:Shiv Toss+1","floor":42.0},{"not_picked":["Caltrops+1","Cloak And Dagger","Backstab"],"picked":"SKIP","floor":44.0}],"player_experience":710317,"relics_obtained":[{"floor":6.0,"key":"Bag of Marbles"},{"floor":9.0,"key":"Ornamental Fan"},{"floor":11.0,"key":"Art of War"},{"floor":13.0,"key":"Replay:Wax Seal"},{"floor":23.0,"key":"Pet Ghost"},{"floor":26.0,"key":"Potion Belt"},{"floor":28.0,"key":"CaptainsWheel"},{"floor":30.0,"key":"Replay:Bottled Eggs"},{"floor":37.0,"key":"Unceasing Top"},{"floor":40.0,"key":"Ninja Scroll"},{"floor":40.0,"key":"WingedGreaves"},{"floor":42.0,"key":"Replay:Multitool"},{"floor":42.0,"key":"Garlic"},{"floor":43.0,"key":"Juzu Bracelet"},{"floor":44.0,"key":"Toy Ornithopter"},{"floor":44.0,"key":"Nunchaku"},{"floor":47.0,"key":"TungstenRod"}],"event_choices":[{"damage_healed":0.0,"max_hp_gain":0.0,"max_hp_loss":0.0,"gold_gain":0.0,"event_name":"Big Fish","player_choice":"Box","floor":4.0,"gold_loss":0.0,"damage_taken":0.0,"relics_obtained":["Shuriken"],"cards_obtained":["Regret"]},{"damage_healed":0.0,"max_hp_gain":5.0,"max_hp_loss":0.0,"gold_gain":0.0,"event_name":"Forgotten Altar","player_choice":"Shed Blood","floor":19.0,"gold_loss":0.0,"damage_taken":25.0},{"damage_healed":0.0,"max_hp_gain":0.0,"max_hp_loss":0.0,"gold_gain":0.0,"event_name":"Vampires","player_choice":"Ignored","floor":22.0,"gold_loss":0.0,"damage_taken":0.0},{"damage_healed":0.0,"max_hp_gain":0.0,"max_hp_loss":0.0,"gold_gain":0.0,"event_name":"Addict","player_choice":"Obtained Relic","floor":31.0,"gold_loss":85.0,"damage_taken":0.0,"relics_obtained":["Pocketwatch"]},{"damage_healed":0.0,"max_hp_gain":0.0,"max_hp_loss":0.0,"gold_gain":0.0,"event_name":"MindBloom","player_choice":"Fight","floor":37.0,"gold_loss":0.0,"damage_taken":0.0},{"damage_healed":15.0,"max_hp_gain":0.0,"max_hp_loss":0.0,"gold_gain":0.0,"event_name":"Winding Halls","player_choice":"Writhe","floor":46.0,"gold_loss":0.0,"damage_taken":0.0,"cards_obtained":["Writhe"]},{"damage_healed":0.0,"max_hp_gain":0.0,"max_hp_loss":0.0,"gold_gain":0.0,"event_name":"Mysterious Sphere","player_choice":"Fight","floor":47.0,"gold_loss":0.0,"damage_taken":0.0}],"is_beta":false,"boss_relics":[{"not_picked":["Runic Dome","Replay:Drink Me"],"picked":"Sozu"},{"not_picked":["Philosopher\u0027s Stone","Fusion Hammer"],"picked":"Black Star"}],"items_purged_floors":[10,36],"is_endless":false,"potions_floor_spawned":[1,13,14,21,30,33,35,37,38,40],"ascension_level":19}}