{"host":"2461dio7vetlq1z3","time":1608890804,"event":{"mods":["2.2 Compatiblity","AchievementEnabler","Aspiration","BaseMod","Better Third Choice","Hermit","Minty Spire (QoL Compilation)","Relic Stats","Spicy Shops","StSLib","The Runesmith","Waifu the Spire"],"gold_per_floor":[116,132,132,151,169,200,214,241,241,241,316,316,339,355,355,458,458,473,473,483,74,90,129,129,153,200,36,71,71,80,114,114,228,228,247,257,280,293,339,339,382,428,455,455,496,496,520,555,555,555],"floor_reached":51,"playtime":2216,"items_purged":["Injury","hermit:Strike_Hermit"],"score":1383,"play_id":"347ea900-5f4f-409e-9180-db65f6699403","local_time":"20201225110644","is_ascension_mode":true,"campfire_choices":[{"floor":10,"key":"REST"},{"data":"hermit:BodyArmor","floor":12,"key":"SMITH"},{"data":"Dramatic Entrance","floor":15,"key":"SMITH"},{"data":"hermit:Adapt","floor":24,"key":"SMITH"},{"data":"hermit:Snapshot","floor":29,"key":"SMITH"},{"data":"J.A.X.","floor":32,"key":"SMITH"},{"data":"1","floor":40,"key":"LIFT"},{"data":"2","floor":44,"key":"LIFT"},{"data":"3","floor":46,"key":"LIFT"},{"data":"hermit:BigShot","floor":49,"key":"SMITH"}],"circlet_count":0,"master_deck":["AscendersBane","hermit:Strike_Hermit","hermit:Strike_Hermit","hermit:Strike_Hermit","hermit:Defend_Hermit","hermit:Defend_Hermit","hermit:Defend_Hermit","hermit:Defend_Hermit","hermit:Snapshot+1","hermit:Covet","Dramatic Entrance+1","hermit:Midnight","hermit:BodyArmor+1","hermit:PistolWhip+1","hermit:TrackingShot+1","hermit:GoldenBullet+1","hermit:Enervate+1","hermit:RoundhouseKick+1","hermit:CursedWeapon+1","hermit:Adapt+1","hermit:CalledShot+1","hermit:Misfire+1","hermit:CalledShot+1","hermit:PistolWhip+1","hermit:Midnight","hermit:HeroicBravado","J.A.X.+1","hermit:BigShot+1","hermit:FromBeyond","hermit:RoundhouseKick+1","hermit:LuckOfTheDraw","hermit:PistolWhip+1","hermit:PistolWhip+1"],"relics":["hermit:Momento","Molten Egg 2","FossilizedHelix","Smiling Mask","The Courier","aspiration:HiddenCompartment","aspiration:RitualDagger","hermit:RyeStalk","Akabeko","CeramicFish","Anchor","Oddly Smooth Stone","Potion Belt","PreservedInsect","Velvet Choker","Girya","Bottled Lightning","Lantern","Omamori","Gambling Chip","Meat on the Bone"],"acts_visited":["Exordium","TheCity","TheBeyond"],"potions_floor_usage":[5,8,16,50,50,50,50,50],"damage_taken":[{"damage":0,"enemies":"Jaw Worm","floor":1,"turns":3},{"damage":1,"enemies":"Small Slimes","floor":2,"turns":2},{"damage":5,"enemies":"Cultist","floor":4,"turns":4},{"damage":0,"enemies":"Blue Slaver","floor":5,"turns":1},{"damage":41,"enemies":"Lagavulin","floor":6,"turns":8},{"damage":0,"enemies":"Exordium Wildlife","floor":7,"turns":4},{"damage":8,"enemies":"Gremlin Nob","floor":8,"turns":3},{"damage":0,"enemies":"3 Louse","floor":14,"turns":2},{"damage":21,"enemies":"Hexaghost","floor":16,"turns":9},{"damage":18,"enemies":"Spheric Guardian","floor":18,"turns":4},{"damage":13,"enemies":"3 Byrds","floor":20,"turns":4},{"damage":10,"enemies":"Cultist and Chosen","floor":22,"turns":3},{"damage":45,"enemies":"Slavers","floor":23,"turns":4},{"damage":28,"enemies":"Shelled Parasite and Fungi","floor":25,"turns":3},{"damage":11,"enemies":"Book of Stabbing","floor":28,"turns":4},{"damage":14,"enemies":"Gremlin Leader","floor":31,"turns":4},{"damage":62,"enemies":"Automaton","floor":33,"turns":9},{"damage":9,"enemies":"3 Darklings","floor":35,"turns":3},{"damage":8,"enemies":"3 Shapes","floor":36,"turns":2},{"damage":8,"enemies":"Jaw Worm Horde","floor":37,"turns":3},{"damage":21,"enemies":"Maw","floor":38,"turns":6},{"damage":31,"enemies":"2 Orb Walkers","floor":39,"turns":4},{"damage":20,"enemies":"Giant Head","floor":41,"turns":6},{"damage":11,"enemies":"Reptomancer","floor":45,"turns":4},{"damage":7,"enemies":"3 Darklings","floor":47,"turns":3},{"damage":18,"enemies":"Giant Head","floor":48,"turns":5},{"damage":100,"enemies":"Donu and Deca","floor":50,"turns":6}],"seed_played":"658608450048596714","potions_obtained":[{"floor":4,"key":"Fire Potion"},{"floor":5,"key":"Strength Potion"},{"floor":14,"key":"DistilledChaos"},{"floor":16,"key":"BlessingOfTheForge"},{"floor":23,"key":"Fire Potion"},{"floor":25,"key":"Regen Potion"},{"floor":33,"key":"Ancient Potion"},{"floor":35,"key":"hermit:BlackBile"},{"floor":37,"key":"Swift Potion"},{"floor":48,"key":"SteroidPotion"}],"is_trial":false,"path_per_floor":["M","M","?","M","M","E","M","E","T","R","?","R","T","M","R","B",null,"M","?","M","$","M","E","R","M","T","$","E","R","?","E","R","B",null,"M","M","M","M","?","R","E","T","T","R","E","R","M","E","R","B",null],"character_chosen":"HERMIT","items_purchased":["hermit:RyeStalk","Akabeko","hermit:Misfire+1","Oddly Smooth Stone"],"campfire_rested":1,"item_purchase_floors":[21,21,21,27],"current_hp_per_floor":[68,67,67,62,62,21,21,13,13,35,24,24,24,24,24,3,57,39,75,62,62,52,7,7,75,75,75,75,75,75,71,71,55,70,75,72,72,75,55,55,75,75,75,75,75,75,73,75,75,25],"gold":555,"neow_bonus":"RANDOM_COLORLESS","is_daily":false,"chose_seed":false,"campfire_upgraded":6,"win_rate":0.0,"timestamp":1608890804,"path_taken":["M","M","?","M","M","E","M","E","T","R","?","R","?","M","R","BOSS","M","?","?","$","M","E","R","M","T","$","E","R","?","E","R","BOSS","M","M","M","M","?","R","E","?","T","R","E","R","M","E","R","BOSS"],"items_purchased_type":["Relic","Relic","Card","Relic"],"build_version":"2020-12-22","purchased_purges":2,"victory":true,"max_hp_per_floor":[75,75,75,75,75,75,75,75,75,75,75,75,75,75,75,75,75,75,75,75,75,75,75,75,75,75,75,75,75,75,75,75,75,75,75,75,75,75,75,75,75,75,75,75,75,75,75,75,75,75],"relic_stats":{"counters":[27,113],"CeramicFish":90,"Gambling Chip":[3],"PreservedInsect":321,"Smiling Mask":40,"obtain_stats":[{"Potion Belt":28,"Girya":39,"Lantern":42,"CeramicFish":23,"Oddly Smooth Stone":27,"Velvet Choker":34,"The Courier":9,"PreservedInsect":31,"Omamori":43,"Smiling Mask":8,"aspiration:HiddenCompartment":13,"Akabeko":21,"hermit:RyeStalk":21,"Anchor":26,"Gambling Chip":45,"Molten Egg 2":3,"aspiration:RitualDagger":17,"Bottled Lightning":41,"hermit:Momento":0,"FossilizedHelix":6,"Meat on the Bone":48},{"Potion Belt":15,"Girya":22,"Lantern":23,"CeramicFish":13,"Oddly Smooth Stone":14,"Velvet Choker":17,"The Courier":7,"PreservedInsect":16,"Omamori":23,"Smiling Mask":7,"aspiration:HiddenCompartment":7,"Akabeko":11,"hermit:RyeStalk":11,"Anchor":14,"Gambling Chip":24,"Molten Egg 2":2,"aspiration:RitualDagger":9,"Bottled Lightning":23,"hermit:Momento":0,"FossilizedHelix":5,"Meat on the Bone":26},{"Potion Belt":58,"Girya":89,"Lantern":95,"CeramicFish":51,"Oddly Smooth Stone":54,"Velvet Choker":71,"The Courier":25,"PreservedInsect":62,"Omamori":95,"Smiling Mask":25,"aspiration:HiddenCompartment":25,"Akabeko":44,"hermit:RyeStalk":44,"Anchor":54,"Gambling Chip":99,"Molten Egg 2":5,"aspiration:RitualDagger":36,"Bottled Lightning":95,"hermit:Momento":0,"FossilizedHelix":18,"Meat on the Bone":107}],"Meat on the Bone":12},"card_choices":[{"not_picked":["Enlightenment","Madness"],"picked":"Dramatic Entrance","floor":0},{"not_picked":["hermit:Quickdraw","hermit:Glare"],"picked":"hermit:Midnight","floor":1},{"not_picked":["hermit:DeadMansHand","hermit:CalledShot"],"picked":"hermit:BodyArmor","floor":2},{"not_picked":["hermit:Quickdraw+1","hermit:Snipe"],"picked":"hermit:PistolWhip+1","floor":4},{"not_picked":["hermit:FullyLoaded","hermit:TakeAim"],"picked":"hermit:TrackingShot+1","floor":5},{"not_picked":["hermit:EyeOfTheStorm","hermit:BodyArmor"],"picked":"hermit:GoldenBullet+1","floor":6},{"not_picked":["hermit:FlashPowder","hermit:Glare"],"picked":"hermit:Enervate+1","floor":7},{"not_picked":["hermit:Gambit","hermit:Dive"],"picked":"hermit:RoundhouseKick+1","floor":8},{"not_picked":["hermit:Headshot+1","hermit:Dive"],"picked":"hermit:CursedWeapon+1","floor":14},{"not_picked":["hermit:Purgatory+1","hermit:Dissolve"],"picked":"hermit:Adapt","floor":16},{"not_picked":["hermit:HoleUp","hermit:TrackingShot+1"],"picked":"hermit:CalledShot+1","floor":18},{"not_picked":["hermit:HighCaliber+1","hermit:BodyArmor","hermit:Headshot+1"],"picked":"SKIP","floor":20},{"not_picked":["hermit:Malice+1","hermit:HoleUp+1"],"picked":"hermit:CalledShot+1","floor":22},{"not_picked":["hermit:TrackingShot+1","hermit:Dive"],"picked":"hermit:PistolWhip+1","floor":23},{"not_picked":["hermit:Vantage","hermit:ItchyTrigger+1"],"picked":"hermit:Midnight","floor":25},{"not_picked":["hermit:CalledShot+1","hermit:Snipe"],"picked":"hermit:HeroicBravado","floor":28},{"not_picked":["hermit:Dive","hermit:Headshot+1"],"picked":"hermit:BigShot","floor":31},{"not_picked":["hermit:DeadOrAlive+1","hermit:Dissolve"],"picked":"hermit:FromBeyond","floor":33},{"not_picked":["hermit:Ricochet+1","hermit:Headshot+1","hermit:Snipe"],"picked":"SKIP","floor":35},{"not_picked":["hermit:Vantage","hermit:Manifest","hermit:ItchyTrigger+1"],"picked":"SKIP","floor":36},{"not_picked":["hermit:HoleUp+1","hermit:CursedWeapon+1"],"picked":"hermit:RoundhouseKick+1","floor":37},{"not_picked":["hermit:Coalescence+1","hermit:FullyLoaded+1","hermit:TrackingShot+1"],"picked":"SKIP","floor":38},{"not_picked":["hermit:Enervate+1","hermit:CursedWeapon+1"],"picked":"hermit:LuckOfTheDraw","floor":41},{"not_picked":["hermit:LoneWolf+1","hermit:NoHoldsBarred+1"],"picked":"hermit:PistolWhip+1","floor":45},{"not_picked":["hermit:HighCaliber+1","hermit:SprayPray+1"],"picked":"hermit:PistolWhip+1","floor":47},{"not_picked":["hermit:ShadowCloak","hermit:HighCaliber+1","hermit:Manifest"],"picked":"SKIP","floor":48}],"player_experience":919764,"relics_obtained":[{"floor":6,"key":"FossilizedHelix"},{"floor":8,"key":"Smiling Mask"},{"floor":9,"key":"The Courier"},{"floor":13,"key":"aspiration:HiddenCompartment"},{"floor":23,"key":"CeramicFish"},{"floor":26,"key":"Anchor"},{"floor":28,"key":"Potion Belt"},{"floor":31,"key":"PreservedInsect"},{"floor":39,"key":"Girya"},{"floor":41,"key":"Bottled Lightning"},{"floor":42,"key":"Lantern"},{"floor":43,"key":"Omamori"},{"floor":45,"key":"Gambling Chip"},{"floor":48,"key":"Meat on the Bone"}],"event_choices":[{"damage_healed":0,"gold_gain":75,"player_choice":"Gold","damage_taken":11,"max_hp_gain":0,"max_hp_loss":0,"event_name":"betterThird:BetterGoop","floor":11,"gold_loss":0},{"damage_healed":36,"gold_gain":0,"player_choice":"Full Heal","damage_taken":0,"max_hp_gain":0,"max_hp_loss":0,"event_name":"Wheel of Change","floor":19,"gold_loss":0},{"damage_healed":0,"gold_gain":0,"player_choice":"Obtain J.A.X.","damage_taken":0,"max_hp_gain":0,"max_hp_loss":0,"event_name":"Drug Dealer","floor":30,"gold_loss":0,"cards_obtained":["J.A.X."]},{"damage_healed":0,"gold_gain":0,"player_choice":"Fight","damage_taken":0,"max_hp_gain":0,"max_hp_loss":0,"event_name":"Mysterious Sphere","floor":39,"gold_loss":0}],"is_beta":false,"boss_relics":[{"not_picked":["Busted Crown","Runic Dome"],"picked":"aspiration:RitualDagger"},{"not_picked":["Astrolabe","aspiration:WatcherSkillbook"],"picked":"Velvet Choker"}],"items_purged_floors":[21,27],"is_endless":false,"potions_floor_spawned":[4,5,14,16,23,25,33,35,37,47,48],"ascension_level":10}}