{"host":"7yxt37kap0q16lk4","time":1608930732,"event":{"mods":["2.2 Compatiblity","Act Like it!","BaseMod","Better Third Choice","Better-Laid Plans","Colored Map","Custom Start","Highlight Path","Keyboard Shortcuts","Minty Spire (QoL Compilation)","Quick Restart","Rare Cards Sparkle","Relic Stats","Shop Mod","Slay the Relics Exporter","StSLib","SuperFastMode"],"gold_per_floor":[118,118,118,134,158,158,182,226,275,345,358,358,402,417,417,510,510,523,523,523,523,448,495,495,420,420,453,805,830,830,873,873,980,980,1014,431,449,449,258,258,308,323,323,341,341,374,389,441,441,441,441,441,441,91,141,141],"floor_reached":57,"playtime":2292,"items_purged":["Strike_G","Strike_G","Strike_G","Cloak And Dagger"],"score":3135,"play_id":"0641cc26-808d-4f83-ade4-660e8dfd372c","local_time":"20201226061212","is_ascension_mode":true,"campfire_choices":[{"data":"Apotheosis","floor":6.0,"key":"SMITH"},{"floor":12.0,"key":"REST"},{"floor":15.0,"key":"RECALL"},{"floor":24.0,"key":"REST"},{"floor":30,"key":"REST"},{"floor":32,"key":"REST"},{"data":"Acrobatics","floor":40,"key":"SMITH"},{"data":"Acrobatics","floor":49,"key":"SMITH"},{"floor":53,"key":"REST"}],"circlet_count":0,"master_deck":["AscendersBane","Defend_G","Defend_G","Defend_G","Defend_G","Defend_G","Survivor","Neutralize","Venomology","Flying Knee","Apotheosis+1","Backflip","Terror","Bouncing Flask","Noxious Fumes","Tactician","Well Laid Plans","Night Terror","Crippling Poison+1","Acrobatics+1","Backflip","Footwork","Grand Finale","Acrobatics+1","Reflex","Blur+1","Burst","After Image","Panacea","Prepared","Noxious Fumes"],"relics":["Ring of the Snake","Golden Idol","Letter Opener","Lantern","PreservedInsect","Happy Flower","Black Star","Enchiridion","CeramicFish","Question Card","Pocketwatch","Old Coin","TungstenRod","Shuriken","Gambling Chip","HoveringKite","Bird Faced Urn","TheAbacus","WingedGreaves","Sundial","Paper Crane","Blue Candle","Prayer Wheel","Boot","Pear","Bottled Lightning"],"acts_visited":["Exordium","TheCity","TheBeyond","TheEnding"],"potions_floor_usage":[29,31,33,33,35,41,42,44,46,47,47,48,50,51,51,51,56,56,56],"damage_taken":[{"damage":10.0,"enemies":"Small Slimes","floor":1.0,"turns":3.0},{"damage":0.0,"enemies":"2 Louse","floor":4.0,"turns":4.0},{"damage":1.0,"enemies":"Jaw Worm","floor":5.0,"turns":4.0},{"damage":10.0,"enemies":"Large Slime","floor":7.0,"turns":5.0},{"damage":18.0,"enemies":"3 Sentries","floor":8.0,"turns":12.0},{"damage":1.0,"enemies":"Lagavulin Event","floor":10.0,"turns":5.0},{"damage":1.0,"enemies":"Blue Slaver","floor":11.0,"turns":4.0},{"damage":9.0,"enemies":"Lagavulin","floor":13.0,"turns":3.0},{"damage":12.0,"enemies":"Exordium Wildlife","floor":14.0,"turns":3.0},{"damage":0.0,"enemies":"The Guardian","floor":16.0,"turns":8.0},{"damage":4.0,"enemies":"3 Byrds","floor":18.0,"turns":4.0},{"damage":9.0,"enemies":"Gremlin Leader","floor":23.0,"turns":7.0},{"damage":29.0,"enemies":"2 Thieves","floor":27.0,"turns":4.0},{"damage":32.0,"enemies":"Slavers","floor":28.0,"turns":3.0},{"damage":0,"enemies":"Centurion and Healer","floor":29,"turns":5},{"damage":0,"enemies":"Gremlin Leader","floor":31,"turns":4},{"damage":20,"enemies":"Automaton","floor":33,"turns":10},{"damage":0,"enemies":"3 Darklings","floor":35,"turns":4},{"damage":0,"enemies":"Orb Walker","floor":37,"turns":2},{"damage":0,"enemies":"Giant Head","floor":41,"turns":2},{"damage":0,"enemies":"Jaw Worm Horde","floor":42,"turns":3},{"damage":0,"enemies":"3 Darklings","floor":44,"turns":4},{"damage":5,"enemies":"Maw","floor":46,"turns":7},{"damage":7,"enemies":"Transient","floor":47,"turns":6},{"damage":0,"enemies":"Reptomancer","floor":48,"turns":5},{"damage":30,"enemies":"Time Eater","floor":50,"turns":7},{"damage":20,"enemies":"Awakened One","floor":51,"turns":14},{"damage":0,"enemies":"Shield and Spear","floor":55,"turns":2},{"damage":3,"enemies":"The Heart","floor":56,"turns":8}],"seed_played":"-9212186218729769041","potions_obtained":[{"floor":8.0,"key":"Fire Potion"},{"floor":16.0,"key":"SneckoOil"},{"floor":18.0,"key":"SpeedPotion"},{"floor":27.0,"key":"Explosive Potion"},{"floor":29,"key":"Block Potion"},{"floor":45,"key":"ColorlessPotion"},{"floor":55,"key":"DistilledChaos"}],"is_trial":false,"path_per_floor":["M","?","?","M","M","R","M","E","T","?","M","R","E","M","R","B",null,"M","?","?","T","?","E","R","$","T","M","E","M","R","E","R","B",null,"M","$","M","?","$","R","E","M","T","M","?","M","M","E","R","B","B",null,"R","$","E","B",null],"character_chosen":"THE_SILENT","items_purchased":["Bird Faced Urn","TheAbacus","Reflex","Panacea","SpeedPotion","Prepared"],"campfire_rested":5,"item_purchase_floors":[36,36,39,54,54,54],"current_hp_per_floor":[49,49,49,49,48,48,38,20,20,19,18,36,27,15,15,15,49,45,45,24,24,24,15,33,33,33,4,2,2,20,20,38,18,50,50,50,56,56,56,56,60,60,60,60,60,59,57,60,60,34,24,51,60,60,70,67],"gold":141,"neow_bonus":"ONE_RANDOM_RARE_CARD","is_daily":false,"chose_seed":false,"campfire_upgraded":3,"win_rate":0.0,"timestamp":1608930732,"path_taken":["M","?","?","M","M","R","M","E","T","?","M","R","E","M","R","BOSS","M","?","?","?","?","E","R","$","T","M","E","?","R","E","R","BOSS","M","$","M","?","$","R","E","?","T","M","?","M","?","E","R","BOSS","BOSS","R","$","E","BOSS"],"items_purchased_type":["Relic","Relic","Card","Card","Potion","Card"],"build_version":"2020-12-22","purchased_purges":4,"victory":true,"max_hp_per_floor":[66,66,60,60,60,60,60,60,60,60,60,60,60,60,60,60,60,60,60,60,60,60,60,60,60,60,60,60,60,60,60,60,60,60,60,60,60,60,60,60,60,60,60,60,60,60,60,60,60,60,60,60,60,60,70,70],"relic_stats":{"Happy Flower":[37],"counters":[29,152],"Golden Idol":239,"CeramicFish":117,"Blue Candle":[1],"HoveringKite":[41],"PreservedInsect":436,"Letter Opener":[795],"Question Card":14,"Boot":[3],"TheAbacus":[162],"Shuriken":[21],"Sundial":[16],"Gambling Chip":[67],"Bird Faced Urn":[36],"Prayer Wheel":0,"Black Star":6,"obtain_stats":[{"Lantern":9,"CeramicFish":23,"Enchiridion":20,"HoveringKite":34,"Boot":39,"Old Coin":28,"TheAbacus":36,"Sundial":41,"Gambling Chip":31,"Prayer Wheel":48,"WingedGreaves":39,"Ring of the Snake":0,"Pear":55,"Happy Flower":13,"Golden Idol":3,"Blue Candle":43,"PreservedInsect":10,"Letter Opener":8,"Paper Crane":41,"Question Card":23,"Shuriken":31,"Bird Faced Urn":36,"Black Star":17,"Bottled Lightning":55,"TungstenRod":28,"Pocketwatch":26},{"Lantern":5,"CeramicFish":12,"Enchiridion":11,"HoveringKite":17,"Boot":19,"Old Coin":14,"TheAbacus":18,"Sundial":20,"Gambling Chip":16,"Prayer Wheel":25,"WingedGreaves":19,"Ring of the Snake":0,"Pear":28,"Happy Flower":8,"Golden Idol":1,"Blue Candle":21,"PreservedInsect":6,"Letter Opener":5,"Paper Crane":20,"Question Card":12,"Shuriken":16,"Bird Faced Urn":18,"Black Star":10,"Bottled Lightning":28,"TungstenRod":14,"Pocketwatch":12},{"Lantern":28,"CeramicFish":62,"Enchiridion":55,"HoveringKite":88,"Boot":94,"Old Coin":69,"TheAbacus":92,"Sundial":96,"Gambling Chip":78,"Prayer Wheel":121,"WingedGreaves":94,"Ring of the Snake":0,"Pear":144,"Happy Flower":40,"Golden Idol":3,"Blue Candle":99,"PreservedInsect":33,"Letter Opener":28,"Paper Crane":96,"Question Card":62,"Shuriken":78,"Bird Faced Urn":92,"Black Star":51,"Bottled Lightning":144,"TungstenRod":69,"Pocketwatch":62}],"TungstenRod":20,"Ring of the Snake":[58],"Pocketwatch":[25]},"card_choices":[{"not_picked":["Slice","Endless Agony"],"picked":"Flying Knee","floor":1.0},{"not_picked":["Quick Slash","Prepared"],"picked":"Backflip","floor":4.0},{"not_picked":["Riddle With Holes","Setup"],"picked":"Cloak And Dagger","floor":5.0},{"not_picked":["Endless Agony","Deflect"],"picked":"Terror","floor":7.0},{"not_picked":["Expertise","Acrobatics"],"picked":"Bouncing Flask","floor":8.0},{"not_picked":["Slice","Prepared"],"picked":"Noxious Fumes","floor":10.0},{"not_picked":["Finisher","Reflex"],"picked":"Tactician","floor":11.0},{"not_picked":["Tools of the Trade","Sucker Punch","Slice"],"picked":"SKIP","floor":13.0},{"not_picked":["PiercingWail","Quick Slash"],"picked":"Well Laid Plans","floor":14.0},{"not_picked":["Tools of the Trade","Storm of Steel"],"picked":"Night Terror","floor":16.0},{"not_picked":["Heel Hook","Slice","Masterful Stab+1"],"picked":"SKIP","floor":18.0},{"not_picked":["Outmaneuver","Noxious Fumes"],"picked":"Crippling Poison+1","floor":23.0},{"not_picked":["PiercingWail","Escape Plan","Poisoned Stab"],"picked":"Acrobatics","floor":27.0},{"not_picked":["Prepared","Tools of the Trade","Poisoned Stab"],"picked":"Backflip","floor":28.0},{"not_picked":["Cloak And Dagger","Blur","All Out Attack"],"picked":"Footwork","floor":29},{"not_picked":["Dodge and Roll+1","Bane","Poisoned Stab+1","Choke"],"picked":"SKIP","floor":31},{"not_picked":["Malaise","Phantasmal Killer","Doppelganger"],"picked":"Grand Finale","floor":33},{"not_picked":["Prepared","Deflect+1","Cloak And Dagger"],"picked":"Acrobatics","floor":35},{"not_picked":["Eviscerate","Slice","Dodge and Roll","Infinite Blades"],"picked":"SKIP","floor":37},{"not_picked":["PiercingWail","Leg Sweep","Quick Slash+1"],"picked":"Blur+1","floor":41},{"not_picked":["Dagger Throw","Escape Plan+1","Sucker Punch","Dodge and Roll+1"],"picked":"SKIP","floor":42},{"not_picked":["Skewer+1","Finisher+1","Prepared","Dagger Spray"],"picked":"SKIP","floor":44},{"not_picked":["Distraction+1","Quick Slash","Riddle With Holes"],"picked":"Burst","floor":46},{"not_picked":["Skewer","Underhanded Strike","Cloak And Dagger+1","Dagger Throw+1"],"picked":"SKIP","floor":47},{"not_picked":["Blur","Endless Agony","Cloak And Dagger+1"],"picked":"After Image","floor":48},{"not_picked":["Bouncing Flask","Accuracy","Backstab"],"picked":"Noxious Fumes","floor":55}],"player_experience":1026087,"relics_obtained":[{"floor":8.0,"key":"Letter Opener"},{"floor":9.0,"key":"Lantern"},{"floor":10.0,"key":"PreservedInsect"},{"floor":13.0,"key":"Happy Flower"},{"floor":20.0,"key":"Enchiridion"},{"floor":23.0,"key":"CeramicFish"},{"floor":23.0,"key":"Question Card"},{"floor":26.0,"key":"Pocketwatch"},{"floor":28.0,"key":"Old Coin"},{"floor":28.0,"key":"TungstenRod"},{"floor":31,"key":"Shuriken"},{"floor":31,"key":"Gambling Chip"},{"floor":41,"key":"Sundial"},{"floor":41,"key":"Paper Crane"},{"floor":43,"key":"Blue Candle"},{"floor":48,"key":"Prayer Wheel"},{"floor":48,"key":"Boot"},{"floor":55,"key":"Pear"},{"floor":55,"key":"Bottled Lightning"}],"event_choices":[{"damage_healed":49.0,"max_hp_gain":0.0,"max_hp_loss":66.0,"gold_gain":0.0,"event_name":"betterThird:BetterShining","player_choice":"Embrace","floor":2.0,"gold_loss":0.0,"damage_taken":0.0},{"damage_healed":0.0,"max_hp_gain":0.0,"max_hp_loss":6.0,"gold_gain":0.0,"event_name":"Golden Idol","player_choice":"Lose Max HP","floor":3.0,"gold_loss":0.0,"damage_taken":0.0,"relics_obtained":["Golden Idol"]},{"damage_healed":0.0,"max_hp_gain":0.0,"max_hp_loss":0.0,"gold_gain":0.0,"event_name":"Dead Adventurer","player_choice":"Searched \u00272\u0027 times","floor":10.0,"gold_loss":0.0,"damage_taken":0.0},{"damage_healed":0.0,"max_hp_gain":0.0,"max_hp_loss":0.0,"gold_gain":0.0,"event_name":"Ghosts","player_choice":"Ignored","floor":19.0,"gold_loss":0.0,"damage_taken":0.0},{"damage_healed":0.0,"max_hp_gain":0.0,"max_hp_loss":0.0,"gold_gain":0.0,"event_name":"Cursed Tome","player_choice":"Obtained Book","floor":20.0,"gold_loss":0.0,"damage_taken":21.0},{"cards_removed":["Strike_G"],"damage_healed":0.0,"max_hp_gain":0.0,"max_hp_loss":0.0,"gold_gain":0.0,"event_name":"Beggar","player_choice":"Gave Gold","floor":22.0,"gold_loss":75.0,"damage_taken":0.0},{"cards_removed":["Strike_G"],"damage_healed":0,"gold_gain":0,"player_choice":"Purged","damage_taken":0,"max_hp_gain":0,"max_hp_loss":0,"event_name":"Purifier","floor":38,"gold_loss":0},{"damage_healed":0,"gold_gain":0,"player_choice":"Got Potions","damage_taken":0,"max_hp_gain":0,"max_hp_loss":0,"event_name":"Lab","floor":45,"gold_loss":0}],"is_beta":false,"boss_relics":[{"not_picked":["Runic Dome","Calling Bell"],"picked":"Black Star"},{"not_picked":["Fusion Hammer","Snecko Eye"],"picked":"HoveringKite"}],"items_purged_floors":[25,36,39,54],"is_endless":false,"potions_floor_spawned":[5,7,8,13,14,16,18,27,29,37,42,46,47,55],"ascension_level":20}}