{"host":"pg2biz4zy3df4ctj","time":1608930119,"event":{"mods":["BaseMod","Minty Spire (QoL Compilation)","Quick Restart","Random Character Button"],"gold_per_floor":[109,122,122,122,22,50,50,50,132,166,178,78,96,115,115,187,187,206,206,222,222,235,235,235,235],"floor_reached":24,"playtime":922,"items_purged":["Strike_B","Strike_B"],"score":381,"play_id":"79642664-f353-4a11-a1f1-541fcbac4d93","local_time":"20201225130159","is_ascension_mode":true,"campfire_choices":[{"data":"Dualcast","floor":7,"key":"SMITH"},{"data":"Streamline","floor":15,"key":"SMITH"}],"circlet_count":0,"master_deck":["AscendersBane","Strike_B","Strike_B+1","Defend_B","Defend_B","Defend_B+1","Defend_B","Zap+1","Dualcast+1","Sweeping Beam","Gash","Auto Shields","Streamline+1","Reinforced Body","Cold Snap","Buffer","Gash"],"relics":["Cracked Core","NeowsBlessing","Gambling Chip","Meat on the Bone","Mercury Hourglass","Blood Vial","Coffee Dripper","Nilry\u0027s Codex","Bronze Scales"],"acts_visited":["Exordium","TheCity"],"potions_floor_usage":[10],"damage_taken":[{"damage":0,"enemies":"Jaw Worm","floor":1,"turns":1},{"damage":0,"enemies":"2 Louse","floor":2,"turns":1},{"damage":0,"enemies":"3 Sentries","floor":6,"turns":1},{"damage":13,"enemies":"Lagavulin","floor":10,"turns":5},{"damage":0,"enemies":"Cultist","floor":11,"turns":2},{"damage":1,"enemies":"2 Fungi Beasts","floor":13,"turns":2},{"damage":0,"enemies":"Blue Slaver","floor":14,"turns":3},{"damage":11,"enemies":"The Guardian","floor":16,"turns":11},{"damage":0,"enemies":"Chosen","floor":18,"turns":4},{"damage":0,"enemies":"Spheric Guardian","floor":20,"turns":3},{"damage":0,"enemies":"3 Cultists","floor":22,"turns":4},{"damage":66,"enemies":"Gremlin Leader","floor":24,"turns":7}],"seed_played":"-1300557615052810287","potions_obtained":[{"floor":2,"key":"AttackPotion"},{"floor":6,"key":"FearPotion"},{"floor":13,"key":"PotionOfCapacity"},{"floor":14,"key":"EssenceOfSteel"},{"floor":16,"key":"Ancient Potion"},{"floor":22,"key":"FocusPotion"}],"is_trial":false,"path_per_floor":["M","M","?","?","$","E","R","T","T","E","M","$","M","M","R","B",null,"M","?","M","?","M","?","E"],"character_chosen":"DEFECT","items_purchased":["Gash"],"campfire_rested":0,"item_purchase_floors":[5],"current_hp_per_floor":[68,68,68,53,53,53,53,53,53,40,42,42,43,45,45,48,68,70,54,56,56,58,58,0,0],"gold":235,"neow_bonus":"THREE_ENEMY_KILL","is_daily":false,"chose_seed":false,"campfire_upgraded":2,"win_rate":0.0,"timestamp":1608930119,"path_taken":["M","M","?","?","$","E","R","?","T","E","M","?","M","?","R","BOSS","M","?","M","?","M","?","E"],"items_purchased_type":["Card"],"build_version":"2020-12-22","purchased_purges":2,"victory":false,"max_hp_per_floor":[75,75,75,75,75,75,75,75,75,75,75,75,75,75,75,75,75,75,75,75,75,75,75,75,75],"card_choices":[{"not_picked":["Redo","Reprogram","Rebound"],"picked":"SKIP","floor":1},{"not_picked":["Compile Driver","Leap"],"picked":"Sweeping Beam","floor":2},{"not_picked":["Fusion","Conserve Battery"],"picked":"Auto Shields","floor":6},{"not_picked":["Rebound","Creative AI"],"picked":"Streamline","floor":10},{"not_picked":["Go for the Eyes","Hologram","Beam Cell"],"picked":"SKIP","floor":11},{"not_picked":["Turbo","Redo"],"picked":"Reinforced Body","floor":13},{"not_picked":["Leap","Reinforced Body"],"picked":"Cold Snap","floor":14},{"not_picked":["Rainbow","Fission"],"picked":"Buffer","floor":16},{"not_picked":["Hologram","Rebound","White Noise"],"picked":"SKIP","floor":18},{"not_picked":["Sweeping Beam","Loop"],"picked":"Gash","floor":20},{"not_picked":["Turbo","Sweeping Beam","Static Discharge"],"picked":"SKIP","floor":22}],"player_experience":574294,"relics_obtained":[{"floor":6,"key":"Gambling Chip"},{"floor":8,"key":"Meat on the Bone"},{"floor":9,"key":"Mercury Hourglass"},{"floor":10,"key":"Blood Vial"},{"floor":19,"key":"Nilry\u0027s Codex"}],"event_choices":[{"damage_healed":0,"gold_gain":0,"player_choice":"Grow","damage_taken":0,"max_hp_gain":0,"max_hp_loss":0,"event_name":"Living Wall","floor":3,"gold_loss":0,"cards_upgraded":["Zap"]},{"damage_healed":0,"gold_gain":0,"player_choice":"Entered Light","damage_taken":15,"max_hp_gain":0,"max_hp_loss":0,"event_name":"Shining Light","floor":4,"gold_loss":0,"cards_upgraded":["Strike_B","Defend_B"]},{"damage_healed":0,"gold_gain":0,"player_choice":"Obtained Book","damage_taken":16,"max_hp_gain":0,"max_hp_loss":0,"event_name":"Cursed Tome","floor":19,"gold_loss":0},{"damage_healed":0,"gold_gain":0,"player_choice":"Opened","damage_taken":0,"relics_obtained":["Bronze Scales"],"max_hp_gain":0,"max_hp_loss":0,"event_name":"The Mausoleum","floor":21,"gold_loss":0},{"damage_healed":0,"gold_gain":0,"player_choice":"Ignored","damage_taken":0,"max_hp_gain":0,"max_hp_loss":0,"event_name":"Vampires","floor":23,"gold_loss":0}],"is_beta":false,"boss_relics":[{"not_picked":["Ectoplasm","Pandora\u0027s Box"],"picked":"Coffee Dripper"}],"items_purged_floors":[5,12],"is_endless":false,"potions_floor_spawned":[2,6,13,14,16,22],"killed_by":"Gremlin Leader","ascension_level":13}}