{"host":"922zt4fjsmmy4kg9","time":1608861776,"event":{"mods":["A Magickal Journey","Act Like it!","BaseMod","Better Third Choice","Downfall","Friendly Minions","Hermit","HololiveMod","Hubris","Jorbs\u0027s Wanderer Trilogy","Kiyohime????","Koishi","Marisa????????","Minty Spire (QoL Compilation)","Quick Restart","Reimu??????","Shop Mod","Spicy Shops","StSLib","SuperFastMode","The Animator","The Disciple","The Runesmith"],"gold_per_floor":[99,111,111,123,51,80,80,106,134,162,162,196,196,227,253,253,253],"floor_reached":16,"playtime":706,"items_purged":[],"score":208,"play_id":"521b2838-fa5f-46ad-96ee-5f47c06ec277","local_time":"20201225130256","is_ascension_mode":true,"campfire_choices":[{"data":"animator:IrohaTamaki","floor":1.0,"key":"SMITH"},{"floor":11,"key":"REST"},{"data":"animator:Caster","floor":13,"key":"SMITH"}],"circlet_count":0,"master_deck":["AscendersBane","animator:Strike_MadokaMagica","animator:Defend_MadokaMagica","animator:Strike","animator:Strike","animator:Strike","animator:Defend","animator:Defend","animator:IrohaTamaki+1","animator:YuiTsuruno","animator:YachiyoNanami","animator:YaoHaDucy","animator:YuiTsuruno","animator:SuzuneAmano","animator:Envy","animator:Caster+1","animator:YuiTsuruno","animator:CrowleyEusford","animator:OrikoMikuni"],"relics":["animator:LivingPicture","animator:TheMissingPiece","downfall:HeartsMalice","DataDisk","Singing Bowl","Red Skull","Tiny Chest","PreservedInsect","Juzu Bracelet","Happy Flower"],"acts_visited":["Exordium"],"potions_floor_usage":[9,10,12],"damage_taken":[{"damage":0.0,"enemies":"Cultist","floor":2.0,"turns":1.0},{"damage":0.0,"enemies":"2 Louse","floor":4.0,"turns":1.0},{"damage":0.0,"enemies":"downfall:FleeingMerchant","floor":5.0,"turns":1.0},{"damage":29,"enemies":"3 Sentries","floor":6,"turns":9},{"damage":20,"enemies":"Gremlin Nob","floor":8,"turns":4},{"damage":0,"enemies":"Jaw Worm","floor":9,"turns":3},{"damage":6,"enemies":"3 Sentries","floor":10,"turns":6},{"damage":6,"enemies":"Lagavulin","floor":12,"turns":4},{"damage":7,"enemies":"Gremlin Nob","floor":14,"turns":3},{"damage":3,"enemies":"2 Fungi Beasts","floor":15,"turns":3},{"damage":12,"enemies":"downfall:Silent","floor":16,"turns":2}],"seed_played":"1529528606644990252","potions_obtained":[{"floor":6,"key":"SkillPotion"},{"floor":8,"key":"hexamod:EctoCoolerPotion"},{"floor":10,"key":"Fire Potion"},{"floor":15,"key":"Guardian:BlockOnCardUsePotion"}],"is_trial":false,"path_per_floor":["R","M","?","M","$","E","T","E","M","E","R","E","R","E","M","B"],"character_chosen":"THE_ANIMATOR","items_purchased":["DataDisk"],"campfire_rested":1,"item_purchase_floors":[5],"current_hp_per_floor":[59,59,59,59,59,31,31,11,11,7,27,21,21,14,11,0,0],"gold":253,"neow_bonus":"THREE_ENEMY_KILL","is_daily":false,"chose_seed":false,"campfire_upgraded":2,"win_rate":0.0,"timestamp":1608861776,"path_taken":["R","M","?","?","$","E","T","E","?","E","R","E","R","E","M","BOSS"],"items_purchased_type":["Relic"],"build_version":"2020-12-22","purchased_purges":0,"victory":false,"max_hp_per_floor":[66,66,66,66,66,67,67,67,67,69,69,69,69,69,69,69,69],"card_choices":[{"not_picked":["animator:HiiragiShinya","animator:Tatsumaki"],"picked":"animator:YachiyoNanami","floor":2.0},{"not_picked":["animator:Assassin","animator:IrohaTamaki"],"picked":"animator:YaoHaDucy","floor":4.0},{"not_picked":["animator:ElricAlphonse","animator:TukaLunaMarceau"],"picked":"animator:YuiTsuruno","floor":5.0},{"not_picked":["animator:OrikoMikuni","animator:YuiTsuruno"],"picked":"animator:SuzuneAmano","floor":6},{"not_picked":["animator:Tyuule","animator:FeridBathory"],"picked":"animator:Envy","floor":8},{"not_picked":["animator:Alexander","animator:Sloth"],"picked":"animator:Caster","floor":9},{"not_picked":["animator:ZankiKiguchi","animator:Genos","animator:Rider"],"picked":"Singing Bowl","floor":10},{"not_picked":["animator:SuzuneAmano","animator:OrikoMikuni"],"picked":"animator:YuiTsuruno","floor":12},{"not_picked":["animator:Bozes","animator:Sloth"],"picked":"animator:CrowleyEusford","floor":14},{"not_picked":["animator:Caster","animator:Sloth"],"picked":"animator:OrikoMikuni","floor":15}],"player_experience":1305634,"relics_obtained":[{"floor":6,"key":"Singing Bowl"},{"floor":7,"key":"Red Skull"},{"floor":8,"key":"Tiny Chest"},{"floor":10,"key":"PreservedInsect"},{"floor":12,"key":"Juzu Bracelet"},{"floor":14,"key":"Happy Flower"}],"event_choices":[{"cards_removed":["animator:Defend"],"damage_healed":0.0,"max_hp_gain":0.0,"max_hp_loss":0.0,"gold_gain":0.0,"event_name":"Purifier","player_choice":"Purged","floor":3.0,"gold_loss":0.0,"damage_taken":0.0}],"is_beta":false,"boss_relics":[],"items_purged_floors":[],"is_endless":false,"potions_floor_spawned":[6,8,10,15],"killed_by":"downfall:Silent","ascension_level":11}}