{"host":"uwh382mre4waz4ff","time":1608903980,"event":{"mods":["AchievementEnabler","BaseMod","Better Note","Better Third Choice","BetterRewards","Minty Spire (QoL Compilation)","StSLib"],"gold_per_floor":[117,127,141,151,168,168,168,168,468,468,96,113,125,144,144,246,246,259,272,272,272,292,292,319,319,343,117,148,148,161,193,193,292,292,308,308,323,340,356,391,391,410,410,67,67,96,108,138,138,138,138,138,38,67,67],"floor_reached":56,"playtime":5741,"items_purged":["Strike_G","Strike_G","Strike_G"],"score":1841,"play_id":"7fc3231f-2c33-43cb-a60c-1326a67f018e","local_time":"20201225214619","is_ascension_mode":false,"campfire_choices":[{"data":"Apotheosis","floor":6,"key":"SMITH"},{"data":"Noxious Fumes","floor":8,"key":"SMITH"},{"floor":10,"key":"REST"},{"data":"Noxious Fumes","floor":15,"key":"SMITH"},{"data":"After Image","floor":23,"key":"SMITH"},{"data":"Calculated Gamble","floor":25,"key":"SMITH"},{"floor":32,"key":"REST"},{"floor":41,"key":"RECALL"},{"data":"Adrenaline","floor":49,"key":"SMITH"},{"data":"Tools of the Trade","floor":52,"key":"SMITH"}],"circlet_count":0,"master_deck":["Strike_G","Defend_G","Defend_G","Defend_G","Defend_G","Defend_G","Survivor","Neutralize","Apotheosis+1","Noxious Fumes+1","Prepared","Catalyst","Prepared","Prepared","Envenom","Calculated Gamble+1","Noxious Fumes+1","After Image+1","Noxious Fumes+1","Prepared","Noxious Fumes+1","Backflip","Blur","Backflip","Catalyst","Burst","Backflip+1","Reflex+1","Catalyst","Adrenaline+1","Tools of the Trade+1"],"relics":["Ring of the Snake","Ginger","Tingsha","Old Coin","Bronze Scales","Runic Dome","Ice Cream","InkBottle","StoneCalendar","Coffee Dripper","Anchor","Regal Pillow","Lantern","Question Card","Lizard Tail","Oddly Smooth Stone","Shuriken"],"acts_visited":["Exordium","TheCity","TheBeyond","TheEnding"],"potions_floor_usage":[0,5,16,31,33,38,46,50,55,55],"damage_taken":[{"damage":0,"enemies":"2 Louse","floor":1,"turns":4},{"damage":0,"enemies":"Cultist","floor":2,"turns":4},{"damage":0,"enemies":"Small Slimes","floor":3,"turns":3},{"damage":6,"enemies":"2 Fungi Beasts","floor":4,"turns":4},{"damage":26,"enemies":"Gremlin Gang","floor":5,"turns":4},{"damage":8,"enemies":"Large Slime","floor":12,"turns":3},{"damage":5,"enemies":"Exordium Thugs","floor":13,"turns":4},{"damage":2,"enemies":"3 Louse","floor":14,"turns":3},{"damage":12,"enemies":"The Guardian","floor":16,"turns":8},{"damage":0,"enemies":"3 Byrds","floor":18,"turns":3},{"damage":0,"enemies":"Shell Parasite","floor":19,"turns":5},{"damage":11,"enemies":"Sentry and Sphere","floor":22,"turns":5},{"damage":25,"enemies":"Gremlin Leader","floor":24,"turns":6},{"damage":0,"enemies":"Book of Stabbing","floor":28,"turns":6},{"damage":0,"enemies":"Centurion and Healer","floor":30,"turns":6},{"damage":17,"enemies":"Slavers","floor":31,"turns":6},{"damage":0,"enemies":"Automaton","floor":33,"turns":7},{"damage":0,"enemies":"3 Shapes","floor":35,"turns":4},{"damage":2,"enemies":"3 Darklings","floor":37,"turns":4},{"damage":0,"enemies":"Transient","floor":38,"turns":5},{"damage":0,"enemies":"Sphere and 2 Shapes","floor":39,"turns":5},{"damage":0,"enemies":"Giant Head","floor":40,"turns":5},{"damage":0,"enemies":"Jaw Worm Horde","floor":42,"turns":4},{"damage":53,"enemies":"Reptomancer","floor":46,"turns":4},{"damage":0,"enemies":"Transient","floor":47,"turns":5},{"damage":0,"enemies":"Giant Head","floor":48,"turns":5},{"damage":0,"enemies":"Awakened One","floor":50,"turns":6},{"damage":6,"enemies":"Shield and Spear","floor":54,"turns":4},{"damage":0,"enemies":"The Heart","floor":55,"turns":6}],"seed_played":"-505556537784083313","potions_obtained":[{"floor":3,"key":"DistilledChaos"},{"floor":5,"key":"SpeedPotion"},{"floor":12,"key":"CultistPotion"},{"floor":19,"key":"Weak Potion"},{"floor":24,"key":"BlessingOfTheForge"},{"floor":31,"key":"Ancient Potion"},{"floor":33,"key":"DistilledChaos"},{"floor":37,"key":"Energy Potion"},{"floor":40,"key":"AttackPotion"},{"floor":47,"key":"CunningPotion"},{"floor":48,"key":"BlessingOfTheForge"}],"is_trial":false,"path_per_floor":["M","M","M","M","M","R","?","R","T","R","$","M","M","M","R","B",null,"M","M","?","?","M","R","E","R","T","$","E","?","M","E","R","B",null,"M","?","M","M","M","E","R","M","T","$","T","E","M","E","R","B",null,"R","$","E","B",null],"character_chosen":"THE_SILENT","items_purchased":["Apotheosis","Noxious Fumes","Fruit Juice","Envenom","Bronze Scales","Noxious Fumes","Backflip","Catalyst","Lantern","GhostInAJar"],"campfire_rested":2,"item_purchase_floors":[0,0,0,11,11,27,27,44,44,53],"current_hp_per_floor":[47,47,47,41,15,15,15,15,15,37,37,29,24,22,22,10,75,75,75,75,75,64,64,39,39,39,39,39,39,39,22,44,44,75,75,75,73,73,73,73,73,73,73,73,73,20,20,20,20,20,75,75,75,69,69],"gold":67,"neow_bonus":"","is_daily":false,"chose_seed":false,"campfire_upgraded":7,"win_rate":0.0,"timestamp":1608903979,"path_taken":["M","M","M","M","M","R","?","R","T","R","$","?","M","M","R","BOSS","M","M","?","?","M","R","E","R","T","$","E","?","M","E","R","BOSS","M","?","M","M","M","E","R","M","T","$","?","E","M","E","R","BOSS","R","$","E","BOSS"],"items_purchased_type":["Card","Card","Potion","Card","Relic","Card","Card","Card","Relic","Potion"],"build_version":"2020-12-22","purchased_purges":3,"victory":true,"max_hp_per_floor":[75,75,75,75,75,75,75,75,75,75,75,75,75,75,75,75,75,75,75,75,75,75,75,75,75,75,75,75,75,75,75,75,75,75,75,75,75,75,75,75,75,75,75,75,75,75,75,75,75,75,75,75,75,75,75],"card_choices":[{"not_picked":["Blade Dance","Dagger Throw"],"picked":"Prepared","floor":1},{"not_picked":["Sucker Punch","Bane"],"picked":"Catalyst","floor":2},{"not_picked":["Deflect","Cloak And Dagger"],"picked":"Prepared","floor":3},{"not_picked":["Blade Dance","Well Laid Plans"],"picked":"Prepared","floor":4},{"not_picked":["Leg Sweep","Poisoned Stab","Outmaneuver"],"picked":"SKIP","floor":5},{"not_picked":["Skewer","Terror","Finisher"],"picked":"SKIP","floor":12},{"not_picked":["Cloak And Dagger","Dagger Spray"],"picked":"Calculated Gamble","floor":13},{"not_picked":["Crippling Poison","Infinite Blades"],"picked":"Noxious Fumes","floor":14},{"not_picked":["Bullet Time","Tools of the Trade"],"picked":"After Image","floor":16},{"not_picked":["Flying Knee","Dodge and Roll","Cloak And Dagger"],"picked":"SKIP","floor":18},{"not_picked":["Outmaneuver","Escape Plan"],"picked":"Noxious Fumes","floor":19},{"not_picked":["Heel Hook+1","Quick Slash"],"picked":"Prepared","floor":22},{"not_picked":["Die Die Die","Slice","Quick Slash"],"picked":"SKIP","floor":24},{"not_picked":["Blade Dance","Bane"],"picked":"Blur","floor":28},{"not_picked":["Tactician","Infinite Blades"],"picked":"Backflip","floor":30},{"not_picked":["Slice","Bane"],"picked":"Catalyst","floor":31},{"not_picked":["Die Die Die","Phantasmal Killer"],"picked":"Burst","floor":33},{"not_picked":["Deflect","Acrobatics+1"],"picked":"Backflip+1","floor":35},{"not_picked":["Acrobatics+1","Bane","Eviscerate"],"picked":"SKIP","floor":37},{"not_picked":["Dagger Spray","PiercingWail+1","Doppelganger"],"picked":"SKIP","floor":38},{"not_picked":["Outmaneuver+1","Deflect"],"picked":"Reflex+1","floor":39},{"not_picked":["Heel Hook+1","Outmaneuver+1","Flechettes"],"picked":"SKIP","floor":40},{"not_picked":["Bane","Predator","Choke+1"],"picked":"SKIP","floor":42},{"not_picked":["Noxious Fumes+1","Sucker Punch","Choke+1"],"picked":"Adrenaline","floor":46},{"not_picked":["Accuracy","Blade Dance","Infinite Blades","Poisoned Stab"],"picked":"SKIP","floor":47},{"not_picked":["Storm of Steel","Underhanded Strike","Bane+1"],"picked":"Tools of the Trade","floor":48},{"not_picked":["Underhanded Strike","Expertise","PiercingWail+1","Wraith Form v2"],"picked":"SKIP","floor":54}],"player_experience":60205,"relics_obtained":[{"floor":9,"key":"Old Coin"},{"floor":24,"key":"Ice Cream"},{"floor":28,"key":"InkBottle"},{"floor":31,"key":"StoneCalendar"},{"floor":40,"key":"Anchor"},{"floor":43,"key":"Regal Pillow"},{"floor":45,"key":"Question Card"},{"floor":46,"key":"Lizard Tail"},{"floor":48,"key":"Oddly Smooth Stone"},{"floor":54,"key":"Shuriken"}],"event_choices":[{"cards_removed":["Strike_G"],"damage_healed":0,"gold_gain":0,"player_choice":"Purged","damage_taken":0,"max_hp_gain":0,"max_hp_loss":0,"event_name":"Purifier","floor":7,"gold_loss":0},{"damage_healed":0,"gold_gain":0,"player_choice":"Upgraded","damage_taken":0,"max_hp_gain":0,"max_hp_loss":0,"event_name":"Upgrade Shrine","floor":20,"gold_loss":0,"cards_upgraded":["Noxious Fumes"]},{"cards_removed":["Strike_G"],"damage_healed":0,"gold_gain":0,"player_choice":"Give","damage_taken":0,"max_hp_gain":0,"max_hp_loss":0,"event_name":"betterNote:BetterNote","floor":21,"gold_loss":0,"cards_obtained":["Strike_B"]},{"damage_healed":0,"gold_gain":0,"player_choice":"Ignored","damage_taken":0,"max_hp_gain":0,"max_hp_loss":0,"event_name":"Vampires","floor":29,"gold_loss":0},{"damage_healed":0,"gold_gain":0,"player_choice":"Forge","damage_taken":0,"max_hp_gain":0,"max_hp_loss":0,"event_name":"Accursed Blacksmith","floor":36,"gold_loss":0,"cards_upgraded":["Noxious Fumes"]}],"is_beta":false,"boss_relics":[{"not_picked":["Empty Cage","Runic Pyramid"],"picked":"Runic Dome"},{"not_picked":["Snecko Eye","HoveringKite"],"picked":"Coffee Dripper"}],"items_purged_floors":[11,27,44],"is_endless":false,"potions_floor_spawned":[3,5,12,19,24,28,31,33,37,40,42,47,48],"ascension_level":0}}