{"host":"bbcqjedmotowk2e9","time":1608883015,"event":{"mods":["A Magickal Journey","AchievementEnabler","Aspiration","BaseMod","BetterRewards","Colored Powertips","Conspire","Energized Spire","GifTheSpireLib","Halation","Hubris","Hyrulean Relics","Minty Spire (QoL Compilation)","Permanent Neow","Quick Restart","Relic Stats","Replay The Spire","Spires And Sneckos","StSLib","Stuff the Spire","Synergy Search","The Disciple","vexMod"],"gold_per_floor":[114,114,114,128,228,262,275,275,275,89,89,114,114,65,65,162,262,282,282,70,70,70,70,104,104,104,124,144,172,172,172],"floor_reached":30,"playtime":1121,"items_purged":[],"score":399,"play_id":"843c44a7-c887-480a-911d-bd44f2118e90","local_time":"20201225105655","is_ascension_mode":true,"campfire_choices":[{"data":"StuffTheSpire:Synthwave","floor":8,"key":"SMITH"},{"data":"Apotheosis","floor":11,"key":"SMITH"},{"data":"Loop","floor":15,"key":"SMITH"},{"data":"conspire:SharedLibrary","floor":23,"key":"SMITH"},{"floor":25,"key":"REST"}],"circlet_count":0,"master_deck":["Strike_B+1","Strike_B+1","Strike_B+1","Strike_B+1","Defend_B+1","Defend_B+1","Defend_B+1","Defend_B+1","Zap","Dualcast+1","conspire:SharedLibrary+1","StuffTheSpire:Synthwave+1","Apotheosis+1","Loop+1","Self Repair","Static Discharge+1","Panic Button+1","Loop"],"relics":["Cracked Core","NeowsBlessing","Vajra","hubris:RGBLights","Juzu Bracelet","Replay:Wanted Poster","halation:LettersToHer","hubris:AstralHammer","Happy Flower","Quantum Egg"],"acts_visited":["Exordium","TheCity"],"potions_floor_usage":[29],"damage_taken":[{"damage":0,"enemies":"conspire:RoseBush","floor":1,"turns":1},{"damage":0,"enemies":"Jaw Worm","floor":4,"turns":1},{"damage":0,"enemies":"Gremlin Nob","floor":6,"turns":1},{"damage":5,"enemies":"Small Slimes","floor":7,"turns":4},{"damage":4,"enemies":"Lagavulin","floor":12,"turns":8},{"damage":0,"enemies":"Fading Forest","floor":16,"turns":11},{"damage":15,"enemies":"3 Byrds","floor":18,"turns":4},{"damage":21,"enemies":"conspire:SneckoGhost","floor":24,"turns":6},{"damage":26,"enemies":"conspire:FuzzyDice","floor":27,"turns":7},{"damage":9,"enemies":"Snecko","floor":28,"turns":6},{"damage":50,"enemies":"Replay:Snechameleon","floor":29,"turns":4},{"damage":16,"enemies":"Chosen and Byrds","floor":30,"turns":1}],"seed_played":"-7403697406094704234","potions_obtained":[{"floor":6,"key":"ColorlessPotion"},{"floor":12,"key":"PowerPotion"},{"floor":21,"key":"Explosive Potion"},{"floor":21,"key":"Death Potion"},{"floor":29,"key":"SteroidPotion"}],"is_trial":false,"path_per_floor":["M","?","?","M","?","E","M","R","T","$","R","E","$","?","R","B",null,"M","?","$","?","?","R","E","R","T","M","M","E","M"],"character_chosen":"DEFECT","items_purchased":["Apotheosis","Static Discharge+1","halation:LettersToHer"],"campfire_rested":1,"item_purchase_floors":[10,20,20],"current_hp_per_floor":[75,75,75,75,75,75,70,70,70,70,70,66,66,66,66,66,75,60,60,60,60,60,60,49,71,71,55,56,13,0,0],"gold":172,"neow_bonus":"THREE_ENEMY_KILL","is_daily":false,"chose_seed":false,"campfire_upgraded":4,"win_rate":0.0,"timestamp":1608883015,"path_taken":["M","?","?","?","?","E","M","R","T","$","R","E","?","?","R","BOSS","M","?","$","?","?","R","E","R","T","M","M","E","M"],"items_purchased_type":["Card","Card","Relic"],"build_version":"2020-12-22","purchased_purges":0,"victory":false,"max_hp_per_floor":[75,75,75,75,75,75,75,75,75,75,75,75,75,75,75,75,75,75,75,75,75,75,75,75,75,75,75,75,75,75,75],"relic_stats":{"Happy Flower":[6],"counters":[12,54],"Juzu Bracelet":1,"obtain_stats":[{"Replay:Wanted Poster":17,"NeowsBlessing":0,"Happy Flower":24,"hubris:AstralHammer":22,"Quantum Egg":29,"Vajra":6,"Juzu Bracelet":12,"Cracked Core":0,"halation:LettersToHer":20,"hubris:RGBLights":9},{"Replay:Wanted Poster":6,"NeowsBlessing":0,"Happy Flower":8,"hubris:AstralHammer":7,"Quantum Egg":11,"Vajra":3,"Juzu Bracelet":5,"Cracked Core":0,"halation:LettersToHer":7,"hubris:RGBLights":4},{"Replay:Wanted Poster":26,"NeowsBlessing":0,"Happy Flower":36,"hubris:AstralHammer":30,"Quantum Egg":53,"Vajra":3,"Juzu Bracelet":15,"Cracked Core":0,"halation:LettersToHer":30,"hubris:RGBLights":7}]},"card_choices":[{"not_picked":["Barrage","Streamline"],"picked":"conspire:SharedLibrary","floor":1},{"not_picked":["Skim","Hologram","Rebound"],"picked":"SKIP","floor":4},{"not_picked":["Compile Driver","StuffTheSpire:LoadUp"],"picked":"StuffTheSpire:Synthwave","floor":6},{"not_picked":["Hologram","Aggregate","StuffTheSpire:Purify"],"picked":"SKIP","floor":7},{"not_picked":["Machine Learning","Compile Driver"],"picked":"Loop","floor":12},{"not_picked":["Gash+1","Turbo"],"picked":"Self Repair","floor":18},{"not_picked":["Melter","Coolheaded","Steam"],"picked":"SKIP","floor":24},{"not_picked":["FIFO Queue","Melter+1","Beam Cell+1"],"picked":"SKIP","floor":27},{"not_picked":["ReplayGash","Turbo"],"picked":"Panic Button+1","floor":28},{"not_picked":["Cold Snap","Hologram"],"picked":"Loop","floor":29}],"player_experience":538115,"relics_obtained":[{"floor":6,"key":"Vajra"},{"floor":9,"key":"hubris:RGBLights"},{"floor":12,"key":"Juzu Bracelet"},{"floor":24,"key":"Happy Flower"},{"floor":26,"key":"halation:LettersToHer"},{"floor":29,"key":"Quantum Egg"}],"event_choices":[{"damage_healed":0,"gold_gain":0,"player_choice":"0 cards matched","damage_taken":0,"max_hp_gain":0,"max_hp_loss":0,"event_name":"Match and Keep!","floor":3,"gold_loss":0,"cards_obtained":[]},{"damage_healed":0,"gold_gain":100,"player_choice":"Pray","damage_taken":0,"max_hp_gain":0,"max_hp_loss":0,"event_name":"Golden Shrine","floor":5,"gold_loss":0},{"damage_healed":0,"gold_gain":0,"player_choice":"Left Gold","damage_taken":0,"max_hp_gain":0,"max_hp_loss":0,"event_name":"World of Goop","floor":14,"gold_loss":49},{"damage_healed":0,"gold_gain":0,"player_choice":"Simplicity","damage_taken":0,"max_hp_gain":0,"max_hp_loss":0,"event_name":"Back to Basics","floor":19,"gold_loss":0,"cards_upgraded":["Strike_B","Strike_B","Strike_B","Strike_B","Defend_B","Defend_B","Defend_B","Defend_B"]},{"damage_healed":0,"gold_gain":0,"player_choice":"Got Potions","damage_taken":0,"max_hp_gain":0,"max_hp_loss":0,"event_name":"Lab","floor":21,"gold_loss":0}],"is_beta":false,"boss_relics":[{"not_picked":["halation:Yufonium","Abe\u0027s Treasure"],"picked":"Replay:Wanted Poster"}],"items_purged_floors":[],"is_endless":false,"potions_floor_spawned":[6,12,27,28,29],"killed_by":"Chosen and Byrds","ascension_level":3}}