{"host":"pjgcdp3h1plnbocs","time":1608927097,"event":{"mods":["AchievementEnabler","BaseMod","Colored Map","Highlight Path","Minty Spire (QoL Compilation)"],"gold_per_floor":[111,127,5,32,50,50,50,77,77,77,90,13,36,68,68,164,164,164,104,104,104,104,104],"floor_reached":22,"playtime":702,"items_purged":["Defend_G"],"score":306,"play_id":"ec6b8fdf-6087-4a82-8f08-11b447f2fd36","local_time":"20201225211137","is_ascension_mode":true,"campfire_choices":[{"data":"Bouncing Flask","floor":6,"key":"SMITH"},{"data":"Deadly Poison","floor":15,"key":"SMITH"}],"circlet_count":0,"master_deck":["Strike_G","Strike_G","Strike_G","Strike_G","Defend_G","Defend_G","Defend_G","Defend_G","Survivor","Neutralize","Backflip","Blur","Dagger Spray","Bouncing Flask+1","Cloak And Dagger","Escape Plan","Deadly Poison+1","Poisoned Stab","A Thousand Cuts","Acrobatics","Ghostly","Ghostly","Ghostly","Ghostly","Ghostly"],"relics":["Ring of the Snake","NeowsBlessing","Bronze Scales","Gremlin Horn","Matryoshka","Odd Mushroom","Bag of Marbles","Ectoplasm"],"acts_visited":["Exordium","TheCity"],"potions_floor_usage":[8,16],"damage_taken":[{"damage":0,"enemies":"Cultist","floor":1,"turns":1},{"damage":0,"enemies":"Jaw Worm","floor":2,"turns":1},{"damage":0,"enemies":"Small Slimes","floor":5,"turns":1},{"damage":20,"enemies":"Gremlin Nob","floor":8,"turns":4},{"damage":10,"enemies":"Exordium Thugs","floor":11,"turns":5},{"damage":7,"enemies":"The Mushroom Lair","floor":13,"turns":3},{"damage":13,"enemies":"3 Sentries","floor":14,"turns":8},{"damage":5,"enemies":"Hexaghost","floor":16,"turns":8},{"damage":0,"enemies":"3 Byrds","floor":18,"turns":3},{"damage":18,"enemies":"2 Thieves","floor":19,"turns":4},{"damage":10,"enemies":"Cultist and Chosen","floor":20,"turns":7},{"damage":28,"enemies":"Centurion and Healer","floor":22,"turns":8}],"seed_played":"5757161946628949145","potions_obtained":[{"floor":1,"key":"DuplicationPotion"},{"floor":11,"key":"PowerPotion"},{"floor":14,"key":"LiquidBronze"},{"floor":16,"key":"Swift Potion"},{"floor":19,"key":"Dexterity Potion"}],"is_trial":false,"path_per_floor":["M","M","$","T","M","R","$","E","T","?","M","$","?","E","R","B",null,"M","M","M","?","M"],"character_chosen":"THE_SILENT","items_purchased":["Dagger Spray","Escape Plan"],"campfire_rested":0,"item_purchase_floors":[3,12],"current_hp_per_floor":[63,63,63,63,63,63,63,43,43,43,33,33,26,13,13,8,55,55,37,27,27,0,0],"gold":104,"neow_bonus":"THREE_ENEMY_KILL","is_daily":false,"chose_seed":false,"campfire_upgraded":2,"win_rate":0.0,"timestamp":1608927097,"path_taken":["M","M","$","?","M","R","?","E","T","?","?","$","?","E","R","BOSS","M","M","M","?","M"],"items_purchased_type":["Card","Card"],"build_version":"2020-12-22","purchased_purges":1,"victory":false,"max_hp_per_floor":[70,70,70,70,70,70,70,70,70,70,70,70,70,70,70,70,70,70,70,70,35,35,35],"card_choices":[{"not_picked":["Heel Hook","Setup"],"picked":"Backflip","floor":1},{"not_picked":["Blade Dance","PiercingWail"],"picked":"Blur","floor":2},{"not_picked":["Prepared","Skewer"],"picked":"Bouncing Flask","floor":5},{"not_picked":["Predator","Prepared"],"picked":"Cloak And Dagger","floor":8},{"not_picked":["Leg Sweep","All Out Attack","Dagger Throw"],"picked":"SKIP","floor":11},{"not_picked":["Bane","Backstab"],"picked":"Deadly Poison","floor":13},{"not_picked":["Eviscerate","Deflect"],"picked":"Poisoned Stab","floor":14},{"not_picked":["Die Die Die","Storm of Steel"],"picked":"A Thousand Cuts","floor":16},{"not_picked":["Reflex","Bane","Sucker Punch"],"picked":"SKIP","floor":18},{"not_picked":["Skewer","Poisoned Stab","Acrobatics"],"picked":"SKIP","floor":19},{"not_picked":["Skewer","Poisoned Stab"],"picked":"Acrobatics","floor":19},{"not_picked":["Outmaneuver+1","Well Laid Plans+1","Slice"],"picked":"SKIP","floor":20}],"player_experience":161014,"relics_obtained":[{"floor":4,"key":"Bronze Scales"},{"floor":8,"key":"Gremlin Horn"},{"floor":9,"key":"Matryoshka"},{"floor":13,"key":"Odd Mushroom"},{"floor":14,"key":"Bag of Marbles"}],"event_choices":[{"cards_removed":["Strike_G"],"damage_healed":0,"gold_gain":0,"player_choice":"Card Removal","damage_taken":0,"max_hp_gain":0,"max_hp_loss":0,"event_name":"Wheel of Change","floor":10,"gold_loss":0},{"damage_healed":0,"gold_gain":0,"player_choice":"Fought Mushrooms","damage_taken":0,"max_hp_gain":0,"max_hp_loss":0,"event_name":"Mushrooms","floor":13,"gold_loss":0},{"damage_healed":0,"gold_gain":0,"player_choice":"Became a Ghost","damage_taken":0,"max_hp_gain":0,"max_hp_loss":35,"event_name":"Ghosts","floor":21,"gold_loss":0,"cards_obtained":["Ghostly","Ghostly","Ghostly","Ghostly","Ghostly"]}],"is_beta":false,"boss_relics":[{"not_picked":["Tiny House","Pandora\u0027s Box"],"picked":"Ectoplasm"}],"items_purged_floors":[3],"is_endless":false,"potions_floor_spawned":[1,11,14,16,19,20],"killed_by":"Centurion and Healer","ascension_level":9}}