{"host":"8pjvbxl6xo882v42","time":1608858392,"event":{"mods":["AchievementEnabler","BaseMod","Minty Spire (QoL Compilation)","Replay The Spire","StSLib","The Cursed"],"gold_per_floor":[115,9,26,42,54,83,83,99,99,128,142,159,193,193,193,321,321,334,334,355,376,399,399,435,435,435,118,138,156,247,294,294,433,433,464,122,167,167,167,167,252,287,287,287,287,56,83,131,131,149],"floor_reached":51,"playtime":4655,"items_purged":["Defend_R","Bash","Power Through+1"],"score":1008,"play_id":"783090a5-370e-4759-8d1c-f86ec7eb3d98","local_time":"20201225020632","is_ascension_mode":true,"campfire_choices":[{"floor":7,"key":"REST"},{"floor":15,"key":"REST"},{"data":"Uppercut","floor":23,"key":"SMITH"},{"floor":25,"key":"REST"},{"floor":32,"key":"REST"},{"data":"Offering","floor":40,"key":"SMITH"},{"data":"Seeing Red","floor":45,"key":"SMITH"},{"floor":49,"key":"DIG"}],"circlet_count":0,"master_deck":["Sadistic Nature","Replay:Undeath\u0027s Touch","Uppercut+1","ReplayTheSpireMod:Limb From Limb","Thunderclap","Replay:Many Hands","Bloodletting","Thunderclap","Rage","Reaper","Ghostly","Ghostly","Ghostly","Ghostly","Ghostly","Thunderclap+1","Feel No Pain+1","Seeing Red+1","Cleave","Offering+1","Replay:BasicMightCard+1","Dark Embrace+1","Rupture+1","Eclipse+1","Burning Pact+1","Cleave","Inflame+1","Armaments+1","Limit Break+1","Flame Barrier+1","Madness+1","Madness+1","Berserk+1","Chrysalis+1","Thinking Ahead+1","ReplayTheSpireMod:Limb From Limb","Pommel Strike+1"],"relics":["Burning Blood","Frozen Egg 2","Mummified Hand","Lizard Tail","Replay:PocketPolymizer","Self Forming Clay","Golden Idol","Sozu","TungstenRod","Toxic Egg 2","Lee\u0027s Waffle","Replay:Bandana","Pandora\u0027s Box","HornCleat","StoneCalendar","Replay:WaspNest","BargainBundle","Blood Vial"],"acts_visited":["Exordium","TheCity","TheBeyond"],"potions_floor_usage":[16,24,24,24],"damage_taken":[{"damage":7,"enemies":"Small Slimes","floor":1,"turns":3},{"damage":1,"enemies":"Cultist","floor":3,"turns":3},{"damage":0,"enemies":"2 Louse","floor":4,"turns":2},{"damage":17,"enemies":"Looter","floor":5,"turns":3},{"damage":31,"enemies":"Replay:BlueRogue","floor":6,"turns":6},{"damage":7,"enemies":"3 Louse","floor":8,"turns":3},{"damage":25,"enemies":"3 Sentries","floor":10,"turns":7},{"damage":6,"enemies":"Lots of Slimes","floor":11,"turns":3},{"damage":3,"enemies":"Exordium Wildlife","floor":12,"turns":2},{"damage":0,"enemies":"Gremlin Nob","floor":13,"turns":2},{"damage":19,"enemies":"Hexaghost","floor":16,"turns":8},{"damage":11,"enemies":"3 Byrds","floor":18,"turns":4},{"damage":1,"enemies":"Chosen","floor":20,"turns":4},{"damage":2,"enemies":"Centurion and Healer","floor":21,"turns":4},{"damage":4,"enemies":"Snecko","floor":22,"turns":6},{"damage":44,"enemies":"Gremlin Leader","floor":24,"turns":7},{"damage":7,"enemies":"Shelled Parasite and Fungi","floor":28,"turns":5},{"damage":0,"enemies":"Centurion and Healer","floor":29,"turns":5},{"damage":10,"enemies":"Cultist and Chosen","floor":31,"turns":5},{"damage":40,"enemies":"Champ","floor":33,"turns":10},{"damage":6,"enemies":"Orb Walker","floor":35,"turns":4},{"damage":0,"enemies":"3 Darklings","floor":37,"turns":3},{"damage":7,"enemies":"Mind Bloom Boss Battle","floor":41,"turns":5},{"damage":5,"enemies":"Maw","floor":42,"turns":4},{"damage":1,"enemies":"Writhing Mass","floor":47,"turns":6},{"damage":5,"enemies":"Jaw Worm Horde","floor":48,"turns":1},{"damage":0,"enemies":"Donu and Deca","floor":50,"turns":7}],"seed_played":"-4384691248771291727","potions_obtained":[{"floor":1,"key":"BloodPotion"},{"floor":10,"key":"Languid Potion"},{"floor":11,"key":"HeartOfIron"},{"floor":16,"key":"PowerPotion"}],"is_trial":false,"path_per_floor":["M","?","M","M","M","E","R","M","T","E","M","M","E","?","R","B",null,"M","?","M","M","M","R","E","R","T","$","M","M","?","M","R","B",null,"M","$","M","?","?","R","?","M","T","?","R","$","M","M","R","B",null],"character_chosen":"IRONCLAD","items_purchased":["Lee\u0027s Waffle","Replay:BasicMightCard+1","HornCleat","BargainBundle","ReplayTheSpireMod:Limb From Limb"],"campfire_rested":4,"item_purchase_floors":[27,27,36,46,46],"current_hp_per_floor":[50,50,55,61,50,25,49,48,48,29,29,32,38,18,42,29,67,75,40,40,40,40,40,7,19,19,47,46,47,30,33,47,24,41,47,47,47,42,42,42,47,47,47,43,43,43,47,47,47,47],"gold":149,"neow_bonus":"RANDOM_COLORLESS_2","is_daily":false,"chose_seed":false,"campfire_upgraded":3,"win_rate":0.0,"timestamp":1608858392,"path_taken":["M","?","?","M","?","E","R","M","T","E","?","M","E","?","R","BOSS","M","?","M","M","M","R","E","R","T","$","M","M","?","?","R","BOSS","M","$","M","?","?","R","?","M","T","?","R","$","M","M","R","BOSS"],"items_purchased_type":["Relic","Card","Relic","Relic","Card"],"build_version":"2020-12-22","purchased_purges":3,"victory":true,"max_hp_per_floor":[80,80,80,80,80,80,80,80,80,80,80,80,80,80,80,80,80,80,40,40,40,40,40,40,40,40,47,47,47,47,47,47,47,47,47,47,47,47,47,47,47,47,47,47,47,47,47,47,47,47],"card_choices":[{"not_picked":["Transmutation","Mayhem"],"picked":"Sadistic Nature","floor":0},{"not_picked":["Run Through","Shrug It Off"],"picked":"Flex","floor":1},{"not_picked":["Anger","Heavy Blade"],"picked":"Cleave","floor":3},{"not_picked":["Anger","Body Slam","Abandon"],"picked":"SKIP","floor":4},{"not_picked":["Wild Strike","Evolve+1"],"picked":"Replay:Undeath\u0027s Touch","floor":5},{"not_picked":["Clothesline","ReplayTheSpireMod:Strike From Hell"],"picked":"Uppercut","floor":6},{"not_picked":["Double Tap","ReplayTheSpireMod:LeadingStrike"],"picked":"ReplayTheSpireMod:Limb From Limb","floor":8},{"not_picked":["Anger","Iron Wave"],"picked":"Thunderclap","floor":10},{"not_picked":["Havoc","Pommel Strike"],"picked":"Replay:Many Hands","floor":11},{"not_picked":["Burning Pact","Clothesline"],"picked":"Bloodletting","floor":12},{"not_picked":["Limit Break","True Grit"],"picked":"Thunderclap","floor":13},{"not_picked":["Fiend Fire","Double Tap"],"picked":"Reaper","floor":16},{"not_picked":["Iron Wave","Pummel","Entrench+1"],"picked":"SKIP","floor":18},{"not_picked":["ReplayTheSpireMod:LeadingStrike+1","Clothesline"],"picked":"Thunderclap+1","floor":20},{"not_picked":["Armaments","Clothesline"],"picked":"Feel No Pain+1","floor":21},{"not_picked":["Fire Breathing+1","Pommel Strike"],"picked":"Seeing Red","floor":22},{"not_picked":["Feel No Pain+1","Combust+1","Thunderclap"],"picked":"SKIP","floor":24},{"not_picked":["Second Wind+1","Entrench+1"],"picked":"Dark Embrace+1","floor":28},{"not_picked":["Shockwave+1","Clash"],"picked":"Rupture+1","floor":29},{"not_picked":["Blood for Blood","Iron Wave"],"picked":"Eclipse+1","floor":30},{"not_picked":["Run Through","Massacre+1"],"picked":"Burning Pact+1","floor":30},{"not_picked":["Entrench+1","ReplayTheSpireMod:Corrosion Curse+1","Thunderclap"],"picked":"SKIP","floor":31},{"not_picked":["Iron Wave+1","ReplayTheSpireMod:Strike From Hell+1","Perfected Strike+1"],"picked":"SKIP","floor":35},{"not_picked":["Wild Strike+1","Clothesline+1","ReplayTheSpireMod:Muscle Training+1"],"picked":"SKIP","floor":37},{"not_picked":["Warcry+1","Clothesline","Second Wind+1"],"picked":"SKIP","floor":42},{"not_picked":["Sadistic Nature+1","Bandage Up+1"],"picked":"Chrysalis+1","floor":44},{"not_picked":["Secret Weapon+1","Mind Blast"],"picked":"Thinking Ahead+1","floor":44},{"not_picked":["Anger+1","ReplayReversal+1"],"picked":"Pommel Strike+1","floor":47},{"not_picked":["Anger+1","Wild Strike+1","Headbutt"],"picked":"SKIP","floor":48}],"player_experience":175439,"relics_obtained":[{"floor":6,"key":"Mummified Hand"},{"floor":9,"key":"Lizard Tail"},{"floor":10,"key":"Replay:PocketPolymizer"},{"floor":13,"key":"Self Forming Clay"},{"floor":24,"key":"TungstenRod"},{"floor":26,"key":"Toxic Egg 2"},{"floor":30,"key":"Replay:Bandana"},{"floor":41,"key":"StoneCalendar"},{"floor":43,"key":"Replay:WaspNest"},{"floor":49,"key":"Blood Vial"}],"event_choices":[{"damage_healed":0,"gold_gain":0,"player_choice":"Paid Gold","damage_taken":0,"relics_obtained":["Frozen Egg 2"],"max_hp_gain":0,"max_hp_loss":0,"event_name":"WeMeetAgain","floor":2,"gold_loss":106},{"damage_healed":0,"gold_gain":0,"player_choice":"Take Damage","damage_taken":20,"relics_obtained":["Golden Idol"],"max_hp_gain":0,"max_hp_loss":0,"event_name":"Golden Idol","floor":14,"gold_loss":0},{"damage_healed":0,"gold_gain":0,"player_choice":"Became a Ghost","damage_taken":0,"max_hp_gain":0,"max_hp_loss":40,"event_name":"Ghosts","floor":19,"gold_loss":0,"cards_obtained":["Ghostly","Ghostly","Ghostly","Ghostly","Ghostly"]},{"damage_healed":0,"gold_gain":0,"player_choice":"Embrace Madness","damage_taken":6,"max_hp_gain":0,"max_hp_loss":0,"event_name":"Winding Halls","floor":38,"gold_loss":0,"cards_obtained":["Madness","Madness"]},{"damage_healed":0,"gold_gain":0,"player_choice":"Ignored","damage_taken":0,"max_hp_gain":0,"max_hp_loss":0,"event_name":"Mysterious Sphere","floor":39,"gold_loss":0},{"damage_healed":0,"gold_gain":0,"player_choice":"Fight","damage_taken":0,"max_hp_gain":0,"max_hp_loss":0,"event_name":"MindBloom","floor":41,"gold_loss":0},{"damage_healed":0,"gold_gain":0,"player_choice":"Memory 2","damage_taken":5,"max_hp_gain":0,"max_hp_loss":0,"event_name":"SensoryStone","floor":44,"gold_loss":0}],"is_beta":false,"boss_relics":[{"not_picked":["Calling Bell","Snecko Eye"],"picked":"Sozu"},{"not_picked":["Ooze Armor","Mark of Pain"],"picked":"Pandora\u0027s Box"}],"items_purged_floors":[27,36,46],"is_endless":false,"potions_floor_spawned":[1,10,11,13,16,20,21,22,33,42],"ascension_level":6}}