{"host":"uflv0e3ja7hvnij7","time":1608902650,"event":{"mods":["Aspiration","BaseMod","Better Altar","Better Match","Better Note","Better Sensory Stone","Better Skull","Better Third Choice","Infinite Spire","Minty Spire (QoL Compilation)","Permanent Neow","StSLib"],"gold_per_floor":[119,194,204,129,54,82,100,100,100,120,139,139,139,159,159,260,260,273,273,273,284,299,325,325,325,325,339,339,339],"floor_reached":28,"playtime":1396,"items_purged":["Bash","Defend_R"],"score":240,"play_id":"0ea7976e-0a5e-4693-96d5-97226d4908cc","local_time":"20201225082410","is_ascension_mode":false,"campfire_choices":[{"data":"infinitespire:OneForAll","floor":8,"key":"SMITH"},{"data":"Havoc","floor":12,"key":"SMITH"},{"data":"Berserk","floor":15,"key":"SMITH"}],"circlet_count":0,"master_deck":["Strike_R","Strike_R","Strike_R","Strike_R","Strike_R","Defend_R","Defend_R","infinitespire:OneForAll+1","Perfected Strike","Bandage Up+1","Inflame","Havoc+1","Ghostly Armor","Berserk+1","Fiend Fire","Warcry","White Noise","Loop+1"],"relics":["Burning Blood","aspiration:DSix","aspiration:ChemicalBlood","SacredBark","CultistMask","Art of War","aspiration:DefectSkillbook","Frozen Egg 2","aspiration:Lifesprig"],"acts_visited":["Exordium","TheCity"],"potions_floor_usage":[6,11,14,16,16,16,18,18,21,22,23],"damage_taken":[{"damage":0,"enemies":"Small Slimes","floor":1,"turns":4},{"damage":5,"enemies":"Cultist","floor":3,"turns":4},{"damage":25,"enemies":"Gremlin Nob","floor":6,"turns":4},{"damage":8,"enemies":"Jaw Worm","floor":7,"turns":3},{"damage":8,"enemies":"2 Fungi Beasts","floor":10,"turns":3},{"damage":14,"enemies":"Exordium Wildlife","floor":11,"turns":5},{"damage":12,"enemies":"Blue Slaver","floor":14,"turns":2},{"damage":45,"enemies":"Hexaghost","floor":16,"turns":9},{"damage":8,"enemies":"3 Byrds","floor":18,"turns":4},{"damage":0,"enemies":"Chosen","floor":21,"turns":4},{"damage":26,"enemies":"Shelled Parasite and Fungi","floor":22,"turns":3},{"damage":19,"enemies":"Gremlin Leader","floor":23,"turns":5},{"damage":13,"enemies":"Snecko","floor":27,"turns":4}],"seed_played":"6482111861175413514","potions_obtained":[{"floor":1,"key":"LiquidBronze"},{"floor":3,"key":"PowerPotion"},{"floor":7,"key":"SteroidPotion"},{"floor":16,"key":"Swift Potion"},{"floor":18,"key":"Ancient Potion"},{"floor":27,"key":"infinitespire:BlackPotion"}],"is_trial":false,"path_per_floor":["M","?","M","$","?","E","M","R","T","M","M","R","?","M","R","B",null,"M","?","AVR","M","M","E","R","?","T","M","$"],"character_chosen":"IRONCLAD","items_purchased":[],"campfire_rested":0,"item_purchase_floors":[],"current_hp_per_floor":[80,69,70,70,70,57,61,61,61,65,63,63,63,63,63,30,80,80,80,80,80,66,59,59,59,59,58,58,58],"gold":339,"neow_bonus":"DSIX","is_daily":false,"chose_seed":false,"campfire_upgraded":3,"win_rate":0.0,"timestamp":1608902650,"path_taken":["M","?","M","$","?","E","M","R","T","M","M","R","?","M","R","BOSS","M","?","AVR","M","M","E","R","?","T","M","$"],"items_purchased_type":[],"build_version":"2020-12-22","purchased_purges":2,"victory":false,"max_hp_per_floor":[80,80,80,80,80,80,80,80,80,80,80,80,80,80,80,80,80,80,80,80,80,80,80,80,80,80,80,80,80],"card_choices":[{"not_picked":["Clash","Clothesline"],"picked":"infinitespire:OneForAll","floor":1},{"not_picked":["Pommel Strike","Carnage"],"picked":"Perfected Strike","floor":3},{"not_picked":["Swift Strike+1","Dramatic Entrance+1"],"picked":"Bandage Up+1","floor":5},{"not_picked":["Clothesline","Hemokinesis"],"picked":"Inflame","floor":6},{"not_picked":["Seeing Red","Armaments","Metallicize"],"picked":"SKIP","floor":7},{"not_picked":["Reckless Charge","Clothesline"],"picked":"Havoc","floor":10},{"not_picked":["Clash","Dark Embrace"],"picked":"Ghostly Armor","floor":11},{"not_picked":["Anger","Flame Barrier"],"picked":"Berserk","floor":14},{"not_picked":["Immolate","Limit Break"],"picked":"Fiend Fire","floor":16},{"not_picked":["Intimidate","Blood for Blood"],"picked":"Warcry","floor":18},{"not_picked":["Steam","Tempest","Compile Driver+1","Ball Lightning"],"picked":"SKIP","floor":21},{"not_picked":["Twin Strike","Stack","Doom and Gloom+1","Steam"],"picked":"SKIP","floor":22},{"not_picked":["Bloodletting","Power Through","Streamline"],"picked":"White Noise","floor":23},{"not_picked":["Iron Wave+1","Shockwave","Rage"],"picked":"Loop+1","floor":27}],"player_experience":353354,"relics_obtained":[{"floor":6,"key":"aspiration:ChemicalBlood"},{"floor":23,"key":"Frozen Egg 2"},{"floor":26,"key":"aspiration:Lifesprig"}],"event_choices":[{"damage_healed":0,"gold_gain":75,"player_choice":"Gold","damage_taken":11,"max_hp_gain":0,"max_hp_loss":0,"event_name":"betterThird:BetterGoop","floor":2,"gold_loss":0},{"damage_healed":0,"gold_gain":0,"player_choice":"2","damage_taken":0,"max_hp_gain":0,"max_hp_loss":0,"event_name":"betterMatch:BetterMatch","floor":5,"gold_loss":0,"cards_obtained":["betterMatch:ColorlessUncommonCard"]},{"damage_healed":0,"gold_gain":0,"player_choice":"Ignored","damage_taken":139,"max_hp_gain":0,"max_hp_loss":0,"event_name":"betterThird:BetterSerpent","floor":13,"gold_loss":0},{"damage_healed":0,"gold_gain":0,"player_choice":"Trade","damage_taken":0,"relics_obtained":["CultistMask"],"max_hp_gain":0,"max_hp_loss":0,"event_name":"FaceTrader","floor":19,"gold_loss":0},{"cards_removed":["Defend_R"],"damage_healed":0,"gold_gain":0,"player_choice":"Purged","damage_taken":0,"max_hp_gain":0,"max_hp_loss":0,"event_name":"Purifier","floor":25,"gold_loss":0}],"is_beta":false,"boss_relics":[{"not_picked":["aspiration:RitualDagger","Snecko Eye"],"picked":"SacredBark"}],"items_purged_floors":[4,20],"is_endless":false,"potions_floor_spawned":[1,3,7,16,18,27],"ascension_level":0}}