{"host":"c2og1cp357bgjv9b","time":1608889110,"event":{"mods":["BaseMod","Colored Map","Minty Spire (QoL Compilation)","Replay The Spire","StSLib"],"gold_per_floor":[114,114,114,126,126,162,178,49,101,132,153,166,166,184,184,309,309,332,332,348,373,388,388,487,487,560,594,619,619,619,640,640,766,766,780,780,796,244,259,259,134,150,175,218,238,75,75,89,0,0,0],"floor_reached":50,"playtime":2922,"items_purged":["Looming Evil","Strike_R","Strike_R"],"score":631,"play_id":"5c071d70-20c4-4386-b79d-05866909bf12","local_time":"20201225173830","is_ascension_mode":false,"campfire_choices":[{"data":"True Grit","floor":13,"key":"SMITH"},{"data":"Rupture","floor":15,"key":"SMITH"},{"data":"Seeing Red","floor":23,"key":"SMITH"},{"data":"Demon Form","floor":25,"key":"SMITH"},{"data":"Heavy Blade","floor":32,"key":"SMITH"},{"data":"Flex","floor":40,"key":"SMITH"},{"data":"Flex","floor":40,"key":"SMITH"},{"floor":47,"key":"RECALL"}],"circlet_count":0,"master_deck":["Strike_R","Strike_R","Defend_R","Defend_R","Defend_R","Defend_R","Bash","Whirlwind","Dual Wield","Flex+1","ReplayTheSpireMod:Muscle Training+1","Rupture+1","True Grit+1","Rupture+1","Demon Form+1","Flex+1","Seeing Red+1","Bloodletting","Massacre+1","Heavy Blade+1","Demon Form","Bloodletting+1","Spot Weakness+1","Offering"],"relics":["Burning Blood","NeowsBlessing","ReplayTheSpireMod:Ring of Collecting","Ring of Searing","Golden Idol","Replay:Rubber Ducky","PreservedInsect","ReplayTheSpireMod:Ring of Addiction","Toy Ornithopter","White Beast Statue","Orichalcum","Runic Pyramid","Mercury Hourglass","ReplayTheSpireMod:Ring of Exchange","Eternal Feather","Meat on the Bone","Brimstone","Replay:Arrowhead","Ancient Tea Set","Bag of Marbles","Kunai","Red Mask"],"acts_visited":["Exordium","TheCity","TheBeyond"],"potions_floor_usage":[10,12,14,16,18,21,22,27,27,33,33,35,37,48,48,50,50],"damage_taken":[{"damage":0,"enemies":"Small Slimes","floor":1,"turns":1},{"damage":0,"enemies":"Jaw Worm","floor":4,"turns":1},{"damage":0,"enemies":"Lagavulin","floor":6,"turns":1},{"damage":5,"enemies":"2 Louse","floor":7,"turns":2},{"damage":28,"enemies":"3 Sentries","floor":10,"turns":3},{"damage":7,"enemies":"Blue Slaver","floor":11,"turns":3},{"damage":0,"enemies":"Lots of Slimes","floor":12,"turns":1},{"damage":10,"enemies":"Red Slaver","floor":14,"turns":4},{"damage":30,"enemies":"Fading Forest","floor":16,"turns":11},{"damage":20,"enemies":"Spheric Guardian","floor":18,"turns":5},{"damage":22,"enemies":"2 Thieves","floor":20,"turns":3},{"damage":9,"enemies":"3 Cultists","floor":21,"turns":4},{"damage":13,"enemies":"Snake Plant","floor":22,"turns":6},{"damage":13,"enemies":"Book of Stabbing","floor":27,"turns":7},{"damage":10,"enemies":"Snecko","floor":28,"turns":5},{"damage":11,"enemies":"Cultist and Chosen","floor":31,"turns":5},{"damage":32,"enemies":"Pondfish","floor":33,"turns":5},{"damage":12,"enemies":"Orb Walker","floor":35,"turns":2},{"damage":15,"enemies":"3 Shapes","floor":37,"turns":2},{"damage":13,"enemies":"Jaw Worm Horde","floor":39,"turns":3},{"damage":0,"enemies":"3 Darklings","floor":42,"turns":1},{"damage":21,"enemies":"Giant Head","floor":44,"turns":4},{"damage":13,"enemies":"Spire Growth","floor":45,"turns":2},{"damage":34,"enemies":"Jaw Worm Horde","floor":48,"turns":3},{"damage":66,"enemies":"Awakened One","floor":50,"turns":5}],"seed_played":"-8200098886030175934","potions_obtained":[{"floor":4,"key":"LiquidBronze"},{"floor":6,"key":"PowerPotion"},{"floor":9,"key":"Dexterity Potion"},{"floor":10,"key":"Block Potion"},{"floor":11,"key":"Adrenaline Potion"},{"floor":12,"key":"Weak Potion"},{"floor":14,"key":"Swift Potion"},{"floor":16,"key":"Block Potion"},{"floor":18,"key":"Swift Potion"},{"floor":20,"key":"EntropicBrew"},{"floor":22,"key":"EssenceOfSteel"},{"floor":27,"key":"Languid Potion"},{"floor":28,"key":"Fire Potion"},{"floor":33,"key":"Toxic Potion"},{"floor":35,"key":"Toxic Potion"},{"floor":37,"key":"SteroidPotion"},{"floor":39,"key":"Dexterity Potion"},{"floor":48,"key":"Flashbang"}],"is_trial":false,"path_per_floor":["M","?","?","M","?","E","M","$","T","E","M","M","R","M","R_BF","B",null,"M","?","M","M","M","R","?","R","T","E","M","?","?","M","R_BF","B",null,"M","?","M","$","M","R","$","M","T","E","M","$","R","M","R_BF","B"],"character_chosen":"IRONCLAD","items_purchased":["ReplayTheSpireMod:Muscle Training+1","Replay:Arrowhead","Ancient Tea Set","Offering"],"campfire_rested":0,"item_purchase_floors":[8,38,38,46],"current_hp_per_floor":[80,73,73,79,59,65,66,66,66,49,48,59,59,60,60,41,80,71,71,55,57,55,55,55,55,55,58,54,54,54,49,61,45,76,70,70,66,66,59,71,71,74,74,57,50,50,62,44,56,0,0],"gold":0,"neow_bonus":"THREE_ENEMY_KILL","is_daily":false,"chose_seed":false,"campfire_upgraded":7,"win_rate":0.0,"timestamp":1608889110,"path_taken":["M","?","?","M","?","E","?","?","T","E","M","?","R","M","R_BF","BOSS","M","?","M","?","M","R","?","R","T","E","M","?","?","?","R_BF","BOSS","M","?","?","$","M","R","?","M","T","E","M","$","R","M","R_BF","BOSS"],"items_purchased_type":["Card","Relic","Relic","Card"],"build_version":"2020-12-22","purchased_purges":3,"victory":false,"max_hp_per_floor":[80,80,80,80,80,80,80,80,80,80,80,80,80,80,80,80,80,80,80,80,80,80,80,80,80,78,78,78,78,78,76,76,76,76,76,76,76,76,76,76,74,74,74,72,72,72,70,70,70,70,70],"card_choices":[{"not_picked":["Headbutt","Cleave"],"picked":"Armaments","floor":1},{"not_picked":["Heavy Blade","Anger"],"picked":"Whirlwind","floor":4},{"not_picked":["Massacre","Reaper"],"picked":"Dual Wield","floor":6},{"not_picked":["Warcry","Seeing Red"],"picked":"Flex","floor":7},{"not_picked":["ReplayTheSpireMod:Strike From Hell","Clothesline"],"picked":"Rupture","floor":10},{"not_picked":["Thunderclap","Evolve","Searing Blow"],"picked":"SKIP","floor":11},{"not_picked":["Cleave","Sword Boomerang"],"picked":"True Grit","floor":12},{"not_picked":["Power Through","Spot Weakness"],"picked":"Rupture","floor":14},{"not_picked":["Double Tap","Berserk"],"picked":"Demon Form","floor":16},{"not_picked":["Uppercut","Shrug It Off","Run Through"],"picked":"SKIP","floor":18},{"not_picked":["ReplayTheSpireMod:LeadingStrike+1","Clothesline"],"picked":"Flex","floor":20},{"not_picked":["Warcry","Perfected Strike","Clash"],"picked":"SKIP","floor":21},{"not_picked":["Sword Boomerang","Havoc"],"picked":"Seeing Red","floor":22},{"not_picked":["Perfected Strike+1","Warcry+1"],"picked":"Bloodletting","floor":27},{"not_picked":["Clothesline","Wild Strike"],"picked":"Massacre+1","floor":28},{"not_picked":["Shrug It Off","True Grit"],"picked":"Heavy Blade","floor":31},{"not_picked":["Impervious","Immolate"],"picked":"Demon Form","floor":33},{"not_picked":["Life Link+1","Flame Barrier","Flex"],"picked":"SKIP","floor":35},{"not_picked":["Replay:Undeath\u0027s Touch","Ghostly Armor+1","Twin Strike"],"picked":"SKIP","floor":37},{"not_picked":["Second Wind","Warcry","Pommel Strike"],"picked":"SKIP","floor":39},{"not_picked":["Clash","ReplayTheSpireMod:Limb From Limb+1"],"picked":"Bloodletting+1","floor":42},{"not_picked":["Run Through","Defy Death"],"picked":"Spot Weakness+1","floor":44},{"not_picked":["Clash+1","Shockwave+1","Power Through+1"],"picked":"SKIP","floor":45},{"not_picked":["Sentinel+1","Clothesline","Thunderclap+1"],"picked":"SKIP","floor":48}],"player_experience":136395,"relics_obtained":[{"floor":3,"key":"ReplayTheSpireMod:Ring of Collecting"},{"floor":3,"key":"Ring of Searing"},{"floor":6,"key":"Replay:Rubber Ducky"},{"floor":9,"key":"PreservedInsect"},{"floor":9,"key":"ReplayTheSpireMod:Ring of Addiction"},{"floor":9,"key":"Toy Ornithopter"},{"floor":9,"key":"White Beast Statue"},{"floor":10,"key":"Orichalcum"},{"floor":26,"key":"ReplayTheSpireMod:Ring of Exchange"},{"floor":26,"key":"Eternal Feather"},{"floor":27,"key":"Meat on the Bone"},{"floor":43,"key":"Bag of Marbles"},{"floor":44,"key":"Kunai"}],"event_choices":[{"cards_removed":["Strike_R"],"damage_healed":0,"gold_gain":0,"player_choice":"Card Removal","damage_taken":7,"max_hp_gain":0,"max_hp_loss":0,"event_name":"Golden Wing","floor":2,"gold_loss":0},{"damage_healed":0,"gold_gain":0,"player_choice":"Take Damage","damage_taken":20,"relics_obtained":["Golden Idol"],"max_hp_gain":0,"max_hp_loss":0,"event_name":"Golden Idol","floor":5,"gold_loss":0},{"cards_removed":["Armaments"],"damage_healed":0,"gold_gain":0,"player_choice":"Gave Card","damage_taken":0,"relics_obtained":["Mercury Hourglass"],"max_hp_gain":0,"max_hp_loss":0,"event_name":"WeMeetAgain","floor":19,"gold_loss":0},{"damage_healed":0,"gold_gain":99,"player_choice":"Stole From Cult","damage_taken":0,"max_hp_gain":0,"max_hp_loss":0,"event_name":"Nest","floor":24,"gold_loss":0},{"damage_healed":0,"gold_gain":0,"player_choice":"Ignored","damage_taken":0,"max_hp_gain":0,"max_hp_loss":0,"event_name":"Ghosts","floor":29,"gold_loss":0},{"damage_healed":0,"gold_gain":0,"player_choice":"Bought 0 Potions","damage_taken":0,"max_hp_gain":0,"max_hp_loss":0,"event_name":"The Woman in Blue","floor":30,"gold_loss":0},{"damage_healed":0,"gold_gain":0,"player_choice":"Forge","damage_taken":0,"max_hp_gain":0,"max_hp_loss":0,"event_name":"Accursed Blacksmith","floor":36,"gold_loss":0,"cards_upgraded":["Rupture"]},{"damage_healed":0,"gold_gain":0,"player_choice":"Paid","damage_taken":0,"relics_obtained":["Red Mask"],"max_hp_gain":0,"max_hp_loss":0,"event_name":"Tomb of Lord Red Mask","floor":49,"gold_loss":89}],"is_beta":false,"boss_relics":[{"not_picked":["Replay:Grab Bag","Fusion Hammer"],"picked":"Runic Pyramid"},{"not_picked":["Coffee Dripper","Replay:Bronze Core"],"picked":"Brimstone"}],"items_purged_floors":[8,38,41],"is_endless":false,"potions_floor_spawned":[4,6,10,11,12,14,16,18,20,21,22,27,28,31,33,35,37,39,42,44,45,48],"killed_by":"Awakened One","ascension_level":0}}