{"host":"bbld1ic1uj90ldt9","time":1608925343,"event":{"mods":["2.2 Compatiblity","AchievementEnabler","Act Like it!","BaseMod","Better Third Choice","Conspire","Downfall","Emptier Cage","Gensokyo","Hallownest","Hermit","Highlight Path","Hubris","Marisa????????","Minty Spire (QoL Compilation)","Random Character Button","Replay The Spire","StSLib","The Animator","The Bug Knight","The Cursed","The Disciple","The Hierophant","The Jungle","The Runesmith","The Servant 0.9.4"],"gold_per_floor":[109,109,122,141,141,141,141],"floor_reached":6,"playtime":2709,"items_purged":[],"score":38,"play_id":"4f09cc3a-2c72-4c06-b8da-eda8be431419","local_time":"20201225204223","is_ascension_mode":true,"campfire_choices":[],"circlet_count":0,"master_deck":["Strike_Br","Strike_Br","Strike_Br","Defend_Br","Defend_Br","Defend_Br","Defend_Br","SecondHand","PatternShift","LockedBlood","HandsUpB","ExoVibe"],"relics":["Chronometer","hubris:Icosahedron"],"acts_visited":["Exordium"],"potions_floor_usage":[6],"damage_taken":[{"damage":6,"enemies":"Jaw Worm","floor":1,"turns":6},{"damage":2,"enemies":"Cultist","floor":3,"turns":6},{"damage":1,"enemies":"conspire:RoseBush","floor":4,"turns":3},{"damage":79,"enemies":"Gremlin Nob","floor":6,"turns":6}],"seed_played":"4351606765062599914","potions_obtained":[{"floor":1,"key":"sneckomod:MuddlingPotion"},{"floor":3,"key":"Cursed Concoction"}],"is_trial":false,"path_per_floor":["M","?","M","M","?","E"],"character_chosen":"CHRONO_CLASS","items_purchased":[],"campfire_rested":0,"item_purchase_floors":[],"current_hp_per_floor":[65,65,69,71,71,0,0],"gold":141,"neow_bonus":"TEN_PERCENT_HP_BONUS","is_daily":false,"chose_seed":false,"campfire_upgraded":0,"win_rate":0.0,"timestamp":1608925343,"path_taken":["M","?","?","M","?","E"],"items_purchased_type":[],"build_version":"2020-12-22","purchased_purges":0,"victory":false,"max_hp_per_floor":[71,71,71,71,71,71,71],"card_choices":[{"not_picked":["Cuckoo","CrunchTime"],"picked":"LockedBlood","floor":1},{"not_picked":["ReapSow","LockedBlood"],"picked":"HandsUpB","floor":3},{"not_picked":["Echoward","LockedBlood"],"picked":"ExoVibe","floor":4}],"player_experience":2154880,"relics_obtained":[],"event_choices":[{"cards_removed":["Strike_Br"],"damage_healed":0,"gold_gain":0,"player_choice":"Purged","damage_taken":0,"max_hp_gain":0,"max_hp_loss":0,"event_name":"Purifier","floor":2,"gold_loss":0}],"is_beta":false,"boss_relics":[],"items_purged_floors":[],"is_endless":false,"potions_floor_spawned":[1,3],"killed_by":"Gremlin Nob","ascension_level":1}}