{"host":"0ueeacaatm8t6jyh","time":1608881860,"event":{"mods":["AchievementEnabler","BaseMod","Colored Powertips","Minty Spire (QoL Compilation)","Quick Restart","Rare Cards Sparkle","StSLib"],"gold_per_floor":[109,109,28,38,55,81,92,106,106,121,121,121,121,138,138,212,212,224,78,177,177,177,177,208,208,208,218,135,135,135,146,146,146,146],"floor_reached":33,"playtime":1298,"items_purged":["Strike_R"],"score":437,"play_id":"5edc56bb-c817-4393-806c-c12866c94a0b","local_time":"20201225153740","is_ascension_mode":true,"campfire_choices":[{"data":"Trip","floor":15.0,"key":"SMITH"},{"data":"Barricade","floor":23.0,"key":"SMITH"},{"data":"Seeing Red","floor":25.0,"key":"SMITH"},{"floor":32,"key":"REST"}],"circlet_count":0,"master_deck":["AscendersBane","Strike_R","Strike_R","Defend_R","Defend_R","Trip+1","Perfected Strike","Flame Barrier","Sword Boomerang","Twin Strike","Fire Breathing","Twin Strike","Shrug It Off","Seeing Red+1","Reckless Charge","Barricade+1","Spot Weakness+1","Whirlwind+1","Intimidate+1","Dropkick","Battle Trance","Second Wind","Armaments","Inflame","Rampage"],"relics":["Burning Blood","Omamori","Centennial Puzzle","Ice Cream","Potion Belt","Astrolabe","Mercury Hourglass","Thread and Needle","Happy Flower"],"acts_visited":["Exordium","TheCity"],"potions_floor_usage":[31,33,33],"damage_taken":[{"damage":11.0,"enemies":"Small Slimes","floor":1.0,"turns":5.0},{"damage":0.0,"enemies":"Cultist","floor":4.0,"turns":2.0},{"damage":2.0,"enemies":"2 Louse","floor":5.0,"turns":2.0},{"damage":25.0,"enemies":"3 Sentries","floor":6.0,"turns":7.0},{"damage":0.0,"enemies":"2 Fungi Beasts","floor":7.0,"turns":3.0},{"damage":18.0,"enemies":"Large Slime","floor":8.0,"turns":3.0},{"damage":13.0,"enemies":"Blue Slaver","floor":10.0,"turns":3.0},{"damage":6.0,"enemies":"Looter","floor":14.0,"turns":2.0},{"damage":37.0,"enemies":"Hexaghost","floor":16.0,"turns":9.0},{"damage":12.0,"enemies":"Shell Parasite","floor":18.0,"turns":3.0},{"damage":19.0,"enemies":"Slavers","floor":24.0,"turns":2.0},{"damage":4.0,"enemies":"Chosen","floor":27.0,"turns":4.0},{"damage":11,"enemies":"Shelled Parasite and Fungi","floor":31,"turns":2},{"damage":76,"enemies":"Automaton","floor":33,"turns":6}],"seed_played":"4314524839216601614","potions_obtained":[{"floor":1.0,"key":"Fire Potion"},{"floor":7.0,"key":"BlessingOfTheForge"},{"floor":8.0,"key":"Energy Potion"},{"floor":16.0,"key":"DuplicationPotion"},{"floor":18.0,"key":"EntropicBrew"},{"floor":31,"key":"ColorlessPotion"}],"is_trial":false,"path_per_floor":["M","?","$","M","M","E","M","M","T","M","T","?","?","M","R","B",null,"M","$","?","?","?","R","E","R","T","M","$","?","T","M","R","B"],"character_chosen":"IRONCLAD","items_purchased":["Flame Barrier","Sword Boomerang","Battle Trance","Armaments","Inflame"],"campfire_rested":1,"item_purchase_floors":[3,3,19,28,28],"current_hp_per_floor":[67,67,67,73,77,58,64,52,52,45,45,38,38,38,38,7,62,56,56,56,41,41,41,28,28,28,30,30,30,30,25,50,0,0],"gold":146,"neow_bonus":"RANDOM_COLORLESS","is_daily":false,"chose_seed":false,"campfire_upgraded":3,"win_rate":0.0,"timestamp":1608881860,"path_taken":["M","?","$","M","?","E","M","M","T","M","?","?","?","M","R","BOSS","M","$","?","?","?","R","E","R","T","M","?","?","?","M","R","BOSS"],"items_purchased_type":["Card","Card","Card","Card","Card"],"build_version":"2020-12-22","purchased_purges":1,"victory":false,"max_hp_per_floor":[80,80,80,80,80,80,80,80,80,80,80,80,80,80,80,80,80,80,80,80,85,85,85,85,85,85,85,85,85,85,85,85,85,85],"card_choices":[{"not_picked":["Jack Of All Trades","Finesse"],"picked":"Trip","floor":0.0},{"not_picked":["Wild Strike","Anger"],"picked":"Perfected Strike","floor":1.0},{"not_picked":["Havoc","Sentinel","Headbutt"],"picked":"SKIP","floor":4.0},{"not_picked":["Sever Soul","Warcry"],"picked":"Twin Strike","floor":5.0},{"not_picked":["Clothesline","Carnage"],"picked":"Fire Breathing","floor":6.0},{"not_picked":["Clash","Anger"],"picked":"Twin Strike","floor":7.0},{"not_picked":["Headbutt","Sentinel"],"picked":"Shrug It Off","floor":8.0},{"not_picked":["Headbutt","Warcry"],"picked":"Seeing Red","floor":10.0},{"not_picked":["Feel No Pain","Power Through"],"picked":"Reckless Charge","floor":14.0},{"not_picked":["Bludgeon","Exhume"],"picked":"Barricade","floor":16.0},{"not_picked":["Sever Soul","Clothesline"],"picked":"Dropkick","floor":18.0},{"not_picked":["Clothesline","Havoc","Searing Blow"],"picked":"SKIP","floor":24.0},{"not_picked":["Clothesline","Shockwave"],"picked":"Second Wind","floor":27.0},{"not_picked":["Havoc","Perfected Strike"],"picked":"Rampage","floor":31}],"player_experience":307905,"relics_obtained":[{"floor":6.0,"key":"Omamori"},{"floor":9.0,"key":"Centennial Puzzle"},{"floor":11.0,"key":"Ice Cream"},{"floor":24.0,"key":"Mercury Hourglass"},{"floor":30.0,"key":"Happy Flower"}],"event_choices":[{"cards_removed":["Bash"],"damage_healed":0.0,"max_hp_gain":0.0,"max_hp_loss":0.0,"gold_gain":0.0,"event_name":"Bonfire Elementals","player_choice":"Offered Basic","floor":2.0,"gold_loss":0.0,"damage_taken":0.0},{"cards_removed":["Defend_R"],"damage_healed":0.0,"max_hp_gain":0.0,"max_hp_loss":0.0,"gold_gain":0.0,"event_name":"Golden Wing","player_choice":"Card Removal","floor":12.0,"gold_loss":0.0,"damage_taken":7.0},{"damage_healed":0.0,"max_hp_gain":0.0,"max_hp_loss":0.0,"gold_gain":0.0,"event_name":"Big Fish","player_choice":"Box","floor":13.0,"gold_loss":0.0,"damage_taken":0.0,"relics_obtained":["Potion Belt"],"cards_obtained":["Regret"]},{"damage_healed":0.0,"max_hp_gain":0.0,"max_hp_loss":0.0,"gold_gain":99.0,"event_name":"Nest","player_choice":"Stole From Cult","floor":20.0,"gold_loss":0.0,"damage_taken":0.0},{"damage_healed":0.0,"max_hp_gain":5.0,"max_hp_loss":0.0,"gold_gain":0.0,"event_name":"Forgotten Altar","player_choice":"Shed Blood","floor":21.0,"gold_loss":0.0,"damage_taken":20.0},{"damage_healed":0.0,"max_hp_gain":0.0,"max_hp_loss":0.0,"gold_gain":0.0,"event_name":"Vampires","player_choice":"Ignored","floor":22.0,"gold_loss":0.0,"damage_taken":0.0},{"damage_healed":0.0,"max_hp_gain":0.0,"max_hp_loss":0.0,"gold_gain":0.0,"event_name":"The Mausoleum","player_choice":"Opened","floor":29.0,"gold_loss":0.0,"damage_taken":0.0,"relics_obtained":["Thread and Needle"],"cards_obtained":["Writhe"]}],"is_beta":false,"boss_relics":[{"not_picked":["Cursed Key","Ectoplasm"],"picked":"Astrolabe"}],"items_purged_floors":[19],"is_endless":false,"potions_floor_spawned":[1,7,8,16,18,31],"killed_by":"Automaton","ascension_level":13}}