{"host":"j5gdvqtwmxqn6tw6","time":1608919825,"event":{"mods":["BaseMod","Colored Map","Colored Powertips","Downfall","Minty Spire (QoL Compilation)","Replay The Spire","StSLib","SuperFastMode"],"gold_per_floor":[113,113,124,199,299,299,313,313,313,38,38,70,70,88,88,189,189,200,200,214,224,224,224,224,224,524,554,554,350,369,394,394,497,497,508,556,506,506,218,218,250,250,250,282,282,296,296,309,309,309],"floor_reached":51,"playtime":1505,"items_purged":["Defend_R","Sickly","Clumsy"],"score":987,"play_id":"b9e8eb45-db9f-438f-89b7-64f60c38212e","local_time":"20201225191025","is_ascension_mode":false,"campfire_choices":[{"data":"Bash","floor":6,"key":"SMITH"},{"data":"Clothesline","floor":8,"key":"SMITH"},{"data":"Iron Wave","floor":11,"key":"SMITH"},{"data":"Juggernaut","floor":13,"key":"SMITH"},{"data":"Twin Strike","floor":15,"key":"SMITH"},{"data":"Armaments","floor":23,"key":"SMITH"},{"data":"Defend_R","floor":25,"key":"SMITH"},{"floor":28,"key":"REST"},{"data":"Strike_R","floor":32,"key":"PURGE"},{"floor":42,"key":"REST"},{"floor":47,"key":"REST"},{"data":"Defend_R","floor":49,"key":"SMITH"}],"circlet_count":0,"master_deck":["Strike_R","Strike_R","Defend_R+1","Defend_R+1","Bash+1","Twin Strike+1","Iron Wave+1","Clothesline+1","Swift Strike+1","Juggernaut+1","Feed+1","Armaments+1","Thunderclap+1","Perfected Strike+1","Cleave+1","Iron Wave+1","Iron Wave+1","Reaper+1","CommonCold","Cleave+1","Replay:Undeath\u0027s Touch+1","Reaper+1","Bloodletting+1","Pommel Strike+1"],"relics":["Black Blood","NeowsBlessing","Molten Egg 2","Membership Card","ReplayTheSpireMod:TigerMarble","Old Coin","Magic Flower","Replay:WaspNest","Lee\u0027s Waffle","ReplayTheSpireMod:Spearhead","Replay:Ancient Bell","Bag of Preparation","Ornamental Fan","Ice Cream","Snack Pack","Blood Vial","Toy Ornithopter","Champion Belt","Lantern","Unceasing Top","Pantograph"],"acts_visited":["Exordium","TheCity","TheBeyond"],"potions_floor_usage":[12,16,20,33,33,44,44,50],"damage_taken":[{"damage":0,"enemies":"2 Louse","floor":1,"turns":1},{"damage":0,"enemies":"Small Slimes","floor":3,"turns":1},{"damage":0,"enemies":"Jaw Worm","floor":7,"turns":1},{"damage":6,"enemies":"Lagavulin","floor":12,"turns":4},{"damage":4,"enemies":"Red Slaver","floor":14,"turns":3},{"damage":72,"enemies":"Fading Forest","floor":16,"turns":11},{"damage":5,"enemies":"Chosen","floor":18,"turns":4},{"damage":14,"enemies":"3 Byrds","floor":20,"turns":5},{"damage":37,"enemies":"Centurion and Healer","floor":21,"turns":8},{"damage":49,"enemies":"Slavers","floor":27,"turns":5},{"damage":15,"enemies":"Snake Plant","floor":30,"turns":3},{"damage":42,"enemies":"Gremlin Leader","floor":31,"turns":6},{"damage":45,"enemies":"Pondfish","floor":33,"turns":9},{"damage":20,"enemies":"3 Darklings","floor":35,"turns":5},{"damage":34,"enemies":"R_Hoarder","floor":41,"turns":9},{"damage":74,"enemies":"Giant Head","floor":44,"turns":10},{"damage":15,"enemies":"Orb Walker","floor":46,"turns":3},{"damage":37,"enemies":"Maw","floor":48,"turns":7},{"damage":110,"enemies":"Awakened One","floor":50,"turns":11}],"seed_played":"-9071014067878110207","potions_obtained":[{"floor":3,"key":"Guardian:BlockOnCardUsePotion"},{"floor":12,"key":"Adrenaline Potion"},{"floor":16,"key":"Languid Potion"},{"floor":18,"key":"SkillPotion"},{"floor":30,"key":"Strength Potion"},{"floor":35,"key":"SpeedPotion"},{"floor":36,"key":"Flashbang"},{"floor":48,"key":"Toxic Potion"}],"is_trial":false,"path_per_floor":["M","?","M","?","?","R","M","R","T","$","R","E","R","M","R","B",null,"M","?","M","M","?","R","?","R","T","E","R","$","M","E","R_BF","B",null,"M","?","$","?","$","?","E","R","T","E","T","M","R","M","R","B",null],"character_chosen":"IRONCLAD","items_purchased":["Membership Card","Swift Strike+1","Replay:WaspNest","Lee\u0027s Waffle","Blood Vial","Toy Ornithopter","Reaper+1"],"campfire_rested":3,"item_purchase_floors":[10,10,29,29,39,39,39],"current_hp_per_floor":[80,73,79,68,68,68,74,74,74,74,74,74,74,76,76,20,80,80,80,82,61,61,61,61,61,61,28,55,99,99,81,81,54,103,101,76,76,76,76,76,75,103,103,65,65,85,103,103,103,35],"gold":309,"neow_bonus":"THREE_ENEMY_KILL","is_daily":false,"chose_seed":false,"campfire_upgraded":8,"win_rate":0.0,"timestamp":1608919825,"path_taken":["M","?","M","?","?","R","M","R","T","$","R","E","R","M","R","BOSS","M","?","?","M","?","R","?","R","T","E","R","?","M","E","R_BF","BOSS","M","?","$","?","$","?","E","R","T","E","?","M","R","M","R","BOSS"],"items_purchased_type":["Relic","Card","Relic","Relic","Relic","Relic","Card"],"build_version":"2020-12-22","purchased_purges":3,"victory":true,"max_hp_per_floor":[80,80,80,80,80,80,80,80,80,80,80,80,80,80,80,80,80,80,80,84,88,88,88,88,88,88,92,92,99,99,103,103,103,103,103,103,103,103,103,103,103,103,103,103,103,103,103,103,103,103],"card_choices":[{"not_picked":["Sword Boomerang","Clash"],"picked":"Twin Strike","floor":1},{"not_picked":["Flex","Blood for Blood"],"picked":"Iron Wave","floor":3},{"not_picked":["Cleave","Hemokinesis"],"picked":"Clothesline","floor":7},{"not_picked":["ReplayTheSpireMod:Muscle Training","ReplayTheSpireMod:Strike From Hell+1"],"picked":"Juggernaut","floor":12},{"not_picked":["Havoc","Abandon","Massacre+1"],"picked":"SKIP","floor":14},{"not_picked":["Juggernaut","Berserk"],"picked":"Feed+1","floor":16},{"not_picked":["Dark Embrace","Body Slam+1"],"picked":"Armaments","floor":18},{"not_picked":["Anger+1","Run Through+1","ReplayTheSpireMod:Muscle Training"],"picked":"SKIP","floor":20},{"not_picked":["Warcry","Sentinel+1"],"picked":"Perfected Strike+1","floor":21},{"not_picked":["Burning Pact","ReplayTheSpireMod:Muscle Training+1"],"picked":"Cleave+1","floor":27},{"not_picked":["Feed+1","True Grit"],"picked":"Iron Wave+1","floor":30},{"not_picked":["Run Through+1","Juggernaut"],"picked":"Iron Wave+1","floor":31},{"not_picked":["Demon Form","Bludgeon+1"],"picked":"Reaper+1","floor":33},{"not_picked":["Sickly","ReplayTheSpireMod:Faulty Equipment"],"picked":"CommonCold","floor":34},{"not_picked":["sneckomod:Bewildered","Normality"],"picked":"Sickly","floor":34},{"not_picked":["Writhe","ReplayTheSpireMod:Doomed"],"picked":"Clumsy","floor":34},{"not_picked":["Run Through+1","Fire Breathing+1"],"picked":"Cleave+1","floor":35},{"not_picked":["Iron Wave+1","Clothesline+1"],"picked":"Replay:Undeath\u0027s Touch+1","floor":36},{"not_picked":["Sword Boomerang+1","ReplayReversal"],"picked":"Bloodletting+1","floor":41},{"not_picked":["Sword Boomerang+1","Anger+1","Second Wind+1"],"picked":"SKIP","floor":44},{"not_picked":["Ghostly Armor+1","Immolate+1","Wild Strike+1"],"picked":"SKIP","floor":46},{"not_picked":["Spot Weakness+1","Headbutt+1"],"picked":"Pommel Strike+1","floor":48}],"player_experience":56495,"relics_obtained":[{"floor":9,"key":"Molten Egg 2"},{"floor":12,"key":"ReplayTheSpireMod:TigerMarble"},{"floor":26,"key":"Old Coin"},{"floor":27,"key":"Magic Flower"},{"floor":31,"key":"ReplayTheSpireMod:Spearhead"},{"floor":36,"key":"Snack Pack"},{"floor":41,"key":"Champion Belt"},{"floor":43,"key":"Lantern"},{"floor":44,"key":"Unceasing Top"},{"floor":45,"key":"Pantograph"}],"event_choices":[{"cards_removed":["Strike_R"],"damage_healed":0,"gold_gain":0,"player_choice":"Card Removal","damage_taken":7,"max_hp_gain":0,"max_hp_loss":0,"event_name":"Golden Wing","floor":2,"gold_loss":0},{"damage_healed":0,"gold_gain":75,"player_choice":"Gather Gold","damage_taken":11,"max_hp_gain":0,"max_hp_loss":0,"event_name":"World of Goop","floor":4,"gold_loss":0},{"damage_healed":0,"gold_gain":100,"player_choice":"Pray","damage_taken":0,"max_hp_gain":0,"max_hp_loss":0,"event_name":"Golden Shrine","floor":5,"gold_loss":0},{"damage_healed":0,"gold_gain":0,"cards_transformed":["Strike_R"],"player_choice":"Transformed","damage_taken":0,"max_hp_gain":0,"max_hp_loss":0,"event_name":"Transmorgrifier","floor":19,"gold_loss":0,"cards_obtained":["Thunderclap"]},{"damage_healed":0,"gold_gain":0,"player_choice":"Ignored","damage_taken":0,"max_hp_gain":0,"max_hp_loss":0,"event_name":"Ghosts","floor":22,"gold_loss":0},{"cards_removed":["Defend_R"],"damage_healed":0,"gold_gain":0,"player_choice":"Removed Skill","damage_taken":0,"max_hp_gain":0,"max_hp_loss":0,"event_name":"Falling","floor":40,"gold_loss":0}],"is_beta":false,"boss_relics":[{"not_picked":["Runic Pyramid","Calling Bell"],"picked":"Black Blood"},{"not_picked":["Honey Jar","ChewingGum"],"picked":"Replay:Ancient Bell"},{"not_picked":["Orichalcum","Dream Catcher"],"picked":"Bag of Preparation"},{"not_picked":["Mercury Hourglass","Iron Hammer"],"picked":"Ornamental Fan"},{"not_picked":["WingedGreaves","Gambling Chip"],"picked":"Ice Cream"}],"items_purged_floors":[10,37,39],"is_endless":false,"potions_floor_spawned":[3,12,16,18,30,35,48],"ascension_level":0}}