{"host":"81h68oe4mr04pk3r","time":1608878212,"event":{"mods":["Act Like it!","Aspiration","BaseMod","BetterRewards","Colored Map","Colored Powertips","Conspire","Downfall","Hermit","Hubris","Infinite Spire","Jorbs\u0027s Wanderer Trilogy","Koishi","Lobotomy","LobotomyExtend","Marisa????????","Minty Spire (QoL Compilation)","Quick Restart","Reimu??????","Remilia??????","Replay The Spire","StSLib","The Bug Knight","The Construct","The Cursed","The Disciple","The Servant 0.9.4"],"gold_per_floor":[110,449,0,20,32,32,52,52,75,35,47,47,47,67,67,168,168,168,186,186,186],"floor_reached":20,"playtime":1326,"items_purged":[],"score":164,"play_id":"652550f2-6af3-48a7-bbea-125ebff2ec3c","local_time":"20201224223652","is_ascension_mode":false,"campfire_choices":[{"floor":6.0,"key":"REST"},{"data":"Snipe","floor":8.0,"key":"SMITH"},{"floor":15.0,"key":"REST"}],"circlet_count":0,"master_deck":["Strike_S","Strike_S","Strike_S","Strike_S","Defend_S","Defend_S","Defend_S","Defend_S","KidneyShot+1","Exchange","Rearm","Ricochet","Rearm","Panacea","Snipe+1","Revamp","FastForward","Defy","Dilation","Ricochet+1"],"relics":["Uniform","Old Coin","hubris:BundleOfHerbs","LetterFromLob","hubris:TenFootPole","PaintedHorse:ReiMu","hubris:HollowSoul"],"acts_visited":["Exordium","TheCity"],"potions_floor_usage":[20],"damage_taken":[{"damage":0.0,"enemies":"2 Louse","floor":1.0,"turns":4.0},{"damage":20.0,"enemies":"conspire:MimicChest","floor":2.0,"turns":8.0},{"damage":1.0,"enemies":"Jaw Worm","floor":4.0,"turns":4.0},{"damage":0.0,"enemies":"Cultist","floor":5.0,"turns":4.0},{"damage":2.0,"enemies":"Looter","floor":7.0,"turns":2.0},{"damage":14.0,"enemies":"Red Slaver","floor":11.0,"turns":3.0},{"damage":6.0,"enemies":"Large Slime","floor":14.0,"turns":6.0},{"damage":46.0,"enemies":"Hexaghost","floor":16.0,"turns":6.0},{"damage":39.0,"enemies":"3 Byrds","floor":19.0,"turns":10.0},{"damage":19,"enemies":"Spheric Guardian","floor":20,"turns":4}],"seed_played":"-2842526631348789142","potions_obtained":[{"floor":4.0,"key":"Swift Potion"},{"floor":7.0,"key":"FearPotion"},{"floor":13.0,"key":"Strength Potion"},{"floor":13.0,"key":"Death Potion"},{"floor":16.0,"key":"Reflective Coating"}],"is_trial":false,"path_per_floor":["M","?","$","M","M","R","M","R","T","?","M","$","?","M","R","B",null,"M","M","M"],"character_chosen":"THE_SERVANT","items_purchased":["Rearm","hubris:BundleOfHerbs","Panacea"],"campfire_rested":2,"item_purchase_floors":[3,3,3],"current_hp_per_floor":[65,45,45,44,44,63,61,61,61,61,47,47,47,41,60,14,65,65,26,7,7],"gold":186,"neow_bonus":"UPGRADE_CARD","is_daily":false,"chose_seed":false,"campfire_upgraded":1,"win_rate":0.0,"timestamp":1608878212,"path_taken":["M","?","$","M","M","R","M","R","T","?","M","?","?","M","R","BOSS","M","M","M"],"items_purchased_type":["Card","Relic","Card"],"build_version":"2020-12-22","purchased_purges":0,"victory":false,"max_hp_per_floor":[65,65,65,65,65,65,65,65,65,65,65,65,65,65,65,65,65,65,65,65,65],"card_choices":[{"not_picked":["Replace","FastForward"],"picked":"Rearm","floor":1.0},{"not_picked":["Spin","Hightail"],"picked":"Ricochet","floor":2.0},{"not_picked":["Comet","TimeWarp","ShiftingGears"],"picked":"SKIP","floor":4.0},{"not_picked":["KillingDoll","Sabotage"],"picked":"Snipe","floor":5.0},{"not_picked":["Rewind","Replace"],"picked":"Revamp","floor":7.0},{"not_picked":["TimeWarp","Revamp"],"picked":"FastForward","floor":11.0},{"not_picked":["Spin","TimeWarp"],"picked":"Defy","floor":14.0},{"not_picked":["Initiator","PendulumOfEternity"],"picked":"Dilation","floor":16.0},{"not_picked":["DualDimension","Reset"],"picked":"Ricochet+1","floor":19.0}],"player_experience":177353,"relics_obtained":[{"floor":2.0,"key":"Old Coin"},{"floor":5.0,"key":"LetterFromLob"},{"floor":9.0,"key":"hubris:TenFootPole"}],"event_choices":[{"damage_healed":0.0,"max_hp_gain":0.0,"max_hp_loss":0.0,"gold_gain":0.0,"event_name":"yidonshenshe","player_choice":"Donate","floor":10.0,"gold_loss":40.0,"damage_taken":0.0,"relics_obtained":["PaintedHorse:ReiMu"]},{"damage_healed":0.0,"max_hp_gain":0.0,"max_hp_loss":0.0,"gold_gain":0.0,"event_name":"Lab","player_choice":"Got Potions","floor":13.0,"gold_loss":0.0,"damage_taken":0.0}],"is_beta":false,"boss_relics":[{"not_picked":["Kintsugi","Replay:Bronze Core"],"picked":"hubris:HollowSoul"}],"items_purged_floors":[],"is_endless":false,"potions_floor_spawned":[2,4,7,16],"killed_by":"Spheric Guardian","ascension_level":0}}