{"host":"gx04ak8ofzo346nl","time":1608868883,"event":{"mods":["BaseMod","Colored Map","Googly Eyes","Highlight Path","Minty Spire (QoL Compilation)","Replay The Spire","StSLib","The Wild Card"],"gold_per_floor":[116,132,152,162,179,179,213,231,258,272,272,291,309,327,327,422,422,411,422,422,422,449,449,449,449,449],"floor_reached":25,"playtime":3667,"items_purged":[],"score":234,"play_id":"35fc599f-a313-45e0-ae1d-c45184d453e9","local_time":"20201224200123","is_ascension_mode":false,"campfire_choices":[{"data":"theWildCard:Odin","floor":6,"key":"SMITH"},{"floor":11,"key":"RECALL"},{"data":"theWildCard:TheArcanaUnleashed","floor":15,"key":"SMITH"},{"data":"theWildCard:AllOutAttack","floor":23,"key":"SMITH"}],"circlet_count":0,"master_deck":["theWildCard:BasicStrike+1","theWildCard:BasicStrike","theWildCard:BasicStrike+1","theWildCard:BasicStrike","theWildCard:BasicDefend","theWildCard:BasicDefend","theWildCard:BasicDefend","theWildCard:BasicDefend","theWildCard:CallToAdventure","theWildCard:Arsene","theWildCard:SeveringSlash","theWildCard:PowerOfTheArcana","theWildCard:PaleRider","theWildCard:Odin+1","theWildCard:AllOutAttack+1","theWildCard:TheArcanaUnleashed+1","theWildCard:ArchaicAssault","theWildCard:UnderLockAndKey","theWildCard:Safeguard","theWildCard:Caesar","theWildCard:SacrificialStroke+1","Necronomicurse","theWildCard:ManOfManyFaces"],"relics":["theWildCard:VelvetContract","Strawberry","Busted Crown","Necronomicon","Red Mask","Whetstone"],"acts_visited":["Exordium","TheCity"],"potions_floor_usage":[7,7,13,22,22,25,25],"damage_taken":[{"damage":11,"enemies":"Small Slimes","floor":1,"turns":4},{"damage":0,"enemies":"2 Louse","floor":2,"turns":1},{"damage":16,"enemies":"Jaw Worm","floor":3,"turns":3},{"damage":2,"enemies":"2 Fungi Beasts","floor":4,"turns":4},{"damage":0,"enemies":"Large Slime","floor":5,"turns":5},{"damage":0,"enemies":"3 Sentries","floor":7,"turns":11},{"damage":0,"enemies":"Looter","floor":8,"turns":4},{"damage":0,"enemies":"3 Louse","floor":10,"turns":5},{"damage":0,"enemies":"Large Slime","floor":12,"turns":10},{"damage":0,"enemies":"Looter","floor":13,"turns":5},{"damage":1,"enemies":"3 Louse","floor":14,"turns":2},{"damage":15,"enemies":"Fading Forest","floor":16,"turns":11},{"damage":5,"enemies":"2 Thieves","floor":18,"turns":4},{"damage":0,"enemies":"Chosen","floor":19,"turns":8},{"damage":3,"enemies":"Masked Bandits","floor":22,"turns":4},{"damage":58,"enemies":"Gremlin Leader","floor":25,"turns":10}],"seed_played":"6162513283470126580","potions_obtained":[{"floor":4,"key":"Explosive Potion"},{"floor":5,"key":"Fire Potion"},{"floor":8,"key":"Venom Potion"},{"floor":10,"key":"Strength Potion"},{"floor":16,"key":"SpeedPotion"},{"floor":18,"key":"Strength Potion"},{"floor":22,"key":"FearPotion"}],"is_trial":false,"path_per_floor":["M","M","M","M","M","R","E","M","T","M","R","M","M","M","R","B",null,"M","M","?","?","?","R","T","E"],"character_chosen":"THE_WILD_CARD","items_purchased":[],"campfire_rested":0,"item_purchase_floors":[],"current_hp_per_floor":[55,55,39,37,37,37,44,44,44,44,44,44,44,43,43,52,73,68,68,68,52,49,49,49,0,0],"gold":449,"neow_bonus":"TEN_PERCENT_HP_BONUS","is_daily":false,"chose_seed":false,"campfire_upgraded":3,"win_rate":0.0,"timestamp":1608868883,"path_taken":["M","M","M","M","M","R","E","M","T","M","R","M","M","M","R","BOSS","M","M","?","?","?","R","?","E"],"items_purchased_type":[],"build_version":"2020-12-22","purchased_purges":0,"victory":false,"max_hp_per_floor":[66,66,66,66,66,66,73,73,73,73,73,73,73,73,73,73,73,73,73,73,73,73,73,73,73,73],"card_choices":[{"not_picked":["theWildCard:StingingStrike","theWildCard:UnendingRitual"],"picked":"theWildCard:SeveringSlash","floor":1},{"not_picked":["theWildCard:PaleRider","theWildCard:Sakuya"],"picked":"theWildCard:PowerOfTheArcana","floor":2},{"not_picked":["theWildCard:Proficiency","theWildCard:ArcaneArts"],"picked":"theWildCard:PaleRider","floor":3},{"not_picked":["theWildCard:Unburden","theWildCard:Patience"],"picked":"theWildCard:Odin","floor":4},{"not_picked":["theWildCard:MagicMettle","theWildCard:MagicalMight"],"picked":"theWildCard:AllOutAttack","floor":5},{"not_picked":["theWildCard:ShieldOfMany","theWildCard:Ruination"],"picked":"theWildCard:TheArcanaUnleashed","floor":7},{"not_picked":["theWildCard:Michael","theWildCard:MagicalMight"],"picked":"theWildCard:ArchaicAssault","floor":8},{"not_picked":["theWildCard:MagicalMight","theWildCard:Sakuya"],"picked":"theWildCard:UnderLockAndKey","floor":10},{"not_picked":["theWildCard:Proficiency","theWildCard:MaskChange","theWildCard:Polydeuces"],"picked":"SKIP","floor":12},{"not_picked":["theWildCard:StingingStrike","theWildCard:Polydeuces"],"picked":"theWildCard:Safeguard","floor":13},{"not_picked":["theWildCard:SacrificialStroke","theWildCard:Proficiency"],"picked":"theWildCard:Attunement","floor":14},{"not_picked":["theWildCard:FinalHour","theWildCard:TheArcanaUnleashed"],"picked":"theWildCard:Caesar","floor":16},{"not_picked":["theWildCard:MaskChange"],"picked":"SKIP","floor":18},{"not_picked":[],"picked":"theWildCard:SacrificialStroke+1","floor":19},{"not_picked":[],"picked":"theWildCard:ManOfManyFaces","floor":22}],"player_experience":177486,"relics_obtained":[{"floor":7,"key":"Strawberry"},{"floor":21,"key":"Necronomicon"},{"floor":22,"key":"Red Mask"},{"floor":24,"key":"Whetstone"}],"event_choices":[{"cards_removed":["theWildCard:Attunement"],"damage_healed":0,"gold_gain":0,"player_choice":"Elegance","damage_taken":0,"max_hp_gain":0,"max_hp_loss":0,"event_name":"Back to Basics","floor":20,"gold_loss":0},{"damage_healed":0,"gold_gain":0,"player_choice":"Obtained Book","damage_taken":16,"max_hp_gain":0,"max_hp_loss":0,"event_name":"Cursed Tome","floor":21,"gold_loss":0},{"damage_healed":0,"gold_gain":0,"player_choice":"Fought Bandits","damage_taken":0,"max_hp_gain":0,"max_hp_loss":0,"event_name":"Masked Bandits","floor":22,"gold_loss":0}],"is_beta":false,"boss_relics":[{"not_picked":["Cursed Key","Snecko Eye"],"picked":"Busted Crown"}],"items_purged_floors":[],"is_endless":false,"potions_floor_spawned":[4,5,8,10,16,18,22],"killed_by":"Gremlin Leader","ascension_level":0}}