{"host":"kiauivt48syq9iz6","time":1608868952,"event":{"mods":["BaseMod","Conspire","Downfall","Hermit","Minty Spire (QoL Compilation)","Replay The Spire","SIMod","StSLib","The Animator","The Construct","The Cursed","The Runesmith","The Servant 0.9.4"],"gold_per_floor":[118,134,5,21,41,41,41,41,41,41,72,82,11,72,72,72,72],"floor_reached":16,"playtime":585,"items_purged":[],"score":100,"play_id":"13a7b8cf-37ce-45bf-a330-700e672d36cf","local_time":"20201224210232","is_ascension_mode":false,"campfire_choices":[{"floor":6,"key":"REST"},{"data":"hermit:Determination","floor":8,"key":"SMITH"},{"data":"hermit:Snapshot","floor":10,"key":"SMITH"},{"floor":15,"key":"REST"}],"circlet_count":0,"master_deck":["hermit:Strike_Hermit","hermit:Strike_Hermit","hermit:Strike_Hermit","hermit:Strike_Hermit","hermit:Defend_Hermit","hermit:Defend_Hermit","hermit:Defend_Hermit","hermit:Defend_Hermit","hermit:Snapshot+1","hermit:Covet","hermit:CalledShot","hermit:Headshot","hermit:Determination+1","hermit:LuckOfTheDraw+1","hermit:LowProfile","hermit:Vantage","hermit:Coalescence","hermit:TakeAim","hermit:TakeCover"],"relics":["hermit:Momento","conspire:Boomerang","Ice Cream"],"acts_visited":["Exordium"],"potions_floor_usage":[4,5,5,12],"damage_taken":[{"damage":1,"enemies":"Jaw Worm","floor":1,"turns":5},{"damage":3,"enemies":"Small Slimes","floor":2,"turns":3},{"damage":9,"enemies":"2 Louse","floor":4,"turns":2},{"damage":3,"enemies":"Exordium Thugs","floor":5,"turns":3},{"damage":31,"enemies":"Gremlin Nob","floor":11,"turns":4},{"damage":20,"enemies":"Large Slime","floor":12,"turns":9},{"damage":64,"enemies":"Fading Forest","floor":16,"turns":10}],"seed_played":"-736283122729933084","potions_obtained":[{"floor":0,"key":"BlessingOfTheForge"},{"floor":0,"key":"Slimebound:ThreeZeroPotion"},{"floor":0,"key":"hermit:BlackBile"},{"floor":5,"key":"sneckomod:MuddlingPotion"}],"is_trial":false,"path_per_floor":["M","M","$","M","M","R","?","R","T","R","E","M","$","?","R","B"],"character_chosen":"HERMIT","items_purchased":["hermit:Determination","hermit:LuckOfTheDraw+1","hermit:TakeCover"],"campfire_rested":2,"item_purchase_floors":[3,3,13],"current_hp_per_floor":[74,71,71,62,59,75,75,75,75,75,44,24,24,24,46,0,0],"gold":72,"neow_bonus":"THREE_SMALL_POTIONS","is_daily":false,"chose_seed":false,"campfire_upgraded":2,"win_rate":0.0,"timestamp":1608868952,"path_taken":["M","M","$","M","M","R","?","R","T","R","E","M","$","?","R","BOSS"],"items_purchased_type":["Card","Card","Card"],"build_version":"2020-12-22","purchased_purges":0,"victory":false,"max_hp_per_floor":[75,75,75,75,75,75,75,75,75,75,75,75,75,75,75,75,75],"card_choices":[{"not_picked":["hermit:Dive","hermit:Grudge"],"picked":"hermit:CalledShot","floor":1},{"not_picked":["hermit:Feint","hermit:ItchyTrigger"],"picked":"hermit:Headshot","floor":2},{"not_picked":["hermit:Headshot","hermit:Combo"],"picked":"hermit:LowProfile","floor":4},{"not_picked":["hermit:Coalescence","hermit:Dive"],"picked":"hermit:Vantage","floor":5},{"not_picked":["hermit:Glare","hermit:Feint"],"picked":"hermit:Coalescence","floor":11},{"not_picked":["hermit:LoneWolf","hermit:EyeOfTheStorm"],"picked":"hermit:TakeAim","floor":12}],"player_experience":59576,"relics_obtained":[{"floor":9,"key":"conspire:Boomerang"},{"floor":11,"key":"Ice Cream"}],"event_choices":[{"damage_healed":0,"gold_gain":0,"player_choice":"Leave","damage_taken":0,"max_hp_gain":0,"max_hp_loss":0,"event_name":"conspire:Investor","floor":7,"gold_loss":0},{"damage_healed":0,"gold_gain":61,"player_choice":"Gained Gold","damage_taken":0,"max_hp_gain":0,"max_hp_loss":0,"event_name":"Golden Wing","floor":14,"gold_loss":0}],"is_beta":false,"boss_relics":[],"items_purged_floors":[],"is_endless":false,"potions_floor_spawned":[1,5],"killed_by":"Fading Forest","ascension_level":0}}