{"host":"lp5suj4qfo87o7ru","time":1608904797,"event":{"mods":["ATMod(°¢èªMod)","BaseMod","Duelist Mod","Minty Spire (QoL Compilation)","MostiFishMod","StSLib","¡¾ÒÅÎï¿¨ÅÆ¡¿REMEMod"],"gold_per_floor":[18,37,37,108,125,153,174,200,200,50,69,681,126,170,170,285,285,325,335,346,364,75,108,724,761,813,813,813,823,738,766,766,1472,1472,1498,1498,1498,1498,1550,2181,2181,2213,2238,2092,2124,2124,2140,2140,2140,2146],"floor_reached":51,"playtime":2167,"items_purged":[],"score":1362,"play_id":"598c89dc-1ee6-496a-90ba-f3014d76323f","local_time":"20201225215957","is_ascension_mode":true,"campfire_choices":[{"data":"MostiFishMod:PerfectForm","floor":15,"key":"SMITH"},{"data":"MostiFishMod:ReadyAimFire","floor":27,"key":"SMITH"},{"data":"AT_FamilyPortrait","floor":32,"key":"SMITH"},{"floor":41,"key":"REST"},{"floor":49,"key":"REST"}],"circlet_count":0,"master_deck":["Strike_B+1","Strike_B+1","Strike_B+1","Defend_B+1","Defend_B+1","Defend_B+1","Defend_B+1","Zap+1","Dualcast+1","MostiFishMod:PerfectForm+1","AT_FamilyPortrait+1","BootSequence+1","Melter+1","Buffer+1","Ball Lightning+1","REME_ForAll+1","Fusion+1","Sweeping Beam+1","Defragment+1","MostiFishMod:ReadyAimFire+1","MostiFishMod:DeathFromBelow+1","Double Energy+1","Auto Shields+1","MostiFishMod:ReadyAimFire+1","Madness+1","Madness+1"],"relics":["Cracked Core","DaveBox","REME_ComplimentaryCards","AT_ATBox","xbg","SynthV:TestCard","Meat on the Bone","Bottled Tornado","Odd Mushroom","Shuriken","Letter Opener","Frozen Eye","REME_ArchaeologicalTools","Busted Crown","Unceasing Top","AT_DeathDance","Juzu Bracelet","Vajra","MutagenicStrength","Potion Belt","AT_ArchangelStaff","FeatherPendant","Mark of the Bloom","Omamori","Ornamental Fan","Toy Ornithopter","REME_HandOfSuture","Bag of Marbles"],"acts_visited":["Exordium","TheCity","TheBeyond"],"potions_floor_usage":[2,8,39],"damage_taken":[{"damage":2,"enemies":"Jaw Worm","floor":1,"turns":4},{"damage":0,"enemies":"2 Louse","floor":2,"turns":2},{"damage":0,"enemies":"Small Slimes","floor":5,"turns":3},{"damage":3,"enemies":"Lagavulin","floor":6,"turns":5},{"damage":0,"enemies":"The Mushroom Lair","floor":7,"turns":2},{"damage":0,"enemies":"3 Sentries","floor":8,"turns":3},{"damage":0,"enemies":"Blue Slaver","floor":11,"turns":2},{"damage":0,"enemies":"Gremlin Gang","floor":12,"turns":3},{"damage":0,"enemies":"Looter","floor":14,"turns":2},{"damage":0,"enemies":"The Guardian","floor":16,"turns":3},{"damage":1,"enemies":"Shell Parasite","floor":18,"turns":3},{"damage":0,"enemies":"Chosen","floor":19,"turns":2},{"damage":0,"enemies":"Snake Plant","floor":20,"turns":2},{"damage":0,"enemies":"Shelled Parasite and Fungi","floor":21,"turns":3},{"damage":2,"enemies":"theDuelist:KaibaA2","floor":23,"turns":3},{"damage":0,"enemies":"Cultist and Chosen","floor":24,"turns":2},{"damage":0,"enemies":"Gremlin Leader","floor":25,"turns":3},{"damage":0,"enemies":"Snake Plant","floor":29,"turns":2},{"damage":0,"enemies":"theDuelist:KaibaA2","floor":31,"turns":1},{"damage":0,"enemies":"Collector","floor":33,"turns":3},{"damage":0,"enemies":"Orb Walker","floor":35,"turns":2},{"damage":1,"enemies":"3 Darklings","floor":39,"turns":2},{"damage":0,"enemies":"Reptomancer","floor":40,"turns":1},{"damage":0,"enemies":"Giant Head","floor":42,"turns":1},{"damage":0,"enemies":"Reptomancer","floor":45,"turns":1},{"damage":0,"enemies":"Transient","floor":47,"turns":2},{"damage":0,"enemies":"Time Eater","floor":50,"turns":3}],"seed_played":"1509970536313818170","potions_obtained":[{"floor":1,"key":"DuplicationPotion"},{"floor":7,"key":"BlessingOfTheForge"},{"floor":8,"key":"Dexterity Potion"},{"floor":11,"key":"Swift Potion"},{"floor":12,"key":"GamblersBrew"},{"floor":31,"key":"GamblersBrew"},{"floor":33,"key":"REME_GoldPotion"},{"floor":39,"key":"AttackPotion"},{"floor":45,"key":"BlessingOfTheForge"}],"is_trial":false,"path_per_floor":["M","M","?","?","M","E","?","E","T","$","M","M","$","M","R","B",null,"M","M","M","M","$","E","M","E","T","R","?","M","?","E","R","B",null,"M","$","?","?","M","E","R","E","T","$","E","?","M","?","R","B",null],"character_chosen":"DEFECT","items_purchased":["Frozen Eye","REME_ForAll","Fusion","Sweeping Beam","Defragment","REME_ArchaeologicalTools","Unceasing Top","REME_HandOfSuture"],"campfire_rested":2,"item_purchase_floors":[10,13,13,13,13,13,22,44],"current_hp_per_floor":[87,87,75,75,75,72,72,72,72,72,72,72,72,72,72,72,89,88,88,88,88,88,86,86,86,86,86,86,86,86,86,86,86,89,89,89,82,82,81,81,81,81,81,81,81,81,81,81,81,81],"gold":2146,"neow_bonus":"TWENTY_PERCENT_HP_BONUS","is_daily":false,"chose_seed":false,"campfire_upgraded":3,"win_rate":0.0,"timestamp":1608904797,"path_taken":["M","M","?","?","M","E","?","E","T","?","M","M","$","M","R","BOSS","M","M","M","M","$","E","M","E","T","R","?","M","?","E","R","BOSS","M","$","?","?","M","E","R","E","T","$","E","?","M","?","R","BOSS"],"items_purchased_type":["Relic","Card","Card","Card","Card","Relic","Relic","Relic"],"build_version":"2020-12-22","purchased_purges":0,"victory":true,"max_hp_per_floor":[89,89,89,89,89,89,89,89,89,89,89,89,89,89,89,89,89,89,89,89,89,89,89,89,89,89,89,89,89,89,89,89,89,89,89,89,89,89,89,89,89,89,89,89,89,89,89,89,89,89],"card_choices":[{"not_picked":["Hologram","Stack"],"picked":"BootSequence","floor":1},{"not_picked":["Compile Driver","Leap","Turbo","Cold Snap"],"picked":"Melter","floor":2},{"not_picked":["Reprogram","MostiFishMod:PushDownKick","Genetic Algorithm","Consume","Redo"],"picked":"SKIP","floor":5},{"not_picked":["Hologram","Gash","Rebound","Cold Snap"],"picked":"Buffer","floor":6},{"not_picked":["Consume","Skim","AT_EMC2","Tempest"],"picked":"Ball Lightning","floor":7},{"not_picked":["AT_HeatAcrobatics","Streamline","Cold Snap","REME_DataAnalysis","Scrape"],"picked":"SKIP","floor":8},{"not_picked":["AT_HeatAcrobatics","Hologram","AT_EMC2","Leap","MostiFishMod:PushDownKick"],"picked":"SKIP","floor":11},{"not_picked":["Stack","Barrage","Recycle","BootSequence","Leap"],"picked":"SKIP","floor":12},{"not_picked":["Turbo","Steam","Redo","Self Repair"],"picked":"MostiFishMod:ReadyAimFire","floor":14},{"not_picked":["Echo Form","Hyperbeam","Electrodynamics","MostiFishMod:Hijack"],"picked":"MostiFishMod:DeathFromBelow","floor":16},{"not_picked":["AT_HeatAcrobatics+1","Stack","REME_Compress"],"picked":"SKIP","floor":18},{"not_picked":["Loop","Hello World+1"],"picked":"Double Energy+1","floor":19},{"not_picked":["AT_HeatAcrobatics+1","Streamline","Compile Driver"],"picked":"SKIP","floor":20},{"not_picked":["Beam Cell+1","Ball Lightning","Hologram+1"],"picked":"SKIP","floor":21},{"not_picked":["FTL","Chaos","Static Discharge"],"picked":"SKIP","floor":23},{"not_picked":["Ball Lightning","AT_HeatAcrobatics"],"picked":"Auto Shields+1","floor":24},{"not_picked":["Steam Power","Hologram","Coolheaded"],"picked":"SKIP","floor":25},{"not_picked":["Rebound+1","Turbo","Conserve Battery+1"],"picked":"SKIP","floor":29},{"not_picked":["REME_Whirling","BootSequence","Consume"],"picked":"SKIP","floor":31},{"not_picked":["MostiFishMod:Distribution","Meteor Strike"],"picked":"MostiFishMod:ReadyAimFire","floor":33},{"not_picked":["Steam+1","Beam Cell","Tempest+1"],"picked":"SKIP","floor":35},{"not_picked":["Beam Cell","Blizzard","Redo"],"picked":"SKIP","floor":39},{"not_picked":["Coolheaded+1","MostiFishMod:GoodWordForIt","Stack"],"picked":"SKIP","floor":40},{"not_picked":["MostiFishMod:LinkProtocol+1","Conserve Battery+1","Consume"],"picked":"SKIP","floor":42},{"not_picked":["Coolheaded","Rip and Tear","Undo"],"picked":"SKIP","floor":45},{"not_picked":["Sunder","Turbo+1","Leap+1"],"picked":"SKIP","floor":47}],"player_experience":38488,"relics_obtained":[{"floor":1,"key":"SynthV:TestCard"},{"floor":6,"key":"Bottled Tornado"},{"floor":7,"key":"Odd Mushroom"},{"floor":8,"key":"Shuriken"},{"floor":9,"key":"Letter Opener"},{"floor":23,"key":"AT_DeathDance"},{"floor":25,"key":"Juzu Bracelet"},{"floor":26,"key":"Vajra"},{"floor":31,"key":"AT_ArchangelStaff"},{"floor":40,"key":"Omamori"},{"floor":42,"key":"Ornamental Fan"},{"floor":43,"key":"Toy Ornithopter"},{"floor":45,"key":"Bag of Marbles"}],"event_choices":[{"damage_healed":0,"gold_gain":0,"player_choice":"Success","damage_taken":12,"relics_obtained":["Meat on the Bone"],"max_hp_gain":0,"max_hp_loss":0,"event_name":"Scrap Ooze","floor":3,"gold_loss":0},{"damage_healed":0,"gold_gain":71,"player_choice":"Gained Gold","damage_taken":0,"max_hp_gain":0,"max_hp_loss":0,"event_name":"Golden Wing","floor":4,"gold_loss":0},{"damage_healed":0,"gold_gain":0,"player_choice":"Fought Mushrooms","damage_taken":0,"max_hp_gain":0,"max_hp_loss":0,"event_name":"Mushrooms","floor":7,"gold_loss":0},{"damage_healed":0,"gold_gain":0,"player_choice":"Inject Mutagens","damage_taken":0,"relics_obtained":["MutagenicStrength"],"max_hp_gain":0,"max_hp_loss":0,"event_name":"Drug Dealer","floor":28,"gold_loss":0},{"damage_healed":0,"gold_gain":0,"player_choice":"Obtained Relic","damage_taken":0,"relics_obtained":["Potion Belt"],"max_hp_gain":0,"max_hp_loss":0,"event_name":"Addict","floor":30,"gold_loss":85},{"damage_healed":0,"gold_gain":0,"player_choice":"Embrace Madness","damage_taken":11,"max_hp_gain":0,"max_hp_loss":0,"event_name":"Winding Halls","floor":37,"gold_loss":0,"cards_obtained":["Madness","Madness"]},{"damage_healed":0,"gold_gain":0,"player_choice":"Upgrade","damage_taken":0,"relics_obtained":["Mark of the Bloom"],"max_hp_gain":0,"max_hp_loss":0,"event_name":"MindBloom","floor":38,"gold_loss":0,"cards_upgraded":["Strike_B","Strike_B","Strike_B","Strike_B","Defend_B","Defend_B","Defend_B","Defend_B","Zap","Dualcast","BootSequence","Melter","Buffer","Ball Lightning","REME_ForAll","Fusion","Sweeping Beam","Defragment","MostiFishMod:DeathFromBelow","MostiFishMod:ReadyAimFire","Madness","Madness"]},{"cards_removed":["Strike_B"],"damage_healed":0,"gold_gain":0,"player_choice":"Offered Basic","damage_taken":0,"max_hp_gain":0,"max_hp_loss":0,"event_name":"Bonfire Elementals","floor":46,"gold_loss":0},{"damage_healed":0,"gold_gain":0,"player_choice":"Ignored","damage_taken":0,"max_hp_gain":0,"max_hp_loss":0,"event_name":"Tomb of Lord Red Mask","floor":48,"gold_loss":0}],"is_beta":false,"boss_relics":[{"not_picked":["Ectoplasm","NightmareShop"],"picked":"Busted Crown"},{"not_picked":["Fusion Hammer","GuanYuAspect"],"picked":"FeatherPendant"}],"items_purged_floors":[],"is_endless":false,"potions_floor_spawned":[1,7,8,11,12,20,21,24,31,33,39,45,47],"ascension_level":1}}