{"host":"6xsbn6ynqlzwllfm","time":1608911905,"event":{"mods":["2.2 Compatiblity","BaseMod","Bestiary","Colored Map","Colored Powertips","Curses Come First","Downfall","Highlight Path","Keyboard Shortcuts","Minty Spire (QoL Compilation)","Quick Restart","Relic Stats","Slay the Relics Exporter","StSLib","SuperFastMode"],"gold_per_floor":[112,126,146,146,163,163,163,163],"floor_reached":7,"playtime":171,"items_purged":[],"score":86,"play_id":"efbce6a5-c9cd-46a0-879a-c57cdec12942","local_time":"20201225105825","is_ascension_mode":true,"campfire_choices":[{"data":"Defend_R","floor":6,"key":"SMITH"}],"circlet_count":0,"master_deck":["AscendersBane","Strike_R","Strike_R","Strike_R","Strike_R","Strike_R","Defend_R+1","Defend_R","Defend_R","Defend_R","Bash","Thunderclap","Reckless Charge","Regret","Reaper"],"relics":["SacredBark","Pocketwatch"],"acts_visited":["Exordium"],"potions_floor_usage":[],"damage_taken":[{"damage":7,"enemies":"Small Slimes","floor":1,"turns":4},{"damage":11,"enemies":"Jaw Worm","floor":2,"turns":4},{"damage":0,"enemies":"2 Louse","floor":3,"turns":2},{"damage":21,"enemies":"Red Slaver","floor":5,"turns":5},{"damage":37,"enemies":"Gremlin Nob","floor":7,"turns":3}],"seed_played":"8915155560682295114","potions_obtained":[{"floor":3,"key":"Explosive Potion"}],"is_trial":false,"path_per_floor":["M","M","M","?","M","R","E"],"character_chosen":"IRONCLAD","items_purchased":[],"campfire_rested":0,"item_purchase_floors":[],"current_hp_per_floor":[61,50,50,50,29,29,0,0],"gold":163,"neow_bonus":"BOSS_RELIC","is_daily":false,"chose_seed":false,"campfire_upgraded":1,"win_rate":0.0,"timestamp":1608911905,"path_taken":["M","M","M","?","M","R","E"],"items_purchased_type":[],"build_version":"2020-12-22","purchased_purges":0,"victory":false,"max_hp_per_floor":[75,75,75,75,75,75,75,75],"relic_stats":{"counters":[5,18],"obtain_stats":[{"SacredBark":0,"Burning Blood":0,"Pocketwatch":4},{"SacredBark":0,"Burning Blood":0,"Pocketwatch":3},{"SacredBark":0,"Burning Blood":0,"Pocketwatch":10}],"Pocketwatch":[15]},"card_choices":[{"not_picked":["Dark Embrace","Body Slam"],"picked":"Thunderclap","floor":1},{"not_picked":["Anger","Blood for Blood"],"picked":"Reckless Charge","floor":2},{"not_picked":["Sword Boomerang","Thunderclap","Havoc"],"picked":"SKIP","floor":3},{"not_picked":["Searing Blow","Flex"],"picked":"Reaper","floor":5}],"player_experience":1251659,"relics_obtained":[],"event_choices":[{"damage_healed":0,"gold_gain":0,"player_choice":"Box","damage_taken":0,"relics_obtained":["Pocketwatch"],"max_hp_gain":0,"max_hp_loss":0,"event_name":"Big Fish","floor":4,"gold_loss":0,"cards_obtained":["Regret"]}],"is_beta":false,"boss_relics":[],"items_purged_floors":[],"is_endless":false,"potions_floor_spawned":[3],"killed_by":"Gremlin Nob","ascension_level":20}}