{"host":"9v3x998ddbx8o276","time":1608885616,"event":{"mods":["AchievementEnabler","BaseMod","Colored Map","Highlight Path","Minty Spire (QoL Compilation)","Quick Restart","Rare Cards Sparkle"],"gold_per_floor":[112,112,131,149,164,193,208,235,289,315,315,315,348,2,2,74,74,88,13,13,28,47,47,79,79,79,179,179,179],"floor_reached":28,"playtime":1433,"items_purged":[],"score":532,"play_id":"88bf86da-176e-4db4-abef-52e4fde23bc7","local_time":"20201225191016","is_ascension_mode":true,"campfire_choices":[{"floor":11,"key":"REST"},{"data":"Flame Barrier","floor":15,"key":"SMITH"},{"floor":23,"key":"REST"},{"floor":25,"key":"REST"}],"circlet_count":0,"master_deck":["AscendersBane","Strike_R","Strike_R","Strike_R","Strike_R","Defend_R","Defend_R","Defend_R","Defend_R","Bash+1","Disarm","Clothesline","Reckless Charge","Iron Wave","Wild Strike","Rage","Anger","Thunderclap","Twin Strike","Flame Barrier+1","Feed","Dark Shackles","Uppercut","Inflame","Second Wind"],"relics":["Burning Blood","Red Skull","Smiling Mask","Shuriken","Strawberry","Ornamental Fan","Ancient Tea Set","Pantograph","Velvet Choker","Magic Flower","Happy Flower","TungstenRod","Letter Opener"],"acts_visited":["Exordium","TheCity"],"potions_floor_usage":[6,16,27],"damage_taken":[{"damage":16,"enemies":"Jaw Worm","floor":1,"turns":5},{"damage":10,"enemies":"Cultist","floor":3,"turns":5},{"damage":8,"enemies":"Small Slimes","floor":4,"turns":5},{"damage":13,"enemies":"Blue Slaver","floor":5,"turns":4},{"damage":20,"enemies":"3 Sentries","floor":6,"turns":7},{"damage":19,"enemies":"Gremlin Gang","floor":7,"turns":5},{"damage":1,"enemies":"Gremlin Nob","floor":8,"turns":3},{"damage":12,"enemies":"Lagavulin","floor":10,"turns":5},{"damage":32,"enemies":"Gremlin Nob","floor":13,"turns":5},{"damage":17,"enemies":"Hexaghost","floor":16,"turns":8},{"damage":21,"enemies":"3 Byrds","floor":18,"turns":6},{"damage":13,"enemies":"2 Thieves","floor":21,"turns":3},{"damage":37,"enemies":"Snecko","floor":22,"turns":6},{"damage":70,"enemies":"Gremlin Leader","floor":24,"turns":7},{"damage":21,"enemies":"Colosseum Slavers","floor":27,"turns":4},{"damage":36,"enemies":"Colosseum Nobs","floor":27,"turns":5},{"damage":26,"enemies":"Book of Stabbing","floor":28,"turns":4}],"seed_played":"7118208649265374637","potions_obtained":[{"floor":1,"key":"CultistPotion"},{"floor":4,"key":"Fire Potion"},{"floor":5,"key":"FairyPotion"},{"floor":8,"key":"Ancient Potion"},{"floor":13,"key":"ColorlessPotion"},{"floor":21,"key":"Fire Potion"},{"floor":22,"key":"FairyPotion"},{"floor":24,"key":"Strength Potion"}],"is_trial":false,"path_per_floor":["M","?","M","M","M","E","M","E","T","E","R","?","E","$","R","B",null,"M","?","?","M","M","R","E","R","T","?","E"],"character_chosen":"IRONCLAD","items_purchased":["Pantograph","Flame Barrier"],"campfire_rested":3,"item_purchase_floors":[14,14],"current_hp_per_floor":[58,58,54,52,45,31,18,23,30,24,48,82,56,56,56,70,79,67,67,55,48,17,42,34,60,60,26,0,0],"gold":179,"neow_bonus":"RANDOM_COMMON_RELIC","is_daily":false,"chose_seed":false,"campfire_upgraded":1,"win_rate":0.0,"timestamp":1608885616,"path_taken":["M","?","?","M","M","E","M","E","T","E","R","?","E","?","R","BOSS","M","?","?","M","?","R","E","R","T","?","E"],"items_purchased_type":["Relic","Card"],"build_version":"2020-12-22","purchased_purges":0,"victory":false,"max_hp_per_floor":[75,75,75,75,75,75,75,75,82,82,82,82,82,82,82,82,82,85,85,85,85,85,85,88,88,88,91,91,91],"card_choices":[{"not_picked":["Hemokinesis","Armaments"],"picked":"Disarm","floor":1},{"not_picked":["Armaments","Havoc"],"picked":"Clothesline","floor":3},{"not_picked":["Burning Pact","Warcry"],"picked":"Reckless Charge","floor":4},{"not_picked":["Clash","Exhume"],"picked":"Iron Wave","floor":5},{"not_picked":["True Grit","Barricade"],"picked":"Wild Strike","floor":6},{"not_picked":["Disarm","Clash"],"picked":"Rage","floor":7},{"not_picked":["Clash","Pummel"],"picked":"Anger","floor":8},{"not_picked":["Searing Blow","Dark Embrace"],"picked":"Thunderclap","floor":10},{"not_picked":["Intimidate","Power Through"],"picked":"Twin Strike","floor":13},{"not_picked":["Offering","Limit Break"],"picked":"Feed","floor":16},{"not_picked":["Dropkick","Headbutt","Twin Strike"],"picked":"SKIP","floor":18},{"not_picked":["Anger+1","Reckless Charge"],"picked":"Uppercut","floor":21},{"not_picked":["Armaments","Clash","Headbutt"],"picked":"SKIP","floor":22},{"not_picked":["Bloodletting","Clash"],"picked":"Inflame","floor":24},{"not_picked":["Twin Strike","Entrench"],"picked":"Second Wind","floor":27}],"player_experience":2069125,"relics_obtained":[{"floor":6,"key":"Smiling Mask"},{"floor":8,"key":"Shuriken"},{"floor":9,"key":"Strawberry"},{"floor":10,"key":"Ornamental Fan"},{"floor":13,"key":"Ancient Tea Set"},{"floor":24,"key":"Magic Flower"},{"floor":26,"key":"Happy Flower"},{"floor":27,"key":"TungstenRod"},{"floor":27,"key":"Letter Opener"}],"event_choices":[{"damage_healed":0,"gold_gain":0,"player_choice":"Upgraded","damage_taken":0,"max_hp_gain":0,"max_hp_loss":0,"event_name":"Upgrade Shrine","floor":2,"gold_loss":0,"cards_upgraded":["Bash"]},{"damage_healed":34,"gold_gain":0,"player_choice":"Full Heal","damage_taken":0,"max_hp_gain":0,"max_hp_loss":0,"event_name":"Wheel of Change","floor":12,"gold_loss":0},{"cards_removed":["Strike_R"],"damage_healed":0,"gold_gain":0,"player_choice":"Gave Gold","damage_taken":0,"max_hp_gain":0,"max_hp_loss":0,"event_name":"Beggar","floor":19,"gold_loss":75},{"damage_healed":0,"gold_gain":0,"player_choice":"CARD ","damage_taken":12,"max_hp_gain":0,"max_hp_loss":0,"event_name":"Knowing Skull","floor":20,"potions_obtained":[],"gold_loss":0,"cards_obtained":["Dark Shackles"]},{"damage_healed":0,"gold_gain":0,"player_choice":"Fight","damage_taken":0,"max_hp_gain":0,"max_hp_loss":0,"event_name":"Colosseum","floor":27,"gold_loss":0},{"damage_healed":0,"gold_gain":0,"player_choice":"Fought Nobs","damage_taken":0,"max_hp_gain":0,"max_hp_loss":0,"event_name":"Colosseum","floor":27,"gold_loss":0}],"is_beta":false,"boss_relics":[{"not_picked":["Sozu","Snecko Eye"],"picked":"Velvet Choker"}],"items_purged_floors":[],"is_endless":false,"potions_floor_spawned":[1,4,5,8,13,21,22,24,27],"killed_by":"Book of Stabbing","ascension_level":20}}