{"host":"f5ezd1v29dtbwkzo","time":1608929247,"event":{"mods":["2.2 Compatiblity","BaseMod","Hermit","Minty Spire (QoL Compilation)","Rare Cards Sparkle","Replay The Spire","StSLib"],"gold_per_floor":[12,28,42,54,15,15,35,60,60,60,60,60,60,87,87,189,189,207,207,137,137,137],"floor_reached":21,"playtime":970,"items_purged":[],"score":212,"play_id":"e3c2c282-852c-4b58-b0de-223946762bb1","local_time":"20201225234727","is_ascension_mode":false,"campfire_choices":[{"data":"Dual Wield","floor":6,"key":"SMITH"},{"data":"Armaments","floor":15,"key":"SMITH"}],"circlet_count":0,"master_deck":["Strike_R","Strike_R","Strike_R","Strike_R","Strike_R","Defend_R","Defend_R","Defend_R","Defend_R","Bash","Crow Ritual","Armaments+1","Headbutt","Thunderclap","Dual Wield+1","Fire Breathing","Thunderclap+1"],"relics":["Burning Blood","Replay:Bottled Flurry","MealTicket","Omamori","ReplayTheSpireMod:DimensionalGlitch","Gremlin Horn"],"acts_visited":["Exordium","TheCity"],"potions_floor_usage":[14,14,16,16],"damage_taken":[{"damage":9,"enemies":"2 Louse","floor":1,"turns":4},{"damage":5,"enemies":"Cultist","floor":2,"turns":5},{"damage":2,"enemies":"Small Slimes","floor":3,"turns":4},{"damage":11,"enemies":"3 Louse","floor":4,"turns":3},{"damage":11,"enemies":"Lots of Slimes","floor":7,"turns":5},{"damage":39,"enemies":"3 Sentries","floor":8,"turns":11},{"damage":0,"enemies":"Lagavulin","floor":14,"turns":4},{"damage":49,"enemies":"Hexaghost","floor":16,"turns":6},{"damage":75,"enemies":"3 Byrds","floor":18,"turns":9},{"damage":12,"enemies":"Spheric Guardian","floor":21,"turns":3}],"seed_played":"-3004516143808681258","potions_obtained":[{"floor":1,"key":"FearPotion"},{"floor":3,"key":"Adrenaline Potion"},{"floor":8,"key":"AttackPotion"},{"floor":10,"key":"Doom Potion"},{"floor":14,"key":"Swift Potion"},{"floor":18,"key":"Adrenaline Potion"}],"is_trial":false,"path_per_floor":["M","M","M","M","$","R","M","E","T","?","$","$","?","E","R","B",null,"M","?","?","M"],"character_chosen":"IRONCLAD","items_purchased":["Dual Wield"],"campfire_rested":0,"item_purchase_floors":[5],"current_hp_per_floor":[77,78,80,75,75,75,70,37,37,37,52,67,67,73,73,30,80,8,8,8,0,0],"gold":137,"neow_bonus":"RANDOM_COLORLESS_2","is_daily":false,"chose_seed":false,"campfire_upgraded":2,"win_rate":0.0,"timestamp":1608929247,"path_taken":["M","M","M","M","$","R","M","E","T","?","?","$","?","E","R","BOSS","M","?","?","M"],"items_purchased_type":["Card"],"build_version":"2020-12-22","purchased_purges":0,"victory":false,"max_hp_per_floor":[80,80,80,80,80,80,80,80,80,80,80,80,80,80,80,80,80,80,80,80,80,80],"card_choices":[{"not_picked":["Panache","The Bomb"],"picked":"Crow Ritual","floor":0},{"not_picked":["Warcry","Body Slam"],"picked":"Armaments","floor":1},{"not_picked":["Headbutt","Burning Pact","Havoc"],"picked":"SKIP","floor":2},{"not_picked":["Burning Pact","Havoc"],"picked":"Headbutt","floor":2},{"not_picked":["Carnage","Seeing Red"],"picked":"Thunderclap","floor":3},{"not_picked":["Rupture","Pommel Strike","Clash"],"picked":"SKIP","floor":4},{"not_picked":["Rampage","Clash","Wild Strike"],"picked":"SKIP","floor":7},{"not_picked":["Replay:Many Hands","ReplayTheSpireMod:LeadingStrike"],"picked":"Fire Breathing","floor":8},{"not_picked":["Ghostly Armor","Pommel Strike","Run Through"],"picked":"SKIP","floor":14},{"not_picked":["Flex","Shockwave"],"picked":"Thunderclap+1","floor":18}],"player_experience":289216,"relics_obtained":[{"floor":8,"key":"Replay:Bottled Flurry"},{"floor":9,"key":"MealTicket"},{"floor":14,"key":"Omamori"}],"event_choices":[{"damage_healed":0,"gold_gain":0,"player_choice":"Got Potions","damage_taken":0,"max_hp_gain":0,"max_hp_loss":0,"event_name":"Lab","floor":10,"gold_loss":0},{"damage_healed":0,"gold_gain":0,"player_choice":"Ignored","damage_taken":0,"max_hp_gain":0,"max_hp_loss":0,"event_name":"Golden Wing","floor":13,"gold_loss":0},{"damage_healed":0,"gold_gain":0,"player_choice":"Paid Gold","damage_taken":0,"relics_obtained":["Gremlin Horn"],"max_hp_gain":0,"max_hp_loss":0,"event_name":"WeMeetAgain","floor":20,"gold_loss":70}],"is_beta":false,"boss_relics":[{"not_picked":["Coffee Dripper","Runic Dome"],"picked":"ReplayTheSpireMod:DimensionalGlitch"}],"items_purged_floors":[],"is_endless":false,"potions_floor_spawned":[1,3,8,14,18],"killed_by":"Spheric Guardian","ascension_level":0}}