{"host":"1sep654oresgee70","time":1608930815,"event":{"mods":["2.2 Compatiblity","Aspiration","BaseMod","Better Altar","Better Match","Better Note","Better Sensory Stone","Better Skull","Better Third Choice","Better Vampires","Better-Laid Plans","BetterRewards","Block Reminder","Conspire","Curses Come First","Displayed Cursed Tome","Gold Saver","Hubris","Infinite Spire","Minty Spire (QoL Compilation)","Potion Indicator Mod","Quick Restart","Red Circlet Mod","Replay The Spire","Shop Mod","Spicy Shops","StSLib","The Blue Laboratory","Thieving Mod","Transform Curses","Unceasing Turn Reminder","UnlockEverythingMod"],"gold_per_floor":[1477,1437,1452,57,72,102,117,147,147,177,177,207,207,222,222,322,322,337,337,337,337,64,64,94,94,144,19,19,49,64,94,94,194,244,259,259,259,284,284,314,314,344,344,344,369,38,68,68,68,68],"floor_reached":51,"playtime":1729,"items_purged":[],"score":1286,"play_id":"cde6b81a-0927-4b60-95b0-86abb9eaff7d","local_time":"20201225221335","daily_mods":["Draft","Hoarder","Elite Swarm"],"is_ascension_mode":false,"campfire_choices":[{"floor":13,"key":"REST"},{"floor":15,"key":"REST"},{"floor":23,"key":"REST"},{"floor":25,"key":"REST"},{"data":"Replay:Fractal Strike","floor":32,"key":"SMITH"},{"data":"infinitespire:Fortify","floor":32,"key":"SMITH"},{"floor":41,"key":"REST"},{"floor":44,"key":"REST"}],"circlet_count":0,"master_deck":["Shrug It Off","Shrug It Off","Shrug It Off","Clash","Clash","Clash","Headbutt","Headbutt","Headbutt","Inflame","Inflame","Inflame","Infernal Blade","Infernal Blade","Infernal Blade","Clash","Clash","Clash","Ghostly Armor","Ghostly Armor","Ghostly Armor","Perfected Strike","Perfected Strike","Perfected Strike","Intimidate","Intimidate","Intimidate","Flex","Flex","Flex","Clash","Clash","Clash","Feel No Pain","Feel No Pain","Feel No Pain","Twin Strike","Twin Strike","Twin Strike","Inflame","Inflame","Inflame","hubris:ReadiedAction","hubris:ReadiedAction","hubris:ReadiedAction","Clash","Clash","Clash","Flex","Flex","Flex","Secret Weapon","Secret Weapon+1","Secret Weapon+1","Flame Barrier","Flame Barrier","Flame Barrier","Offering","Offering","Offering","Offering","Offering","Offering","Reaper","Reaper","Reaper","Impervious","Impervious","Impervious","Sentinel+1","Sentinel","Sentinel","Shame","Shame","Shame","infinitespire:Fortify","infinitespire:Fortify","infinitespire:Fortify+1","Replay:Fractal Strike","Replay:Fractal Strike","Replay:Fractal Strike","Replay:Fractal Strike","Replay:Fractal Strike","Replay:Fractal Strike+1","Flex","Flex","Flex","Reaper","Reaper","Reaper","Insight","Insight","Insight","Replay:Many Hands","Replay:Many Hands","Replay:Many Hands","hubris:ReadiedAction+1","hubris:ReadiedAction+1","hubris:ReadiedAction+1","Blind","Blind","Blind","Magnetism","Magnetism","Magnetism","Eclipse","Eclipse","Eclipse","Infernal Blade+1","Infernal Blade+1","Infernal Blade+1","Juggernaut","Juggernaut","Juggernaut","Spot Weakness","Spot Weakness","Spot Weakness","Infernal Blade+1","Infernal Blade+1","Infernal Blade+1","conspire:HitWhereItHurts","conspire:HitWhereItHurts","conspire:HitWhereItHurts","Pain","Pain","Pain"],"relics":["Burning Blood","ReplayTheSpireMod:Lightbulb","Unceasing Top","ReplayTheSpireMod:Spearhead","Champion Belt","Guide Book","MerchantsRug","Red Skull","Pantograph","hubris:CuriousFeather","conspire:TopHat","Busted Crown","Blood Vial","Dream Catcher","Vajra","DollysMirror","hubris:Metronome","PreservedInsect","Bottled Flame","Replay:Arrowhead","Tiny Chest","Tiny House","aspiration:Nostalgia","Ring of the Snake","Strawberry","hubris:AstralHammer","Replay:Wax Seal","Anchor","Pet Ghost","Lantern","Orrery","aspiration:HiddenCompartment","WarpedTongs","SsserpentHead"],"acts_visited":["Exordium","TheCity","TheBeyond"],"potions_floor_usage":[16,24,29,30,31,47],"damage_taken":[{"damage":2,"enemies":"Small Slimes","floor":1,"turns":2},{"damage":0,"enemies":"Cultist","floor":3,"turns":1},{"damage":5,"enemies":"2 Louse","floor":5,"turns":2},{"damage":0,"enemies":"3 Sentries","floor":6,"turns":5},{"damage":6,"enemies":"Large Slime","floor":7,"turns":2},{"damage":6,"enemies":"Gremlin Nob","floor":8,"turns":2},{"damage":6,"enemies":"Lagavulin","floor":10,"turns":2},{"damage":18,"enemies":"Gremlin Nob","floor":12,"turns":1},{"damage":12,"enemies":"Exordium Wildlife","floor":14,"turns":2},{"damage":30,"enemies":"The Guardian","floor":16,"turns":6},{"damage":18,"enemies":"Spheric Guardian","floor":18,"turns":3},{"damage":18,"enemies":"Gremlin Leader","floor":24,"turns":2},{"damage":15,"enemies":"Slavers","floor":29,"turns":3},{"damage":0,"enemies":"Chosen","floor":30,"turns":2},{"damage":1,"enemies":"Gremlin Leader","floor":31,"turns":4},{"damage":42,"enemies":"hubris:MusketHawk","floor":33,"turns":5},{"damage":8,"enemies":"Orb Walker","floor":35,"turns":4},{"damage":19,"enemies":"Giant Head","floor":40,"turns":6},{"damage":18,"enemies":"Nemesis","floor":42,"turns":4},{"damage":4,"enemies":"Giant Head","floor":47,"turns":5},{"damage":6,"enemies":"Replay:Hell Engine","floor":50,"turns":1}],"seed_played":"-567031674859551473","potions_obtained":[{"floor":2,"key":"FairyPotion"},{"floor":2,"key":"blueLaboratory:ConflagurationPotion"},{"floor":2,"key":"blueLaboratory:ConflagurationPotion"},{"floor":18,"key":"Strength Potion"},{"floor":24,"key":"BlessingOfTheForge"},{"floor":30,"key":"blueLaboratory:BottleOfVodka"},{"floor":34,"key":"BlessingOfTheForge"},{"floor":39,"key":"BloodPotion"}],"is_trial":false,"path_per_floor":["M","?","M","$","M","E","M","E","T","E","?","E","R","M","R","B",null,"M","?","AVR","?","$","R","E","R","T","$","?","E","M","E","R","B",null,"M","AVR","?","T","?","E","R","E","T","R","T","$","E","?","R","B",null],"character_chosen":"IRONCLAD","items_purchased":["ReplayTheSpireMod:Lightbulb","Secret Weapon","Unceasing Top","Flame Barrier","ReplayTheSpireMod:Spearhead","Champion Belt","Guide Book","MerchantsRug","blueLaboratory:NullPotion","Vajra","DollysMirror","Flex","Bottled Flame","Lantern","Spot Weakness","Orrery"],"campfire_rested":6,"item_purchase_floors":[4,4,4,4,4,4,4,4,4,22,22,22,27,46,46,46],"current_hp_per_floor":[80,80,80,80,80,80,80,80,80,80,83,71,83,77,83,77,83,71,71,71,71,71,83,71,83,83,83,83,75,83,83,83,57,88,86,86,86,93,93,82,95,83,83,95,95,95,95,95,95,95],"gold":68,"neow_bonus":"","is_daily":true,"chose_seed":false,"campfire_upgraded":2,"win_rate":0.0,"timestamp":1608930815,"path_taken":["M","?","?","$","M","E","M","E","T","E","?","E","R","M","R","BOSS","M","?","AVR","?","$","R","E","R","T","?","?","E","M","E","R","BOSS","M","AVR","?","?","?","E","R","E","T","R","?","$","E","?","R","BOSS"],"items_purchased_type":["Relic","Card","Relic","Card","Relic","Relic","Relic","Relic","Potion","Relic","Relic","Card","Relic","Relic","Card","Relic"],"build_version":"2020-12-22","purchased_purges":0,"victory":true,"max_hp_per_floor":[80,80,80,80,80,80,80,80,80,80,83,83,83,83,83,83,83,83,83,83,83,83,83,83,83,83,83,83,83,83,83,83,83,88,88,88,88,95,95,95,95,95,95,95,95,95,95,95,95,95],"card_choices":[{"not_picked":["ReplayReversal","Sword Boomerang"],"picked":"Shrug It Off","floor":0},{"not_picked":["Rampage","Armaments"],"picked":"Clash","floor":0},{"not_picked":["Run Through","infinitespire:OneForAll"],"picked":"Headbutt","floor":0},{"not_picked":["Entrench","Metallicize"],"picked":"Inflame","floor":0},{"not_picked":["Clash","Rage"],"picked":"Infernal Blade","floor":0},{"not_picked":["Entrench","ReplayTheSpireMod:Strike From Hell"],"picked":"Clash","floor":0},{"not_picked":["ReplayTheSpireMod:Strike From Hell","Sword Boomerang"],"picked":"Ghostly Armor","floor":0},{"not_picked":["Warcry","Armaments"],"picked":"Perfected Strike","floor":0},{"not_picked":["Iron Wave","Pummel"],"picked":"Intimidate","floor":0},{"not_picked":["Havoc","ReplayTheSpireMod:Strike From Hell"],"picked":"Flex","floor":0},{"not_picked":["Pommel Strike","Thunderclap"],"picked":"Clash","floor":0},{"not_picked":["True Grit","Pommel Strike"],"picked":"Feel No Pain","floor":0},{"not_picked":["Clothesline","Wild Strike"],"picked":"Twin Strike","floor":0},{"not_picked":["Havoc","ReplayTheSpireMod:Strike From Hell"],"picked":"Inflame","floor":0},{"not_picked":["Dual Wield","Power Through"],"picked":"hubris:ReadiedAction","floor":0},{"not_picked":["Perfected Strike","Anger"],"picked":"Clash","floor":1},{"not_picked":["infinitespire:OneForAll","Perfected Strike"],"picked":"Flex","floor":3},{"not_picked":["Perfected Strike","Havoc","Massacre"],"picked":"SKIP","floor":5},{"not_picked":["Demonic Infusion","Limit Break"],"picked":"Offering","floor":6},{"not_picked":["Combust","Havoc","Pommel Strike"],"picked":"SKIP","floor":7},{"not_picked":["Impervious","Demonic Infusion"],"picked":"Offering","floor":8},{"not_picked":["Demon Form","Demonic Infusion","Reaper"],"picked":"SKIP","floor":10},{"not_picked":["Offering","Demon Form"],"picked":"Reaper","floor":12},{"not_picked":["Body Slam","Armaments","ReplayTheSpireMod:Strike From Hell"],"picked":"SKIP","floor":14},{"not_picked":["Demon Form","Limit Break"],"picked":"Impervious","floor":16},{"not_picked":[],"picked":"Sentinel","floor":18},{"not_picked":[],"picked":"Reaper","floor":24},{"not_picked":["Juggernaut"],"picked":"SKIP","floor":29},{"not_picked":["Thunderclap"],"picked":"SKIP","floor":30},{"not_picked":[],"picked":"Replay:Many Hands","floor":31},{"not_picked":[],"picked":"hubris:ReadiedAction+1","floor":35},{"not_picked":[],"picked":"Blind","floor":37},{"not_picked":[],"picked":"Magnetism","floor":37},{"not_picked":[],"picked":"Eclipse","floor":40},{"not_picked":[],"picked":"Infernal Blade+1","floor":41},{"not_picked":[],"picked":"Juggernaut","floor":42},{"not_picked":[],"picked":"Infernal Blade+1","floor":46},{"not_picked":[],"picked":"conspire:HitWhereItHurts","floor":47}],"player_experience":2379269,"relics_obtained":[{"floor":6,"key":"Red Skull"},{"floor":9,"key":"Pantograph"},{"floor":10,"key":"hubris:CuriousFeather"},{"floor":12,"key":"conspire:TopHat"},{"floor":24,"key":"hubris:Metronome"},{"floor":26,"key":"PreservedInsect"},{"floor":29,"key":"Replay:Arrowhead"},{"floor":31,"key":"Tiny Chest"},{"floor":38,"key":"Strawberry"},{"floor":40,"key":"hubris:AstralHammer"},{"floor":42,"key":"Replay:Wax Seal"},{"floor":43,"key":"Anchor"},{"floor":45,"key":"Pet Ghost"},{"floor":47,"key":"aspiration:HiddenCompartment"}],"event_choices":[{"damage_healed":0,"gold_gain":0,"player_choice":"Bought 3 Potions","damage_taken":0,"max_hp_gain":0,"max_hp_loss":0,"event_name":"The Woman in Blue","floor":2,"gold_loss":0},{"damage_healed":0,"gold_gain":0,"player_choice":"Stole Relic","damage_taken":0,"relics_obtained":["Blood Vial"],"max_hp_gain":0,"max_hp_loss":0,"event_name":"Addict","floor":19,"gold_loss":0,"cards_obtained":["Shame"]},{"damage_healed":0,"gold_gain":0,"player_choice":"Became a vampire","damage_taken":0,"max_hp_gain":0,"max_hp_loss":0,"event_name":"Vampires","floor":21,"gold_loss":0,"cards_obtained":[]},{"damage_healed":0,"gold_gain":0,"player_choice":"Insight","damage_taken":0,"max_hp_gain":0,"max_hp_loss":0,"event_name":"betterThird:BetterWriting","floor":28,"gold_loss":0,"cards_obtained":["Insight"]},{"damage_healed":0,"gold_gain":3,"player_choice":"1","damage_taken":0,"max_hp_gain":0,"max_hp_loss":0,"event_name":"betterStone:BetterStone","floor":37,"gold_loss":0},{"damage_healed":0,"gold_gain":0,"player_choice":"Got Potions","damage_taken":0,"max_hp_gain":0,"max_hp_loss":0,"event_name":"Lab","floor":39,"gold_loss":0},{"damage_healed":0,"gold_gain":0,"player_choice":"Rummage","damage_taken":0,"relics_obtained":["WarpedTongs"],"max_hp_gain":0,"max_hp_loss":0,"event_name":"Accursed Blacksmith","floor":48,"gold_loss":0,"cards_obtained":["Pain"]},{"damage_healed":0,"gold_gain":0,"player_choice":"Trade","damage_taken":0,"relics_obtained":["SsserpentHead"],"max_hp_gain":0,"max_hp_loss":0,"event_name":"FaceTrader","floor":49,"gold_loss":0}],"is_beta":false,"boss_relics":[{"not_picked":["hubris:RunicObelisk","SacredBark"],"picked":"Busted Crown"},{"not_picked":["aspiration:DefectSkillbook","Snecko Eye"],"picked":"Tiny House"}],"items_purged_floors":[],"is_endless":false,"potions_floor_spawned":[3,5,6,8,14,18,24,30,40,42],"ascension_level":0}}