{"host":"f14d6hm2349s9jse","time":1608931286,"event":{"mods":["2.2 Compatiblity","BaseMod","Hermit","Minty Spire (QoL Compilation)","StSLib"],"gold_per_floor":[116,178,353,196,196,225,225,259,259,259,287,352,383,43,43,216,216,226,241,301,343,90,148,148,148,172,179,179],"floor_reached":27,"playtime":1880,"items_purged":["Doubt"],"score":261,"play_id":"ca9fd22a-bf9a-41c8-9d23-f93c5b4302b4","local_time":"20201225162126","is_ascension_mode":true,"campfire_choices":[{"floor":7.0,"key":"REST"},{"floor":10.0,"key":"REST"},{"data":"HandOfGreed","floor":15,"key":"SMITH"},{"floor":24,"key":"REST"}],"circlet_count":0,"master_deck":["hermit:Strike_Hermit+1","hermit:Strike_Hermit","hermit:Strike_Hermit","hermit:Strike_Hermit","hermit:Defend_Hermit","hermit:Defend_Hermit","hermit:Defend_Hermit","hermit:Defend_Hermit","hermit:Snapshot+1","hermit:Covet","Discovery","hermit:FatalDesire","hermit:DeadOrAlive","hermit:HighNoon","hermit:Glare+1","hermit:BigShot","HandOfGreed+1","hermit:HeroicBravado+1","hermit:Roulette+1","hermit:Scavenge+1","Panache","hermit:Malice"],"relics":["Black Star","Question Card","Kunai","WingedGreaves","Happy Flower","Whetstone","Shovel","Toxic Egg 2","Darkstone Periapt","Bronze Scales","Philosopher\u0027s Stone","Membership Card","Centennial Puzzle","Omamori","CultistMask"],"acts_visited":["Exordium","TheCity"],"potions_floor_usage":[20,23,27],"damage_taken":[{"damage":5.0,"enemies":"Small Slimes","floor":1.0,"turns":5.0},{"damage":30.0,"enemies":"Lagavulin","floor":6.0,"turns":7.0},{"damage":24.0,"enemies":"3 Sentries","floor":8.0,"turns":8.0},{"damage":0.0,"enemies":"Jaw Worm","floor":11.0,"turns":4.0},{"damage":15.0,"enemies":"Gremlin Nob","floor":12.0,"turns":4.0},{"damage":0.0,"enemies":"Cultist","floor":13.0,"turns":3.0},{"damage":18,"enemies":"Hexaghost","floor":16,"turns":9},{"damage":4,"enemies":"Chosen","floor":18,"turns":3},{"damage":18,"enemies":"Shell Parasite","floor":19,"turns":3},{"damage":13,"enemies":"Centurion and Healer","floor":20,"turns":4},{"damage":0,"enemies":"Snecko","floor":21,"turns":4},{"damage":32,"enemies":"Gremlin Leader","floor":23,"turns":6},{"damage":30,"enemies":"Book of Stabbing","floor":27,"turns":3}],"seed_played":"7050570371091090691","potions_obtained":[{"floor":6.0,"key":"Explosive Potion"},{"floor":11.0,"key":"Explosive Potion"},{"floor":16,"key":"hermit:BlackBile"},{"floor":20,"key":"GamblersBrew"}],"is_trial":false,"path_per_floor":["M","?","?","$","T","E","R","E","T","R","M","E","M","$","R","B",null,"M","M","M","M","$","E","R","?","T","E"],"character_chosen":"HERMIT","items_purchased":["Discovery","Bronze Scales","HandOfGreed","Membership Card","Panache"],"campfire_rested":3,"item_purchase_floors":[4,14,14,22,22],"current_hp_per_floor":[70,70,70,70,70,40,62,38,38,60,60,45,45,45,45,27,75,71,53,40,40,40,8,30,30,30,0,0],"gold":179,"neow_bonus":"BOSS_RELIC","is_daily":false,"chose_seed":false,"campfire_upgraded":1,"win_rate":0.0,"timestamp":1608931286,"path_taken":["M","?","?","?","?","E","R","E","T","R","?","E","?","$","R","BOSS","M","M","M","M","$","E","R","?","T","E"],"items_purchased_type":["Card","Relic","Card","Relic","Card"],"build_version":"2020-12-22","purchased_purges":1,"victory":false,"max_hp_per_floor":[75,75,75,75,75,75,75,75,75,75,75,75,75,75,75,75,75,75,75,75,75,75,75,75,75,75,75,75],"card_choices":[{"not_picked":["hermit:Coalescence","hermit:Misfire","hermit:Virtue"],"picked":"SKIP","floor":1.0},{"not_picked":["hermit:Virtue","hermit:CalledShot","hermit:Coalescence"],"picked":"hermit:FatalDesire","floor":6.0},{"not_picked":["hermit:CalledShot","hermit:Showdown","hermit:Quickdraw"],"picked":"hermit:DeadOrAlive","floor":8.0},{"not_picked":["hermit:CalledShot","hermit:Quickdraw","hermit:FullyLoaded"],"picked":"hermit:HighNoon","floor":11.0},{"not_picked":["hermit:WideOpen","hermit:LowProfile+1","hermit:HighCaliber"],"picked":"hermit:Glare+1","floor":12.0},{"not_picked":["hermit:GoldenBullet","hermit:FromBeyond+1","hermit:Desperado"],"picked":"hermit:BigShot","floor":13.0},{"not_picked":["hermit:FromBeyond+1","hermit:DeadOrAlive","hermit:Roughhouse"],"picked":"hermit:HeroicBravado+1","floor":16},{"not_picked":["hermit:WideOpen","hermit:Ricochet","hermit:EternalForm"],"picked":"hermit:Roulette+1","floor":18},{"not_picked":["hermit:HoleUp+1","hermit:Coalescence+1","hermit:Glare+1","hermit:WideOpen+1"],"picked":"SKIP","floor":19},{"not_picked":["hermit:PistolWhip","hermit:NoHoldsBarred","hermit:Coalescence+1"],"picked":"hermit:Scavenge+1","floor":20},{"not_picked":["hermit:ItchyTrigger","hermit:HighNoon","hermit:SprayPray","hermit:Quickdraw"],"picked":"SKIP","floor":21},{"not_picked":["hermit:Manifest+1","hermit:Gestalt+1","hermit:Snipe+1"],"picked":"hermit:Malice","floor":23}],"player_experience":2475070,"relics_obtained":[{"floor":5.0,"key":"Question Card"},{"floor":6.0,"key":"Kunai"},{"floor":6.0,"key":"WingedGreaves"},{"floor":8.0,"key":"Happy Flower"},{"floor":8.0,"key":"Whetstone"},{"floor":9.0,"key":"Shovel"},{"floor":12.0,"key":"Toxic Egg 2"},{"floor":12.0,"key":"Darkstone Periapt"},{"floor":23,"key":"Centennial Puzzle"},{"floor":23,"key":"Omamori"}],"event_choices":[{"damage_healed":0.0,"max_hp_gain":0.0,"max_hp_loss":0.0,"gold_gain":62.0,"event_name":"Golden Wing","player_choice":"Gained Gold","floor":2.0,"gold_loss":0.0,"damage_taken":0.0},{"damage_healed":0.0,"max_hp_gain":0.0,"max_hp_loss":0.0,"gold_gain":175.0,"event_name":"Liars Game","player_choice":"AGREE","floor":3.0,"gold_loss":0.0,"damage_taken":0.0,"cards_obtained":["Doubt"]},{"damage_healed":0,"gold_gain":0,"player_choice":"Trade","damage_taken":0,"relics_obtained":["CultistMask"],"max_hp_gain":0,"max_hp_loss":0,"event_name":"FaceTrader","floor":25,"gold_loss":0}],"is_beta":false,"boss_relics":[{"not_picked":["Busted Crown","Calling Bell"],"picked":"Philosopher\u0027s Stone"}],"items_purged_floors":[4],"is_endless":false,"potions_floor_spawned":[6,11,16,20],"killed_by":"Book of Stabbing","ascension_level":1}}