{"host":"ywbsnexmk111etbw","time":1608913916,"event":{"mods":["Act Like it!","BaseMod","Beaked The Cultist","Colored Powertips","Curses Come First","Downfall","Hubris","Infinite Spire","Marisa????????","Minty Spire (QoL Compilation)","Pale of the Ancients","Permanent Neow","Replay The Spire","StSLib","The Cursed","The Dragon Tamer","The Mystic","The Necromancer","Wandering Minibosses"],"gold_per_floor":[116,130,130,140,140,168,18,52,79,91,116,130,215,215,215,312,312,329,329,329,379,391,421,421,521,598,627,398,412,428,442,442,442,442],"floor_reached":33,"playtime":1211,"items_purged":["Shame","Decay"],"score":370,"play_id":"08e747a1-bc61-4401-80eb-e7158032a31e","local_time":"20201225113156","is_ascension_mode":true,"campfire_choices":[{"floor":15,"key":"REST"},{"floor":24,"key":"REST"},{"floor":32,"key":"REST"}],"circlet_count":0,"master_deck":["beaked:Sacrifice","beaked:Strike_Y+1","beaked:Strike_Y+1","beaked:Strike_Y+1","beaked:Strike_Y+1","beaked:Strike_Y+1","beaked:Strike_Y+1","beaked:Defend_Y+1","beaked:Defend_Y+1","beaked:Defend_Y+1","beaked:Defend_Y+1","beaked:Ceremony","beaked:Ceremony","beaked:Tradeoff","beaked:BraceForImpact","Scorching Beam","Self Repair","beaked:Windmill","beaked:WarriorSpirit","beaked:FeelMyPain","beaked:BloodRitual","beaked:StickSmack","beaked:MimicWarrior","beaked:FullHouse","beaked:Devastation+1","Pot Of Greed","Pot Of Greed+1","Pot Of Greed","beaked:Overexert+1","infinitespire:Collect","beaked:Windmill+1","beaked:WarriorSpirit+1","beaked:Brace+1"],"relics":["beaked:MendingPlumage","NeowsBlessing","hubris:Towel","Pen Nib","Replay:Baseball","White Beast Statue","Replay:Rubber Ducky","Pear","Bag of Marbles","hubris:ScarierMask","Grinning Jar","infinitespire:Broken Mirror","Tiny House","PreservedInsect","Toxic Egg 2","Oddly Smooth Stone","ReplayTheSpireMod:TigerMarble"],"acts_visited":["Exordium","TheCity"],"potions_floor_usage":[6,8,11,11,16,18,23,23,23,33],"damage_taken":[{"damage":0,"enemies":"Jaw Worm","floor":1,"turns":1},{"damage":0,"enemies":"2 Louse","floor":2,"turns":2},{"damage":0,"enemies":"Cultist","floor":4,"turns":1},{"damage":17,"enemies":"Gremlin Nob","floor":6,"turns":4},{"damage":33,"enemies":"3 Sentries","floor":8,"turns":5},{"damage":9,"enemies":"3 Louse","floor":10,"turns":3},{"damage":51,"enemies":"Lagavulin","floor":11,"turns":4},{"damage":3,"enemies":"2 Fungi Beasts","floor":12,"turns":4},{"damage":87,"enemies":"Fading Forest","floor":16,"turns":11},{"damage":50,"enemies":"Spheric Guardian","floor":18,"turns":3},{"damage":33,"enemies":"Chosen","floor":22,"turns":3},{"damage":57,"enemies":"Nightmare","floor":23,"turns":5},{"damage":41,"enemies":"Gremlin Leader","floor":27,"turns":4},{"damage":0,"enemies":"Sentry and Sphere","floor":29,"turns":2},{"damage":4,"enemies":"Shelled Parasite and Fungi","floor":30,"turns":2},{"damage":3,"enemies":"Centurion and Healer","floor":31,"turns":2},{"damage":112,"enemies":"Automaton","floor":33,"turns":6}],"seed_played":"-8283026337173772895","potions_obtained":[{"floor":2,"key":"PowerPotion"},{"floor":4,"key":"PowerPotion"},{"floor":8,"key":"Venom Potion"},{"floor":10,"key":"FearPotion"},{"floor":11,"key":"PowerPotion"},{"floor":12,"key":"Block Potion"},{"floor":16,"key":"Milkshake"},{"floor":16,"key":"FearPotion"},{"floor":18,"key":"AttackPotion"},{"floor":21,"key":"CultistPotion"},{"floor":27,"key":"Explosive Potion"},{"floor":29,"key":"Milkshake"},{"floor":30,"key":"Energy Potion"},{"floor":31,"key":"FearPotion"}],"is_trial":false,"path_per_floor":["M","M","?","M","?","E","$","E","T","M","E","M","?","?","R","B",null,"M","?","?","AVR","M","NM","R","?","T","E","$","M","M","M","R","B"],"character_chosen":"BEAKED_THE_CULTIST","items_purchased":["Replay:Baseball","ReplayTheSpireMod:TigerMarble"],"campfire_rested":3,"item_purchase_floors":[7,28],"current_hp_per_floor":[50,53,53,56,56,55,55,51,51,60,39,56,37,37,60,47,78,37,37,37,42,32,10,34,34,34,16,16,31,39,49,74,0,0],"gold":442,"neow_bonus":"THREE_ENEMY_KILL","is_daily":false,"chose_seed":false,"campfire_upgraded":0,"win_rate":0.0,"timestamp":1608913916,"path_taken":["M","M","?","M","?","E","$","E","T","M","E","?","?","?","R","BOSS","M","?","?","AVR","M","NM","R","?","T","E","$","M","M","?","R","BOSS"],"items_purchased_type":["Relic","Relic"],"build_version":"2020-12-22","purchased_purges":2,"victory":false,"max_hp_per_floor":[50,53,53,56,56,59,59,62,62,65,75,78,78,78,78,78,78,78,78,78,83,83,83,83,83,83,83,83,83,83,86,86,86,86],"card_choices":[{"not_picked":["ReplayTheSpireMod:Prepare the Ceremony","beaked:Overpower"],"picked":"beaked:Tradeoff","floor":1},{"not_picked":["beaked:Daydream","beaked:TuckingFeathers"],"picked":"beaked:BraceForImpact","floor":2},{"not_picked":["ReplayTheSpireMod:Wings of Steel","beaked:Flinch"],"picked":"beaked:Windmill","floor":4},{"not_picked":["beaked:MimicHuntress","beaked:Redirect"],"picked":"beaked:WarriorSpirit","floor":6},{"not_picked":["beaked:MaddeningMurmurs","beaked:Foresight"],"picked":"beaked:FeelMyPain","floor":8},{"not_picked":["beaked:VigorBurst","beaked:Negation"],"picked":"beaked:BloodRitual","floor":10},{"not_picked":["beaked:ShadowFade","beaked:Negation","beaked:Evade"],"picked":"SKIP","floor":11},{"not_picked":["beaked:MachineSpirit","beaked:Tradeoff"],"picked":"beaked:StickSmack","floor":12},{"not_picked":["beaked:VigorBurst","beaked:Redirect"],"picked":"beaked:MimicWarrior","floor":13},{"not_picked":["beaked:VolatileMisfortune","beaked:AwakenedForm"],"picked":"beaked:FullHouse","floor":16},{"not_picked":["beaked:Mantra","beaked:Brace"],"picked":"beaked:Devastation+1","floor":18},{"not_picked":["beaked:Recite","beaked:Insight"],"picked":"beaked:Overexert+1","floor":21},{"not_picked":["beaked:CursingBlood+1","beaked:Recite","beaked:Brace+1"],"picked":"SKIP","floor":22},{"not_picked":["infinitespire:TheBestDefense","ReplayTheSpireMod:Book of Names"],"picked":"infinitespire:Collect","floor":23},{"not_picked":["beaked:Recite","beaked:FeelMyPain"],"picked":"beaked:Windmill+1","floor":23},{"not_picked":["beaked:BraceForImpact+1","beaked:Mantra"],"picked":"beaked:WarriorSpirit+1","floor":27},{"not_picked":["beaked:Foresight+1","ReplayTheSpireMod:RavenHex+1","beaked:Insight"],"picked":"SKIP","floor":29},{"not_picked":["beaked:Redirect+1","ReplayTheSpireMod:Owlgaze+1"],"picked":"beaked:Brace+1","floor":30},{"not_picked":["beaked:Hexing","beaked:Devastation","beaked:SurvivalInstinct+1"],"picked":"SKIP","floor":31}],"player_experience":147765,"relics_obtained":[{"floor":6,"key":"Pen Nib"},{"floor":8,"key":"White Beast Statue"},{"floor":9,"key":"Replay:Rubber Ducky"},{"floor":11,"key":"Pear"},{"floor":13,"key":"Bag of Marbles"},{"floor":23,"key":"PreservedInsect"},{"floor":26,"key":"Toxic Egg 2"},{"floor":27,"key":"Oddly Smooth Stone"}],"event_choices":[{"damage_healed":0,"gold_gain":0,"player_choice":"Cursed","damage_taken":0,"max_hp_gain":0,"max_hp_loss":0,"event_name":"Wheel of Change","floor":14,"gold_loss":0,"cards_obtained":["Decay"]},{"damage_healed":0,"gold_gain":0,"player_choice":"Simplicity","damage_taken":0,"max_hp_gain":0,"max_hp_loss":0,"event_name":"Back to Basics","floor":19,"gold_loss":0,"cards_upgraded":["beaked:Strike_Y","beaked:Strike_Y","beaked:Strike_Y","beaked:Strike_Y","beaked:Strike_Y","beaked:Strike_Y","beaked:Defend_Y","beaked:Defend_Y","beaked:Defend_Y","beaked:Defend_Y"]},{"damage_healed":0,"gold_gain":0,"player_choice":"Stole Relic","damage_taken":0,"relics_obtained":["Grinning Jar"],"max_hp_gain":0,"max_hp_loss":0,"event_name":"Addict","floor":20,"gold_loss":0,"cards_obtained":["Shame"]},{"damage_healed":0,"gold_gain":100,"player_choice":"Pray","damage_taken":0,"max_hp_gain":0,"max_hp_loss":0,"event_name":"Golden Shrine","floor":25,"gold_loss":0}],"is_beta":false,"boss_relics":[{"not_picked":["Runic Pyramid","beaked:MawFillet"],"picked":"hubris:ScarierMask"}],"items_purged_floors":[21,28],"is_endless":false,"potions_floor_spawned":[2,4,8,10,11,12,16,18,22,27,29,30,31],"killed_by":"Automaton","ascension_level":1}}