{"host":"580ga1x1z8x1b2ni","time":1608895121,"event":{"mods":["Act Like it!","BaseMod","Colored Map","GungeonMod","Hubris","Minty Spire (QoL Compilation)","Pale of the Ancients","Replay The Spire","StSLib","vexMod"],"gold_per_floor":[112,128,128,128,128,161,46,46,72,98,111,111,111,131,131,227,227,243,256,178,196,196,225,225,259,259,259,275,49,49,63,63,160,160,172,184,65,65,65,95,95,129,178,212,225,225,242,261,261,261,271,271,271,19,19,19,19],"floor_reached":56,"playtime":3364,"items_purged":["Strike_G","Strike_G"],"score":1465,"play_id":"647ff5a5-bda7-465f-8b50-6565bb269194","local_time":"20201225191841","is_ascension_mode":true,"campfire_choices":[{"data":"Footwork","floor":8.0,"key":"SMITH"},{"data":"Tactician","floor":13.0,"key":"SMITH"},{"data":"Tools of the Trade","floor":15.0,"key":"SMITH"},{"data":"Adrenaline","floor":27.0,"key":"SMITH"},{"data":"Acrobatics","floor":30.0,"key":"SMITH"},{"data":"Choke","floor":41,"key":"SMITH"},{"data":"hubris:DoWhile","floor":46,"key":"SMITH"},{"data":"Caltrops","floor":49,"key":"SMITH"},{"data":"Footwork","floor":55,"key":"SMITH"}],"circlet_count":0,"master_deck":["Strike_G","Strike_G","Strike_G","Defend_G","Defend_G","Defend_G","Defend_G","Defend_G","Survivor","Neutralize+1","Underhanded Strike+1","Acrobatics+1","PiercingWail","Tactician+1","Footwork+1","Tools of the Trade+1","Adrenaline+1","Prepared+1","Footwork+1","Cloak And Dagger","Choke+1","Caltrops+1","Clash+1","hubris:DoWhile+1","Parasite","Ball Lightning+1","Footwork+1"],"relics":["NeowsBlessing","Sizzling Blood","DemoMod:BlueGuonStone","Vajra","DemoMod:MeltedRock","vexMod:PlasmaPancake","Odd Mushroom","vexMod:TanglingVine","hubris:CrystalStatue","hubris:BottledHeart","DemoMod:GlassGuonStoneRelic","Snake Skull","hubris:Metronome","DemoMod:NanoMachines","PrismaticShard","hubris:Backtick","Calipers","ReplayTheSpireMod:Ring of Collecting","MealTicket","vexMod:MemoryStick","ReplayTheSpireMod:Ring of Challenge","Bronze Scales","DemoMod:PinkGuonStone","paleoftheancients:Timepiece","paleoftheancients:KeyRelic","hubris:Icosahedron","Oddly Smooth Stone"],"acts_visited":["Exordium","TheCity","TheBeyond","paleoftheancients:PaleOfTheAncients"],"potions_floor_usage":[42,50,50,50],"damage_taken":[{"damage":0.0,"enemies":"2 Louse","floor":1.0,"turns":1.0},{"damage":0.0,"enemies":"Cultist","floor":2.0,"turns":1.0},{"damage":0.0,"enemies":"3 Sentries","floor":6.0,"turns":1.0},{"damage":22.0,"enemies":"Gremlin Nob","floor":10.0,"turns":6.0},{"damage":1.0,"enemies":"Small Slimes","floor":11.0,"turns":4.0},{"damage":0.0,"enemies":"The Mushroom Lair","floor":14.0,"turns":4.0},{"damage":14.0,"enemies":"Hexaghost","floor":16.0,"turns":12.0},{"damage":0.0,"enemies":"Chosen","floor":18.0,"turns":5.0},{"damage":0.0,"enemies":"3 Byrds","floor":19.0,"turns":3.0},{"damage":13.0,"enemies":"Shelled Parasite and Fungi","floor":21.0,"turns":6.0},{"damage":0.0,"enemies":"Slavers","floor":23.0,"turns":8.0},{"damage":0.0,"enemies":"Book of Stabbing","floor":25.0,"turns":8.0},{"damage":0.0,"enemies":"Snecko","floor":28.0,"turns":5.0},{"damage":0.0,"enemies":"Chosen and Byrds","floor":31.0,"turns":5.0},{"damage":0.0,"enemies":"hubris:MusketHawk","floor":33.0,"turns":12.0},{"damage":0.0,"enemies":"3 Shapes","floor":35.0,"turns":4.0},{"damage":0.0,"enemies":"3 Darklings","floor":36.0,"turns":7.0},{"damage":0,"enemies":"R_Hoarder","floor":40,"turns":8},{"damage":0,"enemies":"Nemesis","floor":42,"turns":9},{"damage":0,"enemies":"R_Hoarder","floor":44,"turns":8},{"damage":0,"enemies":"Maw","floor":45,"turns":8},{"damage":0,"enemies":"Transient","floor":47,"turns":5},{"damage":0,"enemies":"Writhing Mass","floor":48,"turns":4},{"damage":0,"enemies":"hubris:GrandSnecko","floor":50,"turns":21},{"damage":0,"enemies":"hubris:GrandSnecko","floor":51,"turns":11},{"damage":25,"enemies":"hubris:GrandSnecko","floor":52,"turns":6},{"damage":39,"enemies":"hubris:GrandSnecko","floor":56,"turns":8}],"seed_played":"-9062004991536223681","potions_obtained":[{"floor":2.0,"key":"BlessingOfTheForge"},{"floor":6.0,"key":"BlessingOfTheForge"},{"floor":10.0,"key":"Strength Potion"},{"floor":16.0,"key":"AttackPotion"},{"floor":23.0,"key":"Strength Potion"},{"floor":28.0,"key":"SteroidPotion"},{"floor":31.0,"key":"DemoMod:LeadSkinPotion"},{"floor":32.0,"key":"DemoMod:BlankPotion"},{"floor":32.0,"key":"Cursed Concoction"},{"floor":35.0,"key":"Elixir"},{"floor":44,"key":"Explosive Potion"}],"is_trial":false,"path_per_floor":["M","M","?","?","?","E","$","R","T","E","M","?","R","?","R","B",null,"M","M","?","M","?","E","?","E","T","R","M","$","R","M","R_BF","B",null,"M","M","$","?","?","E","R","E","T","E","M","R","M","M","R","B","M","M","?","$","R","M"],"character_chosen":"THE_SILENT","items_purchased":["Tactician","Footwork","PrismaticShard","Choke","Caltrops","Oddly Smooth Stone"],"campfire_rested":0,"item_purchase_floors":[7,7,29,37,37,54],"current_hp_per_floor":[63,63,63,67,67,71,71,71,71,53,56,55,55,59,59,49,72,76,80,80,71,1,1,1,1,1,1,1,1,1,1,1,1,1,1,1,1,1,1,1,1,1,1,1,1,1,1,1,1,1,1,1,1,1,1,0,0],"gold":19,"neow_bonus":"THREE_ENEMY_KILL","is_daily":false,"chose_seed":false,"campfire_upgraded":9,"win_rate":0.0,"timestamp":1608895121,"path_taken":["M","M","?","?","?","E","$","R","T","E","?","?","R","?","R","BOSS","M","M","?","?","?","E","?","E","T","R","?","?","R","M","R_BF","BOSS","M","M","?","?","?","E","R","E","T","E","M","R","M","M","R","BOSS","M","M","?","$","R","M"],"items_purchased_type":["Card","Card","Relic","Card","Card","Relic"],"build_version":"2020-12-22","purchased_purges":2,"victory":false,"max_hp_per_floor":[70,70,70,74,74,74,74,74,74,74,74,80,80,80,80,80,80,80,80,80,80,1,1,1,1,1,1,1,1,1,1,1,1,1,1,1,1,1,1,1,1,1,1,1,1,1,1,1,1,1,1,1,1,1,1,1,1],"card_choices":[{"not_picked":["Dagger Throw","Dodge and Roll"],"picked":"Underhanded Strike","floor":1.0},{"not_picked":["Blade Dance","Noxious Fumes"],"picked":"Acrobatics","floor":2.0},{"not_picked":["Masterful Stab","Well Laid Plans"],"picked":"PiercingWail","floor":6.0},{"not_picked":["hubris:Counter","Dagger Spray","Underhanded Strike"],"picked":"SKIP","floor":10.0},{"not_picked":["Finisher","hubris:SlightOfHand","Masterful Stab"],"picked":"SKIP","floor":11.0},{"not_picked":["Dagger Spray","Acrobatics"],"picked":"Tools of the Trade","floor":14.0},{"not_picked":["Die Die Die","Unload"],"picked":"Adrenaline","floor":16.0},{"not_picked":["Catalyst","Blade Dance+1","Bane"],"picked":"SKIP","floor":18.0},{"not_picked":["Dagger Spray+1","Slice"],"picked":"Prepared+1","floor":19.0},{"not_picked":["Hidden Blade","Sucker Punch","PiercingWail"],"picked":"SKIP","floor":21.0},{"not_picked":["Quick Slash","Flying Knee","Predator+1"],"picked":"SKIP","floor":23.0},{"not_picked":["Glass Knife","Blade Dance+1"],"picked":"Footwork+1","floor":25.0},{"not_picked":["Hidden Blade","ReplayTheSpireMod:Speed Training+1","Deflect"],"picked":"SKIP","floor":28.0},{"not_picked":["True Grit","Replay:Undeath\u0027s Touch","Infinite Blades"],"picked":"SKIP","floor":31.0},{"not_picked":["PiercingWail","Compile Driver"],"picked":"Cloak And Dagger","floor":35.0},{"not_picked":["DemoMod:HuntsMan","Cleave","FTL+1"],"picked":"SKIP","floor":36.0},{"not_picked":["Bandage Up+1","Replay:Undeath\u0027s Touch"],"picked":"Clash+1","floor":40},{"not_picked":["Consecrate","Deflect","Panic Button+1"],"picked":"SKIP","floor":42},{"not_picked":["DemoMod:SAA","Flex+1"],"picked":"hubris:DoWhile","floor":44},{"not_picked":["Havoc","ReplayTheSpireMod:Strike From Hell+1","Crescendo"],"picked":"SKIP","floor":45},{"not_picked":["Distraction+1","Hologram","Scrape"],"picked":"SKIP","floor":47},{"not_picked":["Protect","Redo+1"],"picked":"Ball Lightning+1","floor":48},{"not_picked":["Armaments+1","Sweeping Beam"],"picked":"Footwork","floor":51}],"player_experience":245423,"relics_obtained":[{"floor":6.0,"key":"DemoMod:BlueGuonStone"},{"floor":9.0,"key":"Vajra"},{"floor":10.0,"key":"DemoMod:MeltedRock"},{"floor":14.0,"key":"Odd Mushroom"},{"floor":23.0,"key":"Snake Skull"},{"floor":25.0,"key":"hubris:Metronome"},{"floor":26.0,"key":"DemoMod:NanoMachines"},{"floor":39,"key":"ReplayTheSpireMod:Ring of Collecting"},{"floor":40,"key":"MealTicket"},{"floor":42,"key":"vexMod:MemoryStick"},{"floor":43,"key":"ReplayTheSpireMod:Ring of Challenge"},{"floor":43,"key":"Bronze Scales"},{"floor":44,"key":"DemoMod:PinkGuonStone"}],"event_choices":[{"damage_healed":0.0,"max_hp_gain":0.0,"max_hp_loss":0.0,"gold_gain":0.0,"event_name":"Accursed Blacksmith","player_choice":"Forge","floor":5.0,"gold_loss":0.0,"damage_taken":0.0,"cards_upgraded":["Underhanded Strike"]},{"damage_healed":0.0,"max_hp_gain":0.0,"max_hp_loss":0.0,"gold_gain":0.0,"event_name":"Scrap Ooze","player_choice":"Success","floor":12.0,"gold_loss":0.0,"damage_taken":7.0,"relics_obtained":["vexMod:PlasmaPancake"]},{"damage_healed":0.0,"max_hp_gain":0.0,"max_hp_loss":0.0,"gold_gain":0.0,"event_name":"Mushrooms","player_choice":"Fought Mushrooms","floor":14.0,"gold_loss":0.0,"damage_taken":0.0},{"damage_healed":0.0,"max_hp_gain":0.0,"max_hp_loss":0.0,"gold_gain":0.0,"event_name":"WeMeetAgain","player_choice":"Paid Gold","floor":20.0,"gold_loss":78.0,"damage_taken":0.0,"relics_obtained":["hubris:CrystalStatue"]},{"damage_healed":0.0,"max_hp_gain":0.0,"max_hp_loss":0.0,"gold_gain":0.0,"event_name":"N\u0027loth","player_choice":"Ignored","floor":24.0,"gold_loss":0.0,"damage_taken":0.0},{"damage_healed":0,"gold_gain":0,"player_choice":"Memory 1","damage_taken":0,"max_hp_gain":0,"max_hp_loss":0,"event_name":"SensoryStone","floor":38,"gold_loss":0}],"is_beta":false,"boss_relics":[{"not_picked":["hubris:VirtuousBlindfold","hubris:TerracottaHorce"],"picked":"vexMod:TanglingVine"},{"not_picked":["ReplayTheSpireMod:DimensionalGlitch","Cursed Key"],"picked":"hubris:Backtick"}],"items_purged_floors":[29,54],"is_endless":false,"potions_floor_spawned":[2,6,10,16,23,28,31,35,36,44,48],"killed_by":"hubris:GrandSnecko","ascension_level":6}}