{"host":"ormi09wwzv7sq47a","time":1608912564,"event":{"mods":["2.2 Compatiblity","AchievementEnabler","Act Like it!","BaseMod","Bestiary","Better Altar","Better Note","Better Sensory Stone","Better Skull","Better Third Choice","Better Vampires","BetterRewards","Colored Map","Colored Powertips","Curses Come First","DeckTracker","Downfall","Highlight Path","Minty Spire (QoL Compilation)","Permanent Neow","Quick Restart","Rare Cards Sparkle","Relic Stats","Shop Mod","StSLib","The Jungle","The Servant 0.9.4"],"gold_per_floor":[118,118,6,6,19,19,63,79,79,79,98,50,0,15,15,141,141,166,182,2,2,16,16,34,65,65,84,34,34,77,97,47,168,168,189,203,218,218,233,269,219,255,255,205,238,238,188,188,138,138,138,88,38,79,79,79,79],"floor_reached":55,"playtime":4026,"items_purged":["Slimebound:Strike_Slimebound","Slimebound:Strike_Slimebound"],"score":1167,"play_id":"dfec86ae-5155-49ae-ab61-0138dc40920d","local_time":"20201225130924","is_ascension_mode":true,"campfire_choices":[{"data":"Slimebound:GrowthPunch","floor":6.0,"key":"SMITH"},{"data":"Slimebound:Split","floor":13.0,"key":"SMITH"},{"data":"Slimebound:CorrosiveSpit","floor":15.0,"key":"SMITH"},{"data":"Slimebound:DisruptingSlam","floor":23.0,"key":"SMITH"},{"data":"Slimebound:FormOfPuddle","floor":28.0,"key":"SMITH"},{"data":"Slimebound:ProtectTheBoss","floor":32.0,"key":"SMITH"},{"data":"Slimebound:WasteNot","floor":41.0,"key":"SMITH"},{"data":"Slimebound:Dissolve","floor":44.0,"key":"SMITH"},{"floor":47.0,"key":"RECALL"},{"data":"Slimebound:SlimeSpikes","floor":49.0,"key":"SMITH"},{"data":"Slimebound:Schlurp","floor":52,"key":"SMITH"}],"circlet_count":0,"master_deck":["AscendersBane","Slimebound:Strike_Slimebound","Slimebound:Defend_Slimebound","Slimebound:Defend_Slimebound","Slimebound:Defend_Slimebound","Slimebound:Defend_Slimebound","Slimebound:Split+1","Slimebound:CorrosiveSpit+1","Slimebound:DisruptingSlam+1","Slimebound:Dissolve+1","Slimebound:GrowthPunch+1","Slimebound:Schlurp+1","Slimebound:FormOfPuddle+1","Slimebound:MassFeed+1","Slimebound:Grow+1","Slimebound:MegaLick+1","Slimebound:SlimeSpikes+1","Slimebound:SamplingLick+1","Slimebound:LeechEnergy+1","Slimebound:Recycling","Slimebound:ProtectTheBoss+1","Slimebound:WasteNot+1","Slimebound:GoopSpray+1","Slimebound:Recollect+1","Slimebound:MassFeed+1","Slimebound:LeechEnergy+1","Slimebound:FirmFortitude+1","Slimebound:Recollect+1","Slimebound:Prepare+1"],"relics":["Slimebound:AbsorbEndCombatUpgraded","Golden Idol","Molten Egg 2","Blue Candle","Slimebound:GreedOozeRelic","Bag of Preparation","Omamori","Bag of Marbles","Question Card","Spirit Poop","Turnip","Philosopher\u0027s Stone","Toy Ornithopter","Smiling Mask","Eternal Feather","Happy Flower"],"acts_visited":["Exordium","TheCity","TheBeyond","TheEnding"],"potions_floor_usage":[55,55],"damage_taken":[{"damage":8.0,"enemies":"Small Slimes","floor":1.0,"turns":5.0},{"damage":13.0,"enemies":"2 Louse","floor":5.0,"turns":3.0},{"damage":29.0,"enemies":"Lagavulin","floor":7.0,"turns":9.0},{"damage":6.0,"enemies":"Jaw Worm","floor":8.0,"turns":5.0},{"damage":13.0,"enemies":"Exordium Thugs","floor":11.0,"turns":4.0},{"damage":17.0,"enemies":"Looter","floor":14.0,"turns":3.0},{"damage":35.0,"enemies":"Hexaghost","floor":16.0,"turns":11.0},{"damage":28.0,"enemies":"Spheric Guardian","floor":18.0,"turns":6.0},{"damage":22.0,"enemies":"Chosen","floor":19.0,"turns":6.0},{"damage":32.0,"enemies":"Centurion and Healer","floor":22.0,"turns":10.0},{"damage":30.0,"enemies":"Cultist and Chosen","floor":24.0,"turns":6.0},{"damage":37.0,"enemies":"Book of Stabbing","floor":25.0,"turns":5.0},{"damage":16.0,"enemies":"Snake Plant","floor":27.0,"turns":3.0},{"damage":50.0,"enemies":"Gremlin Leader","floor":30.0,"turns":7.0},{"damage":28.0,"enemies":"Centurion and Healer","floor":31.0,"turns":5.0},{"damage":55.0,"enemies":"Collector","floor":33.0,"turns":13.0},{"damage":16.0,"enemies":"3 Shapes","floor":35.0,"turns":3.0},{"damage":40.0,"enemies":"Orb Walker","floor":36.0,"turns":5.0},{"damage":46.0,"enemies":"Sphere and 2 Shapes","floor":37.0,"turns":8.0},{"damage":56.0,"enemies":"Sphere and 2 Shapes","floor":38.0,"turns":9.0},{"damage":32.0,"enemies":"Writhing Mass","floor":39.0,"turns":6.0},{"damage":21.0,"enemies":"Reptomancer","floor":40.0,"turns":8.0},{"damage":40.0,"enemies":"Nemesis","floor":42.0,"turns":9.0},{"damage":52.0,"enemies":"Reptomancer","floor":45.0,"turns":8.0},{"damage":131,"enemies":"Awakened One","floor":50,"turns":13},{"damage":96,"enemies":"Shield and Spear","floor":54,"turns":7},{"damage":220,"enemies":"The Heart","floor":55,"turns":11}],"seed_played":"-9020757615578039497","potions_obtained":[{"floor":5.0,"key":"FairyPotion"},{"floor":8.0,"key":"FearPotion"},{"floor":16.0,"key":"champ:CounterPotion"},{"floor":19.0,"key":"Dexterity Potion"},{"floor":22.0,"key":"Slimebound:SlimyTonguePotion"},{"floor":25.0,"key":"DuplicationPotion"},{"floor":30.0,"key":"SteroidPotion"},{"floor":42.0,"key":"ColorlessPotion"},{"floor":54,"key":"hexamod:EctoCoolerPotion"}],"is_trial":false,"path_per_floor":["M","?","$","?","M","R","E","M","T","?","M","$","R","M","R","B",null,"M","M","$","?","M","R","M","E","T","M","R","?","E","M","R","B",null,"M","M","M","?","M","E","R","E","T","R","E","?","R","?","R","B",null,"R","$","E","B"],"character_chosen":"SLIMEBOUND","items_purchased":["Slimebound:Dissolve","Block Potion","Bag of Preparation","Slimebound:SlimeSpikes"],"campfire_rested":0,"item_purchase_floors":[3,12,20,20],"current_hp_per_floor":[56,61,61,45,40,40,27,37,37,37,34,34,34,31,31,28,56,52,62,62,62,81,81,66,65,65,69,69,69,63,93,93,97,97,97,77,63,79,101,105,105,88,88,88,109,109,109,104,104,81,101,108,108,84,0,0,0],"gold":79,"neow_bonus":"REMOVE_CARD","is_daily":false,"chose_seed":false,"campfire_upgraded":10,"win_rate":0.0,"timestamp":1608912564,"path_taken":["M","?","$","?","M","R","E","M","T","?","M","?","R","M","R","BOSS","M","M","$","?","M","R","M","E","T","M","R","?","E","?","R","BOSS","M","M","M","?","M","E","R","E","T","R","E","?","R","?","R","BOSS","R","$","E","BOSS"],"items_purchased_type":["Card","Potion","Relic","Card"],"build_version":"2020-12-22","purchased_purges":2,"victory":false,"max_hp_per_floor":[60,65,65,65,65,65,65,65,65,65,65,65,65,65,65,65,65,69,73,73,73,81,81,85,85,85,85,85,85,85,93,93,97,97,97,101,101,101,105,105,105,105,105,105,109,109,109,104,104,108,108,108,108,108,108,108,108],"relic_stats":{"Happy Flower":[3],"counters":[27,184],"Golden Idol":176,"Blue Candle":[4],"Eternal Feather":7,"Turnip":[12],"Bag of Preparation":[36],"Question Card":13,"Smiling Mask":50,"obtain_stats":[{"Happy Flower":54,"Golden Idol":4,"Blue Candle":9,"Spirit Poop":29,"Eternal Feather":45,"Bag of Preparation":20,"Omamori":21,"Question Card":26,"Smiling Mask":42,"Slimebound:GreedOozeRelic":10,"Molten Egg 2":7,"Philosopher\u0027s Stone":34,"Turnip":30,"Slimebound:AbsorbEndCombat":0,"Bag of Marbles":25,"Slimebound:AbsorbEndCombatUpgraded":17,"Toy Ornithopter":40},{"Happy Flower":26,"Golden Idol":1,"Blue Candle":4,"Spirit Poop":13,"Eternal Feather":24,"Bag of Preparation":9,"Omamori":9,"Question Card":12,"Smiling Mask":23,"Slimebound:GreedOozeRelic":4,"Molten Egg 2":3,"Philosopher\u0027s Stone":16,"Turnip":14,"Slimebound:AbsorbEndCombat":0,"Bag of Marbles":12,"Slimebound:AbsorbEndCombatUpgraded":7,"Toy Ornithopter":22},{"Happy Flower":173,"Golden Idol":5,"Blue Candle":22,"Spirit Poop":74,"Eternal Feather":153,"Bag of Preparation":51,"Omamori":51,"Question Card":71,"Smiling Mask":145,"Slimebound:GreedOozeRelic":22,"Molten Egg 2":17,"Philosopher\u0027s Stone":99,"Turnip":81,"Slimebound:AbsorbEndCombat":0,"Bag of Marbles":71,"Slimebound:AbsorbEndCombatUpgraded":39,"Toy Ornithopter":137}],"Toy Ornithopter":15},"card_choices":[{"not_picked":["Slimebound:LeechingTouch","Slimebound:RollThrough"],"picked":"Slimebound:DisruptingSlam","floor":1.0},{"not_picked":["Slimebound:SplitLeeching","Slimebound:SplitMire"],"picked":"Slimebound:GrowthPunch","floor":5.0},{"not_picked":["Slimebound:ForwardTackle+1","Slimebound:RollThrough+1","Slimebound:SplitLeeching"],"picked":"SKIP","floor":7.0},{"not_picked":["Slimebound:PressTheAttack+1","Slimebound:FinishingTackle+1","Slimebound:ComboTackle+1"],"picked":"SKIP","floor":8.0},{"not_picked":["Slimebound:PressTheAttack+1","Slimebound:SplitMire"],"picked":"Slimebound:Schlurp","floor":11.0},{"not_picked":["Slimebound:Replication","Slimebound:ViciousTackle+1"],"picked":"Slimebound:FormOfPuddle","floor":14.0},{"not_picked":["Slimebound:OneTwoCombo+1","Slimebound:RallyTheTroops+1"],"picked":"Slimebound:MassFeed+1","floor":16.0},{"not_picked":["Slimebound:LeechingTouch+1","Slimebound:ProtectTheBoss+1"],"picked":"Slimebound:Grow+1","floor":18.0},{"not_picked":["Slimebound:RejuvenatingLick","Slimebound:SlimeSpikes"],"picked":"Slimebound:MegaLick+1","floor":19.0},{"not_picked":["Slimebound:LeechEnergy+1","Slimebound:SplitAcid"],"picked":"Slimebound:SamplingLick+1","floor":22.0},{"not_picked":["Slimebound:SpikyOuterGoop","Slimebound:Schlurp"],"picked":"Slimebound:LeechEnergy+1","floor":24.0},{"not_picked":["Slimebound:SamplingLick","Slimebound:SplitBruiser"],"picked":"Slimebound:Recycling","floor":25.0},{"not_picked":["Slimebound:SplitMire","Slimebound:GrowthPunch+1","Slimebound:RollThrough+1"],"picked":"Slimebound:ProtectTheBoss","floor":27.0},{"not_picked":["Slimebound:ComboTackle+1","Slimebound:PressTheAttack+1","Slimebound:SplitBruiser+1","Slimebound:SplitLeeching"],"picked":"SKIP","floor":30.0},{"not_picked":["Slimebound:GoopSpray","Slimebound:SlimeBarrage+1","Slimebound:GoopTackle+1","Slimebound:SplitLeeching"],"picked":"SKIP","floor":31.0},{"not_picked":["Slimebound:OozeBath","Slimebound:MassRepurpose","Slimebound:Teamwork"],"picked":"Slimebound:WasteNot","floor":33.0},{"not_picked":["Slimebound:ViciousTackle+1","Slimebound:RejuvenatingLick","Slimebound:PressTheAttack+1"],"picked":"Slimebound:GoopSpray+1","floor":35.0},{"not_picked":["Slimebound:RollThrough+1","Slimebound:RejuvenatingLick","Slimebound:PressTheAttack+1"],"picked":"Slimebound:Recollect+1","floor":36.0},{"not_picked":["Slimebound:GoopSpray","Slimebound:GoopTackle+1","Slimebound:Schlurp+1","Slimebound:FinishingTackle+1"],"picked":"SKIP","floor":37.0},{"not_picked":["Slimebound:ItLooksTasty+1","Slimebound:LeechingTouch+1","Slimebound:Schlurp"],"picked":"Slimebound:MassFeed+1","floor":38.0},{"not_picked":["Slimebound:SplitBruiser","Slimebound:SamplingLick","Slimebound:ForwardTackle+1"],"picked":"Slimebound:LeechEnergy+1","floor":39.0},{"not_picked":["Slimebound:BestDefense","Slimebound:MinionMaster","Slimebound:SlimeBarrage+1"],"picked":"Slimebound:FirmFortitude+1","floor":40.0},{"not_picked":["Slimebound:Chomp+1","Slimebound:SlimeBarrage+1","Slimebound:GrowthPunch+1"],"picked":"Slimebound:SlimeSpikes+1","floor":42.0},{"not_picked":["Slimebound:SplitBruiser","Slimebound:DisruptingSlam+1","Slimebound:LeadByExample"],"picked":"Slimebound:Recollect+1","floor":45.0},{"not_picked":["Slimebound:ComboTackle+1","Slimebound:SlimeBrawl+1","Slimebound:ViciousTackle+1"],"picked":"Slimebound:Prepare+1","floor":54}],"player_experience":754463,"relics_obtained":[{"floor":7.0,"key":"Molten Egg 2"},{"floor":9.0,"key":"Blue Candle"},{"floor":25.0,"key":"Bag of Marbles"},{"floor":26.0,"key":"Question Card"},{"floor":30.0,"key":"Turnip"},{"floor":40.0,"key":"Toy Ornithopter"},{"floor":42.0,"key":"Smiling Mask"},{"floor":45.0,"key":"Eternal Feather"},{"floor":54,"key":"Happy Flower"}],"event_choices":[{"damage_healed":0.0,"max_hp_gain":5.0,"max_hp_loss":0.0,"gold_gain":0.0,"event_name":"Big Fish","player_choice":"Donut","floor":2.0,"gold_loss":0.0,"damage_taken":0.0},{"damage_healed":0.0,"max_hp_gain":0.0,"max_hp_loss":0.0,"gold_gain":0.0,"event_name":"Golden Idol","player_choice":"Take Damage","floor":4.0,"gold_loss":0.0,"damage_taken":16.0,"relics_obtained":["Golden Idol"]},{"damage_healed":0.0,"max_hp_gain":0.0,"max_hp_loss":0.0,"gold_gain":0.0,"event_name":"The Mausoleum","player_choice":"Opened","floor":21.0,"gold_loss":0.0,"damage_taken":0.0,"relics_obtained":["Omamori"],"cards_obtained":["Writhe"]},{"cards_removed":["Writhe"],"damage_healed":0.0,"max_hp_gain":0.0,"max_hp_loss":0.0,"gold_gain":0.0,"event_name":"Bonfire Elementals","player_choice":"Offered Curse","floor":29.0,"gold_loss":0.0,"damage_taken":0.0,"relics_obtained":["Spirit Poop"]},{"cards_removed":["Slimebound:SlimeSpikes"],"damage_healed":0.0,"max_hp_gain":0.0,"max_hp_loss":0.0,"gold_gain":0.0,"event_name":"Falling","player_choice":"Removed Skill","floor":46.0,"gold_loss":0.0,"damage_taken":0.0},{"damage_healed":0.0,"max_hp_gain":0.0,"max_hp_loss":5.0,"gold_gain":0.0,"event_name":"Winding Halls","player_choice":"Max HP","floor":48.0,"gold_loss":0.0,"damage_taken":0.0}],"is_beta":false,"boss_relics":[{"not_picked":["SlaversCollar","Empty Cage"],"picked":"Slimebound:AbsorbEndCombatUpgraded"},{"not_picked":["Velvet Choker","Coffee Dripper"],"picked":"Philosopher\u0027s Stone"}],"items_purged_floors":[3,53],"is_endless":false,"potions_floor_spawned":[5,8,16,19,22,25,30,35,36,42,54],"killed_by":"The Heart","ascension_level":10}}