{"host":"bbcqjedmotowk2e9","time":1608921271,"event":{"mods":["A Magickal Journey","AchievementEnabler","Aspiration","BaseMod","BetterRewards","Colored Powertips","Conspire","Energized Spire","GifTheSpireLib","Halation","Hubris","Hyrulean Relics","Minty Spire (QoL Compilation)","Permanent Neow","Quick Restart","Relic Stats","Replay The Spire","Spires And Sneckos","StSLib","Stuff the Spire","Synergy Search","The Disciple","vexMod"],"gold_per_floor":[115,40,51,51,62,95,95,95,95],"floor_reached":8,"playtime":242,"items_purged":["Strike_P"],"score":67,"play_id":"b1a248c0-c4a1-4b4e-8797-dbac36d62bba","local_time":"20201225213431","is_ascension_mode":true,"campfire_choices":[{"floor":7,"key":"REST"}],"circlet_count":0,"master_deck":["Strike_P","Strike_P","Strike_P","Defend_P","Defend_P","Defend_P","Defend_P","Eruption","Vigilance","Replay:AllIn"],"relics":["PureWater","vexMod:BarristanHead"],"acts_visited":["Exordium"],"potions_floor_usage":[],"damage_taken":[{"damage":0,"enemies":"2 Louse","floor":1,"turns":1},{"damage":0,"enemies":"Cultist","floor":3,"turns":4},{"damage":0,"enemies":"Small Slimes","floor":5,"turns":3},{"damage":70,"enemies":"Lagavulin","floor":6,"turns":8},{"damage":20,"enemies":"3 Sentries","floor":8,"turns":2}],"seed_played":"3273570886681496215","potions_obtained":[{"floor":1,"key":"Fire Potion"},{"floor":3,"key":"Reflective Coating"},{"floor":4,"key":"Reflective Coating"}],"is_trial":false,"path_per_floor":["M","$","M","?","M","E","R","E"],"character_chosen":"WATCHER","items_purchased":[],"campfire_rested":1,"item_purchase_floors":[],"current_hp_per_floor":[72,72,72,72,72,2,23,3,3],"gold":95,"neow_bonus":"ONE_RANDOM_RARE_CARD","is_daily":false,"chose_seed":false,"campfire_upgraded":0,"win_rate":0.0,"timestamp":1608921271,"path_taken":["M","$","M","?","?","E","R","E"],"items_purchased_type":[],"build_version":"2020-12-22","purchased_purges":1,"victory":false,"max_hp_per_floor":[72,72,72,72,72,72,72,72,72],"relic_stats":{"counters":[5,18],"obtain_stats":[{"vexMod:BarristanHead":6,"PureWater":0},{"vexMod:BarristanHead":4,"PureWater":0},{"vexMod:BarristanHead":16,"PureWater":0}]},"card_choices":[{"not_picked":["WheelKick","Tantrum","Fasting2"],"picked":"SKIP","floor":1},{"not_picked":["FlyingSleeves","Replay:BluntJabs","EmptyBody"],"picked":"SKIP","floor":3},{"not_picked":["FlyingSleeves","Replay:BluntJabs","EmptyBody"],"picked":"SKIP","floor":3},{"not_picked":["Replay:ManipulateFuture","Worship","Replay:AtTheReady"],"picked":"SKIP","floor":5},{"not_picked":["Pray","Prostrate","Blasphemy"],"picked":"SKIP","floor":6}],"player_experience":542597,"relics_obtained":[{"floor":6,"key":"vexMod:BarristanHead"}],"event_choices":[{"damage_healed":0,"gold_gain":0,"player_choice":"Got Potions","damage_taken":0,"max_hp_gain":0,"max_hp_loss":0,"event_name":"Lab","floor":4,"gold_loss":0}],"is_beta":false,"boss_relics":[],"items_purged_floors":[2],"is_endless":false,"potions_floor_spawned":[1,3],"killed_by":"3 Sentries","ascension_level":4}}