{"host":"0e3sjn8nzeyxegex","time":1608919609,"event":{"mods":["Act Like it!","AlwaysNeverKeys","BaseMod","Better Altar","Better Note","Better Sensory Stone","Better Skull","Better Third Choice","Better Vampires","Colored Map","Friendly Minions","Minty Spire (QoL Compilation)","Permanent Neow","Quick Restart","StSLib","The Alterego"],"gold_per_floor":[115,131,3,19,32,47,47,47,47,47,79,79,109,109,109,181,181,198,216,48,148,167,167,192,192,192,219,238,253,253,104,104,180,180,191,66,66,86,86,119,119,119,119,119,74,115,115,139,139,139],"floor_reached":51,"playtime":2511,"items_purged":["alterego_mod:Strike","alterego_mod:Strike","alterego_mod:Strike"],"score":1359,"play_id":"2e31fd72-2d35-4d1d-b480-a95c0d2f36c0","local_time":"20201225130649","is_ascension_mode":true,"campfire_choices":[{"data":"alterego_mod:BrynhildrRomantia","floor":7.0,"key":"SMITH"},{"data":"alterego_mod:BigMeatyClaws","floor":10.0,"key":"SMITH"},{"data":"alterego_mod:1TonWallop","floor":12.0,"key":"SMITH"},{"data":"alterego_mod:Pet","floor":15.0,"key":"SMITH"},{"data":"alterego_mod:Support","floor":23.0,"key":"SMITH"},{"data":"alterego_mod:GoddessCore","floor":25.0,"key":"SMITH"},{"data":"alterego_mod:Birthday","floor":30.0,"key":"SMITH"},{"data":"alterego_mod:PerceptionDisorder","floor":32.0,"key":"SMITH"},{"data":"alterego_mod:Birthday","floor":41,"key":"SMITH"},{"data":"alterego_mod:BrynhildrsRune","floor":44,"key":"SMITH"},{"data":"alterego_mod:Birthday","floor":47,"key":"SMITH"},{"floor":49,"key":"REST"}],"circlet_count":0,"master_deck":["AscendersBane","alterego_mod:Strike","alterego_mod:Defend","alterego_mod:Defend","alterego_mod:Defend","alterego_mod:BigMeatyClaws+1","alterego_mod:BrynhildrsRune+1","alterego_mod:BrynhildrRomantia+1","alterego_mod:GoddessCore+1","alterego_mod:BeGentle","alterego_mod:1TonWallop+1","alterego_mod:Exercise","alterego_mod:Pet+1","alterego_mod:Birthday+1","alterego_mod:Vow","alterego_mod:Support+1","alterego_mod:Valentines","alterego_mod:BrynhildrRomantia+1","alterego_mod:Birthday+1","alterego_mod:BiFurious+1","alterego_mod:PerceptionDisorder+1","alterego_mod:PerceptionDisorder+1","alterego_mod:Birthday+1","Secret Weapon","alterego_mod:Skirt+1","Madness","Madness","alterego_mod:Birthday+1","alterego_mod:Birthday","alterego_mod:Cooking+1"],"relics":["alterego_mod:MasochisticConstitution","Oddly Smooth Stone","Orichalcum","Matryoshka","Runic Dome","DollysMirror","CaptainsWheel","Vajra","Bag of Marbles","MealTicket","Sozu","Akabeko","CeramicFish","White Beast Statue","Nunchaku"],"acts_visited":["Exordium","TheCity","TheBeyond"],"potions_floor_usage":[33,34,50,50],"damage_taken":[{"damage":2.0,"enemies":"Jaw Worm","floor":1.0,"turns":5.0},{"damage":0.0,"enemies":"Small Slimes","floor":2.0,"turns":3.0},{"damage":7.0,"enemies":"Cultist","floor":4.0,"turns":5.0},{"damage":26.0,"enemies":"Exordium Thugs","floor":5.0,"turns":5.0},{"damage":0.0,"enemies":"3 Louse","floor":6.0,"turns":1.0},{"damage":30.0,"enemies":"Lagavulin","floor":11.0,"turns":9.0},{"damage":12.0,"enemies":"Gremlin Nob","floor":13.0,"turns":2.0},{"damage":82.0,"enemies":"Hexaghost","floor":16.0,"turns":10.0},{"damage":16.0,"enemies":"Spheric Guardian","floor":18.0,"turns":4.0},{"damage":10.0,"enemies":"Shell Parasite","floor":19.0,"turns":4.0},{"damage":25.0,"enemies":"Centurion and Healer","floor":22.0,"turns":7.0},{"damage":44.0,"enemies":"Book of Stabbing","floor":24.0,"turns":6.0},{"damage":12.0,"enemies":"Gremlin Leader","floor":27.0,"turns":4.0},{"damage":6.0,"enemies":"Cultist and Chosen","floor":28.0,"turns":3.0},{"damage":0.0,"enemies":"3 Cultists","floor":29.0,"turns":4.0},{"damage":27,"enemies":"Champ","floor":33,"turns":7},{"damage":4,"enemies":"3 Shapes","floor":35,"turns":1},{"damage":12,"enemies":"Orb Walker","floor":38,"turns":2},{"damage":74,"enemies":"Nemesis","floor":40,"turns":8},{"damage":6,"enemies":"Giant Head","floor":46,"turns":5},{"damage":10,"enemies":"Maw","floor":48,"turns":5},{"damage":27,"enemies":"Donu and Deca","floor":50,"turns":4}],"seed_played":"6420351960419168668","potions_obtained":[{"floor":1.0,"key":"FearPotion"},{"floor":4.0,"key":"LiquidMemories"},{"floor":13.0,"key":"EssenceOfSteel"},{"floor":18.0,"key":"LiquidBronze"},{"floor":19.0,"key":"EntropicBrew"},{"floor":24.0,"key":"Regen Potion"},{"floor":29.0,"key":"SpeedPotion"},{"floor":33,"key":"Explosive Potion"}],"is_trial":false,"path_per_floor":["M","M","$","M","M","M","R","?","T","R","E","R","E","?","R","B",null,"M","M","$","?","M","R","E","R","T","E","M","M","R","$","R","B",null,"M","$","?","M","?","E","R","?","T","R","$","E","R","M","R","B",null],"character_chosen":"The_Alterego","items_purchased":["alterego_mod:1TonWallop","DollysMirror","alterego_mod:Birthday","alterego_mod:PerceptionDisorder","alterego_mod:Birthday"],"campfire_rested":1,"item_purchase_floors":[3,20,20,31,45],"current_hp_per_floor":[68,72,72,76,58,58,58,51,51,51,33,33,33,97,97,25,80,78,82,82,82,80,80,48,48,48,69,86,116,116,120,120,110,121,129,130,130,132,115,61,61,61,61,61,76,93,93,109,150,146],"gold":139,"neow_bonus":"ONE_RANDOM_RARE_CARD","is_daily":false,"chose_seed":false,"campfire_upgraded":11,"win_rate":0.0,"timestamp":1608919609,"path_taken":["M","M","$","M","M","M","R","?","T","R","E","R","E","?","R","BOSS","M","M","$","?","M","R","E","R","T","E","M","M","R","?","R","BOSS","M","$","?","M","?","E","R","?","T","R","?","E","R","?","R","BOSS"],"items_purchased_type":["Card","Relic","Card","Card","Card"],"build_version":"2020-12-22","purchased_purges":3,"victory":true,"max_hp_per_floor":[69,72,72,76,77,77,77,77,77,77,82,82,87,97,97,98,98,103,108,108,108,113,113,114,114,114,115,120,120,120,120,120,125,125,130,130,130,135,135,140,140,140,140,140,140,145,145,150,150,151],"card_choices":[{"not_picked":["alterego_mod:Punishment","alterego_mod:BiFurious"],"picked":"alterego_mod:GoddessCore","floor":1.0},{"not_picked":["alterego_mod:DiscoLights","alterego_mod:SakuraFive"],"picked":"alterego_mod:BeGentle","floor":2.0},{"not_picked":["alterego_mod:PresenceConcealment","alterego_mod:BoobPocket"],"picked":"alterego_mod:Exercise","floor":4.0},{"not_picked":["alterego_mod:Clap","alterego_mod:Maid"],"picked":"alterego_mod:Pet","floor":5.0},{"not_picked":["alterego_mod:DiscoLights","alterego_mod:Clap"],"picked":"alterego_mod:ClassAdvantage","floor":6.0},{"not_picked":["alterego_mod:DiscoLights","alterego_mod:Bloomers","alterego_mod:Skirt"],"picked":"SKIP","floor":11.0},{"not_picked":["alterego_mod:Rip","alterego_mod:HighServant"],"picked":"alterego_mod:Birthday","floor":13.0},{"not_picked":["alterego_mod:SideboobHour","alterego_mod:Weigh"],"picked":"alterego_mod:Vow","floor":16.0},{"not_picked":["alterego_mod:Nekomimi","alterego_mod:1TonWallop"],"picked":"alterego_mod:Support","floor":18.0},{"not_picked":["alterego_mod:BustOut","alterego_mod:Clones"],"picked":"alterego_mod:Valentines","floor":19.0},{"not_picked":["alterego_mod:MagicResistance","alterego_mod:1TonWallop"],"picked":"alterego_mod:BiFurious+1","floor":22.0},{"not_picked":["alterego_mod:Collar","alterego_mod:SuperDuperMasochism","alterego_mod:Bunnysuit"],"picked":"SKIP","floor":24.0},{"not_picked":["alterego_mod:Crossover","alterego_mod:Cycle"],"picked":"alterego_mod:PerceptionDisorder+1","floor":27.0},{"not_picked":["alterego_mod:DeftHands","alterego_mod:Mirror","alterego_mod:Punishment"],"picked":"SKIP","floor":28.0},{"not_picked":["alterego_mod:Cooking","alterego_mod:Cushion","alterego_mod:TrashNCrash"],"picked":"SKIP","floor":29.0},{"not_picked":["alterego_mod:Rip","alterego_mod:PresenceConcealment"],"picked":"alterego_mod:Birthday+1","floor":35},{"not_picked":["The Bomb","Sadistic Nature"],"picked":"Secret Weapon","floor":37},{"not_picked":["alterego_mod:Maid","alterego_mod:Punishment+1"],"picked":"alterego_mod:Skirt+1","floor":38},{"not_picked":["alterego_mod:Schoolgirl","alterego_mod:Mirror","alterego_mod:GoddessCore"],"picked":"SKIP","floor":40},{"not_picked":["alterego_mod:Smother","alterego_mod:HighServant"],"picked":"alterego_mod:Birthday","floor":46},{"not_picked":["alterego_mod:DestructionOfProperty","alterego_mod:DiscoLights"],"picked":"alterego_mod:Cooking+1","floor":48}],"player_experience":1131537,"relics_obtained":[{"floor":9.0,"key":"Oddly Smooth Stone"},{"floor":11.0,"key":"Orichalcum"},{"floor":13.0,"key":"Matryoshka"},{"floor":24.0,"key":"CaptainsWheel"},{"floor":26.0,"key":"Vajra"},{"floor":26.0,"key":"Bag of Marbles"},{"floor":27.0,"key":"MealTicket"},{"floor":40,"key":"Akabeko"},{"floor":43,"key":"CeramicFish"},{"floor":43,"key":"White Beast Statue"},{"floor":46,"key":"Nunchaku"}],"event_choices":[{"cards_removed":["alterego_mod:Impale"],"damage_healed":0.0,"max_hp_gain":0.0,"max_hp_loss":0.0,"gold_gain":0.0,"event_name":"Golden Wing","player_choice":"Card Removal","floor":8.0,"gold_loss":0.0,"damage_taken":7.0},{"cards_removed":["alterego_mod:ClassAdvantage"],"damage_healed":54.0,"max_hp_gain":10.0,"max_hp_loss":0.0,"gold_gain":0.0,"event_name":"Bonfire Elementals","player_choice":"Offered Rare","floor":14.0,"gold_loss":0.0,"damage_taken":0.0},{"damage_healed":0.0,"max_hp_gain":0.0,"max_hp_loss":0.0,"gold_gain":100.0,"event_name":"Golden Shrine","player_choice":"Pray","floor":21.0,"gold_loss":0.0,"damage_taken":0.0},{"damage_healed":0,"gold_gain":3,"player_choice":"1","damage_taken":0,"max_hp_gain":0,"max_hp_loss":0,"event_name":"betterStone:BetterStone","floor":37,"gold_loss":0},{"damage_healed":0,"gold_gain":0,"player_choice":"Embrace Madness","damage_taken":17,"max_hp_gain":0,"max_hp_loss":0,"event_name":"Winding Halls","floor":39,"gold_loss":0,"cards_obtained":["Madness","Madness"]},{"cards_removed":["alterego_mod:Defend"],"damage_healed":0,"gold_gain":0,"player_choice":"Removed Skill","damage_taken":0,"max_hp_gain":0,"max_hp_loss":0,"event_name":"Falling","floor":42,"gold_loss":0}],"is_beta":false,"boss_relics":[{"not_picked":["Fusion Hammer","Cursed Key"],"picked":"Runic Dome"},{"not_picked":["SlaversCollar","Black Star"],"picked":"Sozu"}],"items_purged_floors":[3,31,36],"is_endless":false,"potions_floor_spawned":[1,4,6,13,18,19,24,29,33,38,46,48],"ascension_level":14}}