{"host":"bhj73plqr6q46rek","time":1608927226,"event":{"mods":["2.2 Compatiblity","Arknights The Spire","Aspiration","BaseMod","Better Third Choice","BetterRewards","CapriCore","Conspire","Downfall","Energized Spire","Friendly Minions","Hubris","Infinite Spire","Jorbs\u0027s Wanderer Trilogy","KiyohimeÅiê¥?Åj","Minty Spire (QoL Compilation)","Relic Sorter","Replay The Spire","Shade Mod","StSLib","The Alterego","The Immortal","The Servant 0.9.4","WarShipGirlsR/??è≠èóR mod"],"gold_per_floor":[115,115,190,190,207,207,287,307,332,350,98,98,98,98,98,197,197,207,227,227,227,227,227,244,244,244,264,264,264,275,303,303,303,303],"floor_reached":33,"playtime":1871,"items_purged":[],"score":278,"play_id":"127312a9-3e88-4360-8127-fe38735a929c","local_time":"20201225211346","is_ascension_mode":false,"campfire_choices":[{"data":"alterego_mod:Impale","floor":6,"key":"SMITH"},{"data":"Apotheosis","floor":12,"key":"SMITH"},{"data":"alterego_mod:Nekomimi","floor":15,"key":"SMITH"},{"data":"alterego_mod:Rip","floor":23,"key":"SMITH"},{"data":"alterego_mod:BigMeatyClaws","floor":25,"key":"SMITH"},{"data":"alterego_mod:Smother","floor":29,"key":"SMITH"},{"data":"alterego_mod:STier","floor":32,"key":"SMITH"}],"circlet_count":0,"master_deck":["alterego_mod:Strike","alterego_mod:Strike","alterego_mod:Strike","alterego_mod:Defend","alterego_mod:Defend","alterego_mod:Defend","alterego_mod:Defend","alterego_mod:Impale+1","alterego_mod:BigMeatyClaws+1","alterego_mod:BrynhildrsRune","alterego_mod:Undulate","Apotheosis+1","alterego_mod:Nekomimi+1","alterego_mod:Lift","alterego_mod:SuperDuperMasochism","alterego_mod:Rip+1","Shame","alterego_mod:Santa+1","alterego_mod:Smother+1","alterego_mod:STier+1"],"relics":["alterego_mod:MasochisticConstitution","hubris:BottledHeart","NeowsBlessing","conspire:Flyswatter","hubris:ToyBattleship","ReplayTheSpireMod:Shallot","MutagenicStrength","Pantograph","ats:Originium","hubris:MysteriousPyramids"],"acts_visited":["Exordium","TheCity"],"potions_floor_usage":[24,31,33,33],"damage_taken":[{"damage":0,"enemies":"Cultist","floor":1,"turns":1},{"damage":0,"enemies":"2 Louse","floor":5,"turns":1},{"damage":0,"enemies":"Small Slimes","floor":8,"turns":2},{"damage":5,"enemies":"Exordium Wildlife","floor":10,"turns":6},{"damage":4,"enemies":"Slime Boss","floor":16,"turns":8},{"damage":13,"enemies":"Spheric Guardian","floor":18,"turns":8},{"damage":8,"enemies":"3 Byrds","floor":19,"turns":9},{"damage":0,"enemies":"3 Cultists","floor":24,"turns":7},{"damage":0,"enemies":"Centurion and Healer","floor":27,"turns":9},{"damage":0,"enemies":"Shelled Parasite and Fungi","floor":30,"turns":6},{"damage":0,"enemies":"Replay:Snechameleon","floor":31,"turns":8},{"damage":4,"enemies":"Automaton","floor":33,"turns":6}],"seed_played":"8500328069682350308","potions_obtained":[{"floor":8,"key":"ColorlessPotion"},{"floor":24,"key":"sneckomod:MuddlingPotion"},{"floor":27,"key":"Strength Potion"},{"floor":30,"key":"DistilledChaos"}],"is_trial":false,"path_per_floor":["M","T","?","?","M","R","?","M","T","M","$","R","T","$","R","B",null,"M","M","?","?","?","R","M","R","T","M","?","R","M","E","R","B"],"character_chosen":"The_Alterego","items_purchased":["Apotheosis","alterego_mod:Nekomimi"],"campfire_rested":0,"item_purchase_floors":[11,11],"current_hp_per_floor":[70,70,59,59,59,59,59,59,59,69,69,69,69,69,69,66,72,67,74,74,74,1,1,1,1,1,1,1,1,1,1,1,0,0],"gold":303,"neow_bonus":"THREE_ENEMY_KILL","is_daily":false,"chose_seed":false,"campfire_upgraded":7,"win_rate":0.0,"timestamp":1608927226,"path_taken":["M","?","?","?","?","R","?","M","T","M","$","R","?","$","R","BOSS","M","M","?","?","?","R","M","R","T","M","?","R","?","E","R","BOSS"],"items_purchased_type":["Card","Card"],"build_version":"2020-12-22","purchased_purges":0,"victory":false,"max_hp_per_floor":[70,70,70,70,70,70,70,70,70,71,71,71,71,71,71,72,72,73,74,74,74,1,1,1,1,1,1,1,1,1,1,1,1,1],"card_choices":[{"not_picked":["alterego_mod:RocketPunch","alterego_mod:TrashNCrash","alterego_mod:PresenceConcealment"],"picked":"SKIP","floor":1},{"not_picked":["alterego_mod:Complex","alterego_mod:Jiggle","alterego_mod:DiscoLights"],"picked":"SKIP","floor":5},{"not_picked":["alterego_mod:BeGentle","alterego_mod:Maid","alterego_mod:PerceptionDisorder"],"picked":"SKIP","floor":8},{"not_picked":["alterego_mod:Clones","alterego_mod:Belle"],"picked":"alterego_mod:Undulate","floor":10},{"not_picked":["alterego_mod:Antipathy","alterego_mod:PainIsPleasure"],"picked":"alterego_mod:Lift","floor":16},{"not_picked":["alterego_mod:Crossover","alterego_mod:DeftHands"],"picked":"alterego_mod:SuperDuperMasochism","floor":18},{"not_picked":["alterego_mod:Pet","alterego_mod:Skirt"],"picked":"alterego_mod:Rip","floor":19},{"not_picked":["alterego_mod:Complex","alterego_mod:BiFurious"],"picked":"alterego_mod:Santa+1","floor":24},{"not_picked":["alterego_mod:Jiggle","alterego_mod:Support"],"picked":"alterego_mod:Smother","floor":27},{"not_picked":["alterego_mod:Cycle","alterego_mod:Clones+1","alterego_mod:BiFurious+1"],"picked":"SKIP","floor":30},{"not_picked":["alterego_mod:Maid","alterego_mod:Jiggle"],"picked":"alterego_mod:STier","floor":31}],"player_experience":272177,"relics_obtained":[{"floor":2,"key":"conspire:Flyswatter"},{"floor":9,"key":"hubris:ToyBattleship"},{"floor":13,"key":"ReplayTheSpireMod:Shallot"},{"floor":26,"key":"Pantograph"},{"floor":31,"key":"ats:Originium"},{"floor":31,"key":"hubris:MysteriousPyramids"}],"event_choices":[{"damage_healed":0,"gold_gain":75,"player_choice":"Gold","damage_taken":11,"max_hp_gain":0,"max_hp_loss":0,"event_name":"betterThird:BetterGoop","floor":3,"gold_loss":0},{"damage_healed":0,"gold_gain":80,"player_choice":"Gained Gold","damage_taken":0,"max_hp_gain":0,"max_hp_loss":0,"event_name":"Golden Wing","floor":7,"gold_loss":0},{"damage_healed":0,"gold_gain":0,"player_choice":"Inject Mutagens","damage_taken":0,"relics_obtained":["MutagenicStrength"],"max_hp_gain":0,"max_hp_loss":0,"event_name":"Drug Dealer","floor":20,"gold_loss":0},{"damage_healed":0,"gold_gain":0,"player_choice":"Bought 0 Potions","damage_taken":0,"max_hp_gain":0,"max_hp_loss":0,"event_name":"The Woman in Blue","floor":28,"gold_loss":0}],"is_beta":false,"boss_relics":[{"not_picked":["Coffee Dripper","Velvet Choker","Ectoplasm"]}],"items_purged_floors":[],"is_endless":false,"potions_floor_spawned":[8,24,27,30],"killed_by":"Automaton","ascension_level":0}}