{"host":"lck2g1j0kcwr02ez","time":1608859760,"event":{"mods":["Act Like it!","BaseMod","CapriCore","Hallownest","Hermit","Mari Mod (Legacy)","Mari\u0027s V1 Patch","Marked Mod","Minty Spire (QoL Compilation)","Railgun Mod","Rare Cards Sparkle","StSLib","The Bug Knight","The Cursed","The Hierophant"],"gold_per_floor":[111,8083,8097,7257,7257,7291,6392,6412,6412,6422,6439,6439,6449,6476,6476,6572,6572,6590,6690,5807,5818,5818,5832,5842,5877,5954,5954,5954,5968,5157,5176,5176,5276,5276,5286,5304,5304,5304,4358,4358,4372,4392,4416,3636,3651,3661,3687,3706,3706,3706,3706,3706,3105,3137,3137],"floor_reached":56,"playtime":4379,"items_purged":["hermit:Strike_Hermit","hermit:Defend_Hermit","hermit:Strike_Hermit","hermit:Defend_Hermit","hermit:Strike_Hermit","hermit:Defend_Hermit","hermit:Strike_Hermit","hermit:Defend_Hermit"],"score":1388,"play_id":"95cbf555-533a-454e-bef9-9813f444491e","local_time":"20201225092920","is_ascension_mode":false,"campfire_choices":[{"data":"Apotheosis","floor":12,"key":"SMITH"},{"floor":15,"key":"RECALL"},{"data":"hermit:TakeAim","floor":27,"key":"SMITH"},{"data":"hermit:Determination","floor":32,"key":"SMITH"},{"data":"hermit:Cheat","floor":40,"key":"SMITH"},{"data":"J.A.X.","floor":49,"key":"SMITH"},{"data":"hermit:ShadowCloak","floor":52,"key":"SMITH"}],"circlet_count":0,"master_deck":["hermit:Snapshot","hermit:Covet","hermit:Cheat+1","hermit:Grudge","hermit:GoldenBullet","Apotheosis+1","hermit:FinalCanter+1","hermit:TakeAim+1","hermit:GoldenBullet+1","hermit:Deadeye+1","hermit:BlackWind+1","hermit:ShadowCloak+1","hermit:ShadowCloak+1","Shame","J.A.X.+1","Impatience+1","hermit:Determination+1","Madness","Madness","Normality","hermit:Combo+1","hermit:Dive+1","TheCursedMod:Dregs","hermit:Roulette+1","hermit:Brawl+1","hermit:Glare+1"],"relics":["hermit:Momento","NeowsBlessing","Gremlin Horn","StrikeDummy","HollowMod:StagPassRelic","Lantern","HandDrill","Molten Egg 2","Gambling Chip","Singing Bowl","Frozen Eye","Mummified Hand","Eternal Feather","Cursed Key","PreservedInsect","Du-Vu Doll","ClockworkSouvenir","Mercury Hourglass","Ornamental Fan","Blue Candle","HollowMod:JonisBlessing","Tiny Chest","Darkstone Periapt","Busted Crown","Juzu Bracelet","Meat on the Bone","InkBottle","Orrery","hermit:RyeStalk","hermit:Horseshoe","Sling","Mango","Membership Card","TungstenRod","Blood Vial","Nunchaku"],"acts_visited":["Exordium","TheCity","TheBeyond","TheEnding"],"potions_floor_usage":[11,16,16,21,21,29,55,55,55],"damage_taken":[{"damage":0,"enemies":"Small Slimes","floor":1,"turns":1},{"damage":0,"enemies":"Cultist","floor":3,"turns":1},{"damage":0,"enemies":"3 Sentries","floor":6,"turns":1},{"damage":3,"enemies":"Jaw Worm","floor":8,"turns":3},{"damage":9,"enemies":"2 Fungi Beasts","floor":10,"turns":2},{"damage":0,"enemies":"Exordium Wildlife","floor":11,"turns":1},{"damage":0,"enemies":"Exordium Thugs","floor":13,"turns":2},{"damage":8,"enemies":"Gremlin Nob","floor":14,"turns":3},{"damage":16,"enemies":"Slime Boss","floor":16,"turns":5},{"damage":2,"enemies":"Chosen","floor":18,"turns":3},{"damage":0,"enemies":"Spheric Guardian","floor":21,"turns":1},{"damage":10,"enemies":"Cultist and Chosen","floor":23,"turns":4},{"damage":10,"enemies":"Sentry and Sphere","floor":24,"turns":3},{"damage":32,"enemies":"Slavers","floor":25,"turns":3},{"damage":15,"enemies":"Snake Plant","floor":29,"turns":3},{"damage":0,"enemies":"Snecko","floor":31,"turns":2},{"damage":0,"enemies":"Collector","floor":33,"turns":5},{"damage":0,"enemies":"3 Darklings","floor":35,"turns":4},{"damage":4,"enemies":"Orb Walker","floor":36,"turns":3},{"damage":0,"enemies":"Spire Growth","floor":41,"turns":2},{"damage":0,"enemies":"Maw","floor":42,"turns":4},{"damage":0,"enemies":"Transient","floor":45,"turns":5},{"damage":0,"enemies":"Writhing Mass","floor":46,"turns":2},{"damage":0,"enemies":"Reptomancer","floor":47,"turns":3},{"damage":0,"enemies":"4 Shapes","floor":48,"turns":2},{"damage":26,"enemies":"Awakened One","floor":50,"turns":6},{"damage":0,"enemies":"Shield and Spear","floor":54,"turns":3},{"damage":61,"enemies":"The Heart","floor":55,"turns":7}],"seed_played":"-5964256763936255157","potions_obtained":[{"floor":5,"key":"Strength Potion"},{"floor":6,"key":"DistilledChaos"},{"floor":11,"key":"BlessingOfTheForge"},{"floor":16,"key":"Ancient Potion"},{"floor":23,"key":"Weak Potion"},{"floor":24,"key":"hermit:Tonic"},{"floor":25,"key":"DuplicationPotion"},{"floor":33,"key":"DuplicationPotion"}],"is_trial":false,"path_per_floor":["M","$","M","$","?","E","$","M","T","M","M","R","M","E","R","B",null,"M","?","$","M","?","M","M","E","T","R","?","M","$","M","R","B",null,"M","M","?","T","$","R","M","M","T","$","M","M","E","M","R","B",null,"R","$","E","B",null],"character_chosen":"HERMIT","items_purchased":["AttackPotion","DistilledChaos","Regen Potion","Gremlin Horn","StrikeDummy","hermit:Grudge","HollowMod:StagPassRelic","Lantern","HandDrill","Apotheosis","Gambling Chip","Singing Bowl","Frozen Eye","hermit:TakeAim","PreservedInsect","Du-Vu Doll","ClockworkSouvenir","hermit:ShadowCloak","DistilledChaos","HollowMod:JonisBlessing","Tiny Chest","Darkstone Periapt","Impatience","Meat on the Bone","InkBottle","hermit:Combo","Orrery","hermit:RyeStalk","hermit:Horseshoe","Sling","Membership Card","TungstenRod","Blood Vial","hermit:Brawl","hermit:Glare","DuplicationPotion"],"campfire_rested":0,"item_purchase_floors":[2,2,2,2,2,2,4,4,4,4,7,7,7,7,20,20,20,20,20,30,30,30,30,39,39,39,39,44,44,44,53,53,53,53,53,53],"current_hp_per_floor":[75,75,75,75,75,75,75,72,72,65,65,65,67,61,70,54,81,79,79,79,81,81,73,65,35,35,44,44,31,31,31,43,45,93,95,93,81,87,95,107,109,111,117,117,119,119,135,137,141,115,141,141,141,143,82],"gold":3137,"neow_bonus":"THREE_ENEMY_KILL","is_daily":false,"chose_seed":false,"campfire_upgraded":6,"win_rate":0.0,"timestamp":1608859760,"path_taken":["M","$","M","$","?","E","?","M","T","M","M","R","M","E","R","BOSS","M","?","$","?","?","M","M","E","T","R","?","M","$","M","R","BOSS","M","M","?","?","$","R","M","M","T","$","M","M","E","M","R","BOSS","R","$","E","BOSS"],"items_purchased_type":["Potion","Potion","Potion","Relic","Relic","Card","Relic","Relic","Relic","Card","Relic","Relic","Relic","Card","Relic","Relic","Relic","Card","Potion","Relic","Relic","Relic","Card","Relic","Relic","Card","Relic","Relic","Relic","Relic","Relic","Relic","Relic","Card","Card","Potion"],"build_version":"2020-12-22","purchased_purges":8,"victory":true,"max_hp_per_floor":[75,75,75,75,75,75,75,75,75,77,77,77,79,81,81,81,81,81,81,81,83,83,85,87,89,89,89,89,91,91,91,91,93,93,95,97,97,103,111,111,113,115,121,121,123,123,139,141,141,141,141,141,141,143,143],"card_choices":[{"not_picked":["hermit:Ricochet","hermit:Vantage"],"picked":"hermit:Cheat","floor":1},{"not_picked":["hermit:ItchyTrigger","hermit:Quickdraw"],"picked":"hermit:GoldenBullet","floor":3},{"not_picked":["hermit:HighCaliber+1","hermit:Headshot+1"],"picked":"hermit:FinalCanter+1","floor":6},{"not_picked":["hermit:Roulette+1","hermit:LuckOfTheDraw"],"picked":"hermit:GoldenBullet+1","floor":8},{"not_picked":["hermit:LoneWolf","hermit:TrackingShot+1","hermit:TakeCover"],"picked":"Singing Bowl","floor":10},{"not_picked":["hermit:WideOpen+1","hermit:Roulette+1"],"picked":"hermit:Deadeye+1","floor":11},{"not_picked":["hermit:Gestalt","hermit:HighCaliber+1","hermit:Combo"],"picked":"Singing Bowl","floor":13},{"not_picked":["hermit:Misfire+1","hermit:Snipe","hermit:TakeAim"],"picked":"Singing Bowl","floor":14},{"not_picked":["hermit:Magnum+1","hermit:FatalDesire"],"picked":"hermit:BlackWind+1","floor":16},{"not_picked":["hermit:Headshot+1","hermit:Vantage"],"picked":"hermit:ShadowCloak","floor":18},{"not_picked":["hermit:SprayPray+1","hermit:Gestalt","hermit:Headshot+1"],"picked":"Singing Bowl","floor":21},{"not_picked":["hermit:BodyArmor","hermit:Roughhouse+1","hermit:Snipe+1"],"picked":"Singing Bowl","floor":23},{"not_picked":["hermit:Misfire+1","hermit:Coalescence","hermit:CalledShot+1"],"picked":"Singing Bowl","floor":24},{"not_picked":["hermit:HoleUp+1","hermit:Snipe+1","hermit:Misfire+1"],"picked":"Singing Bowl","floor":25},{"not_picked":["hermit:Roulette+1","hermit:SprayPray+1","hermit:CalledShot+1"],"picked":"Singing Bowl","floor":29},{"not_picked":["hermit:Cheat","hermit:HighNoon"],"picked":"hermit:Determination","floor":31},{"not_picked":["hermit:FatalDesire","hermit:Gambit","hermit:Adapt"],"picked":"Singing Bowl","floor":33},{"not_picked":["hermit:Horror"],"picked":"Singing Bowl","floor":35},{"not_picked":["hermit:LowProfile+1"],"picked":"Singing Bowl","floor":36},{"not_picked":[],"picked":"hermit:Dive","floor":39},{"not_picked":["hermit:Ricochet+1"],"picked":"Singing Bowl","floor":39},{"not_picked":["hermit:Quickdraw+1"],"picked":"Singing Bowl","floor":39},{"not_picked":["hermit:LowProfile"],"picked":"Singing Bowl","floor":39},{"not_picked":["hermit:SprayPray+1"],"picked":"Singing Bowl","floor":39},{"not_picked":["hermit:Feint"],"picked":"Singing Bowl","floor":41},{"not_picked":["hermit:Headshot+1"],"picked":"Singing Bowl","floor":42},{"not_picked":["hermit:Dive+1"],"picked":"Singing Bowl","floor":45},{"not_picked":[],"picked":"hermit:Roulette+1","floor":46},{"not_picked":["hermit:LoneWolf+1"],"picked":"Singing Bowl","floor":47},{"not_picked":["hermit:ItchyTrigger+1"],"picked":"Singing Bowl","floor":48},{"not_picked":["hermit:LowProfile+1"],"picked":"Singing Bowl","floor":54}],"player_experience":279204,"relics_obtained":[{"floor":6,"key":"Molten Egg 2"},{"floor":9,"key":"Mummified Hand"},{"floor":14,"key":"Eternal Feather"},{"floor":25,"key":"Ornamental Fan"},{"floor":26,"key":"Blue Candle"},{"floor":38,"key":"Juzu Bracelet"},{"floor":47,"key":"Mango"},{"floor":54,"key":"Nunchaku"}],"event_choices":[{"damage_healed":0,"gold_gain":0,"player_choice":"Got Potions","damage_taken":0,"max_hp_gain":0,"max_hp_loss":0,"event_name":"Lab","floor":5,"gold_loss":0},{"damage_healed":0,"gold_gain":100,"player_choice":"Pray","damage_taken":0,"max_hp_gain":0,"max_hp_loss":0,"event_name":"Golden Shrine","floor":19,"gold_loss":0},{"damage_healed":0,"gold_gain":0,"player_choice":"Opened","damage_taken":0,"relics_obtained":["Mercury Hourglass"],"max_hp_gain":0,"max_hp_loss":0,"event_name":"The Mausoleum","floor":22,"gold_loss":0},{"damage_healed":0,"gold_gain":0,"player_choice":"Obtain J.A.X.","damage_taken":0,"max_hp_gain":0,"max_hp_loss":0,"event_name":"Drug Dealer","floor":28,"gold_loss":0,"cards_obtained":["J.A.X."]},{"damage_healed":0,"gold_gain":0,"player_choice":"Embrace Madness","damage_taken":12,"max_hp_gain":0,"max_hp_loss":0,"event_name":"Winding Halls","floor":37,"gold_loss":0,"cards_obtained":["Madness","Madness"]}],"is_beta":false,"boss_relics":[{"not_picked":["Snecko Eye","SacredBark"],"picked":"Cursed Key"},{"not_picked":["Velvet Choker","Sozu"],"picked":"Busted Crown"}],"items_purged_floors":[2,4,7,20,30,39,44,53],"is_endless":false,"potions_floor_spawned":[6,11,16,23,24,25,33,35,36,47],"ascension_level":0}}