{"host":"3rixevx6n8b56xaj","time":1608863520,"event":{"mods":["2.2 Compatiblity","AchievementEnabler","Arknights The Spire","BaseMod","Colored Map","DeckTracker","Friendly Minions","Minty Spire (QoL Compilation)","StSLib","SuperFastMode"],"gold_per_floor":[114,131,131,131,22,22,37,66,66,95,170,185,185,199,199,302,302,314,389,414,414,93,121,140,159,159,178,203,222,222,242,242,341,341,357,406,188,188,188],"floor_reached":38,"playtime":2114,"items_purged":["ats:Strike V","ats:Defend","ats:Strike G"],"score":424,"play_id":"911d3351-16c6-42b6-99a0-713b6352a946","local_time":"20201225113200","is_ascension_mode":false,"campfire_choices":[{"data":"ats:Thorns","floor":6,"key":"SMITH"},{"data":"ats:Overload","floor":13,"key":"SMITH"},{"data":"ats:Part Time Job","floor":15,"key":"SMITH"},{"data":"ats:Roar Of Ursus","floor":32,"key":"SMITH"}],"circlet_count":0,"master_deck":["ats:Strike C","ats:Strike S","ats:Armor Crushing Shot","ats:Defend","ats:Defend","ats:Defend","ats:Emotion Absorption+1","ats:Overload+1","ats:Magnetic Hammer","ats:Thorns+1","ats:Hammer On","ats:Flexible Camouflage","ats:Song Of Battle","ats:Shell Defense","ats:Part Time Job+1","ats:Roar Of Ursus+1","ats:Apocalypse+1","ats:Support Order+1","ats:Composite Medical Shells","ats:Cat Scratch+1","ats:Powerful Strike","ats:Magnetic Hammer","ats:Overload+1","ats:Shell Defense+1","ats:Poison Spread+1"],"relics":["ats:Sanity","ats:Originium","Juzu Bracelet","Lizard Tail","ats:Originium","The Courier","Velvet Choker","Red Mask","Shovel","ats:Originium","Gambling Chip","White Beast Statue","ats:Originium","Strawberry","Nilry\u0027s Codex","SlaversCollar","WingedGreaves","Medical Kit"],"acts_visited":["Exordium","TheCity","TheBeyond"],"potions_floor_usage":[12,18,23,27,27,28,31,36],"damage_taken":[{"damage":1,"enemies":"Cultist","floor":1,"turns":4},{"damage":6,"enemies":"Jaw Worm","floor":2,"turns":3},{"damage":0,"enemies":"Small Slimes","floor":7,"turns":3},{"damage":18,"enemies":"Gremlin Nob","floor":8,"turns":4},{"damage":10,"enemies":"Lagavulin","floor":10,"turns":5},{"damage":12,"enemies":"Gremlin Gang","floor":12,"turns":5},{"damage":0,"enemies":"Exordium Wildlife","floor":14,"turns":3},{"damage":43,"enemies":"Slime Boss","floor":16,"turns":14},{"damage":24,"enemies":"2 Thieves","floor":18,"turns":4},{"damage":42,"enemies":"Masked Bandits","floor":20,"turns":5},{"damage":41,"enemies":"Gremlin Leader","floor":23,"turns":7},{"damage":18,"enemies":"3 Byrds","floor":24,"turns":4},{"damage":25,"enemies":"Snecko","floor":25,"turns":7},{"damage":18,"enemies":"Cultist and Chosen","floor":27,"turns":6},{"damage":19,"enemies":"Slavers","floor":28,"turns":6},{"damage":25,"enemies":"Snake Plant","floor":29,"turns":6},{"damage":2,"enemies":"Centurion and Healer","floor":31,"turns":7},{"damage":69,"enemies":"Automaton","floor":33,"turns":11},{"damage":19,"enemies":"3 Darklings","floor":35,"turns":6},{"damage":78,"enemies":"2 Orb Walkers","floor":36,"turns":7},{"damage":17,"enemies":"3 Shapes","floor":38,"turns":3}],"seed_played":"-4484887763149448529","potions_obtained":[{"floor":2,"key":"Dexterity Potion"},{"floor":10,"key":"Regen Potion"},{"floor":14,"key":"Dexterity Potion"},{"floor":16,"key":"Explosive Potion"},{"floor":18,"key":"DuplicationPotion"},{"floor":23,"key":"Swift Potion"},{"floor":27,"key":"ColorlessPotion"},{"floor":28,"key":"Ancient Potion"},{"floor":29,"key":"Fire Potion"},{"floor":31,"key":"ats:Emergency Sanity Potion"},{"floor":36,"key":"BlessingOfTheForge"}],"is_trial":false,"path_per_floor":["M","M","T","?","$","R","M","E","T","E","?","M","R","M","R","B",null,"M","?","?","?","$","E","M","M","T","M","E","M","?","M","R","B",null,"M","?","$","M"],"character_chosen":"DOCTOR_CLASS","items_purchased":["ats:Thorns","Shovel","Medical Kit"],"campfire_rested":0,"item_purchase_floors":[5,22,37],"current_hp_per_floor":[71,65,65,65,65,65,65,47,47,37,26,26,26,28,28,20,72,52,45,14,38,38,21,13,6,6,42,42,31,15,35,35,9,79,72,12,12,0,0],"gold":188,"neow_bonus":"UPGRADE_CARD","is_daily":false,"chose_seed":false,"campfire_upgraded":4,"win_rate":0.0,"timestamp":1608863520,"path_taken":["M","M","?","?","$","R","M","E","T","E","?","M","R","M","R","BOSS","M","?","?","?","$","E","M","M","T","M","E","M","?","M","R","BOSS","M","?","$","M"],"items_purchased_type":["Card","Relic","Relic"],"build_version":"2020-12-22","purchased_purges":3,"victory":false,"max_hp_per_floor":[72,72,72,72,72,72,72,72,72,72,72,72,72,72,72,72,72,72,72,72,72,72,72,72,72,72,72,79,79,79,79,79,79,79,79,79,79,79,79],"card_choices":[{"not_picked":["ats:Revitalization","ats:Apocalypse"],"picked":"ats:Overload","floor":1},{"not_picked":["ats:Explosion Area Strengthen","ats:Powerful Strike"],"picked":"ats:Magnetic Hammer","floor":2},{"not_picked":["ats:Thermite Blade","ats:Poison Spread"],"picked":"ats:Hammer On","floor":7},{"not_picked":["ats:Collapsing Strike","ats:Childhood Dance"],"picked":"ats:Flexible Camouflage","floor":8},{"not_picked":["ats:Nebulous Foxfire","ats:Thorns"],"picked":"ats:Song Of Battle","floor":10},{"not_picked":["ats:Thorns","ats:Curse Doll"],"picked":"ats:Shell Defense","floor":12},{"not_picked":["ats:Hook Shot","ats:Consecutive Shot Auto"],"picked":"ats:Part Time Job","floor":14},{"not_picked":["ats:Durian","ats:Echo Reverb"],"picked":"ats:Roar Of Ursus","floor":16},{"not_picked":["ats:Consecutive Shot Auto","ats:Assault Order"],"picked":"ats:Apocalypse+1","floor":18},{"not_picked":["ats:Powerful Strike","ats:Thorns"],"picked":"ats:Support Order+1","floor":20},{"not_picked":["ats:Hammer On","ats:Leaping Hammer"],"picked":"ats:Composite Medical Shells","floor":23},{"not_picked":["ats:Soul Absorption","ats:Powerful Strike"],"picked":"ats:Cat Scratch+1","floor":24},{"not_picked":["ats:Spore Proliferation","ats:Revitalization","ats:Assault Order"],"picked":"SKIP","floor":25},{"not_picked":["ats:Explosion Area Strengthen","ats:Healing Drone"],"picked":"ats:Powerful Strike","floor":27},{"not_picked":["ats:Soul Rend","ats:Fractured Body"],"picked":"ats:Magnetic Hammer","floor":28},{"not_picked":["ats:Ignite","ats:Apocalypse+1"],"picked":"ats:Overload+1","floor":29},{"not_picked":["ats:Shell Defense","ats:Curse Doll+1","ats:Support Order"],"picked":"SKIP","floor":31},{"not_picked":["ats:Poison Spread","ats:Assault Order"],"picked":"ats:Shell Defense+1","floor":35},{"not_picked":["ats:Leaping Hammer+1","ats:Song Of Battle"],"picked":"ats:Poison Spread+1","floor":36}],"player_experience":556140,"relics_obtained":[{"floor":8,"key":"ats:Originium"},{"floor":8,"key":"Juzu Bracelet"},{"floor":9,"key":"Lizard Tail"},{"floor":10,"key":"ats:Originium"},{"floor":10,"key":"The Courier"},{"floor":20,"key":"Red Mask"},{"floor":23,"key":"ats:Originium"},{"floor":23,"key":"Gambling Chip"},{"floor":26,"key":"White Beast Statue"},{"floor":28,"key":"ats:Originium"},{"floor":28,"key":"Strawberry"},{"floor":30,"key":"Nilry\u0027s Codex"},{"floor":36,"key":"WingedGreaves"}],"event_choices":[{"damage_healed":0,"gold_gain":0,"player_choice":"Bought 0 Potions","damage_taken":0,"max_hp_gain":0,"max_hp_loss":0,"event_name":"The Woman in Blue","floor":4,"gold_loss":0},{"damage_healed":0,"gold_gain":75,"player_choice":"Gather Gold","damage_taken":11,"max_hp_gain":0,"max_hp_loss":0,"event_name":"World of Goop","floor":11,"gold_loss":0},{"damage_healed":0,"gold_gain":75,"player_choice":"Touch","damage_taken":7,"max_hp_gain":0,"max_hp_loss":0,"event_name":"FaceTrader","floor":19,"gold_loss":0},{"damage_healed":0,"gold_gain":0,"player_choice":"Fought Bandits","damage_taken":0,"max_hp_gain":0,"max_hp_loss":0,"event_name":"Masked Bandits","floor":20,"gold_loss":0},{"damage_healed":24,"gold_gain":0,"player_choice":"Heal","damage_taken":0,"max_hp_gain":0,"max_hp_loss":0,"event_name":"The Library","floor":21,"gold_loss":0},{"damage_healed":0,"gold_gain":0,"player_choice":"Obtained Book","damage_taken":16,"max_hp_gain":0,"max_hp_loss":0,"event_name":"Cursed Tome","floor":30,"gold_loss":0},{"damage_healed":0,"gold_gain":0,"player_choice":"Fight","damage_taken":0,"max_hp_gain":0,"max_hp_loss":0,"event_name":"Mysterious Sphere","floor":36,"gold_loss":0}],"is_beta":false,"boss_relics":[{"not_picked":["Coffee Dripper","SacredBark"],"picked":"Velvet Choker"},{"not_picked":["Philosopher\u0027s Stone","Tiny House"],"picked":"SlaversCollar"}],"items_purged_floors":[5,22,37],"is_endless":false,"potions_floor_spawned":[2,10,14,16,18,23,24,27,28,29,31,33,35,36],"killed_by":"3 Shapes","ascension_level":0}}