{"host":"5gs251imfkyqlzrh","time":1608922101,"event":{"mods":["BaseMod","Downfall","Hermit","Jorbs\u0027s Wanderer Trilogy","Marisa????????","Minty Spire (QoL Compilation)","Replay The Spire","StSLib","The Bug Knight","The Construct","The Cursed","The Disciple","The Hierophant","The Necromancer","The Runesmith","The Servant 0.9.4"],"gold_per_floor":[117,137,155,166,166,201,201,220,220,230,258,258,258,183,183,183,183],"floor_reached":16,"playtime":1058,"items_purged":["hermit:Defend_Hermit"],"score":112,"play_id":"4c57e85d-c8e6-4959-89ed-5bea94415aca","local_time":"20201225184821","is_ascension_mode":false,"campfire_choices":[{"data":"hermit:Dive","floor":7,"key":"SMITH"},{"data":"hermit:Dive","floor":7,"key":"SMITH"},{"floor":13,"key":"REST"},{"floor":15,"key":"DIG"}],"circlet_count":0,"master_deck":["hermit:Strike_Hermit","hermit:Strike_Hermit","hermit:Strike_Hermit","hermit:Defend_Hermit","hermit:Defend_Hermit","hermit:Snapshot","hermit:Covet","hermit:Dive+1","hermit:Dive+1","hermit:Midnight","hermit:ItchyTrigger","hermit:TrackingShot"],"relics":["hermit:Momento","Replay:Arrowhead","White Beast Statue","Boot","Mercury Hourglass"],"acts_visited":["Exordium"],"potions_floor_usage":[4,6,11,16],"damage_taken":[{"damage":0,"enemies":"2 Louse","floor":1,"turns":4},{"damage":0,"enemies":"Cultist","floor":2,"turns":4},{"damage":0,"enemies":"Small Slimes","floor":3,"turns":4},{"damage":3,"enemies":"3 Louse","floor":4,"turns":3},{"damage":42,"enemies":"Gremlin Nob","floor":6,"turns":5},{"damage":0,"enemies":"Exordium Thugs","floor":8,"turns":5},{"damage":2,"enemies":"2 Fungi Beasts","floor":10,"turns":5},{"damage":10,"enemies":"3 Sentries","floor":11,"turns":10},{"damage":33,"enemies":"Slime Boss","floor":16,"turns":10}],"seed_played":"247889049441074701","potions_obtained":[{"floor":1,"key":"DistilledChaos"},{"floor":3,"key":"AttackPotion"},{"floor":10,"key":"EssenceOfSteel"},{"floor":11,"key":"hexamod:EctoCoolerPotion"}],"is_trial":false,"path_per_floor":["M","M","M","M","?","E","R","M","T","M","E","?","R","$","R","B"],"character_chosen":"HERMIT","items_purchased":[],"campfire_rested":1,"item_purchase_floors":[],"current_hp_per_floor":[75,75,75,72,72,30,30,30,30,28,18,18,40,40,40,7,7],"gold":183,"neow_bonus":"THREE_CARDS","is_daily":false,"chose_seed":false,"campfire_upgraded":2,"win_rate":0.0,"timestamp":1608922101,"path_taken":["M","M","M","M","?","E","R","M","T","?","E","?","R","$","R","BOSS"],"items_purchased_type":[],"build_version":"2020-12-22","purchased_purges":1,"victory":false,"max_hp_per_floor":[75,75,75,75,75,75,75,75,75,75,75,75,75,75,75,75,75],"card_choices":[{"not_picked":["hermit:Manifest","hermit:HoleUp"],"picked":"hermit:Dive","floor":0},{"not_picked":["hermit:PistolWhip","hermit:Coalescence"],"picked":"hermit:Dive","floor":1},{"not_picked":["hermit:HoleUp","hermit:Quickdraw"],"picked":"hermit:Midnight","floor":2},{"not_picked":["hermit:Gestalt","hermit:Feint","hermit:Desperado"],"picked":"SKIP","floor":3},{"not_picked":["hermit:NoHoldsBarred","hermit:Feint","hermit:Glare"],"picked":"SKIP","floor":4},{"not_picked":["hermit:Misfire","hermit:LowProfile","hermit:Adapt"],"picked":"SKIP","floor":6},{"not_picked":["hermit:Cheat","hermit:Quickdraw","hermit:Glare"],"picked":"SKIP","floor":8},{"not_picked":["hermit:Cheat","hermit:Misfire"],"picked":"hermit:ItchyTrigger","floor":10},{"not_picked":["hermit:Misfire","hermit:GoldenBullet"],"picked":"hermit:TrackingShot","floor":11}],"player_experience":173117,"relics_obtained":[{"floor":6,"key":"Replay:Arrowhead"},{"floor":9,"key":"White Beast Statue"},{"floor":11,"key":"Boot"},{"floor":15,"key":"Mercury Hourglass"}],"event_choices":[{"cards_removed":["hermit:Defend_Hermit"],"damage_healed":0,"gold_gain":0,"player_choice":"Purged","damage_taken":0,"max_hp_gain":0,"max_hp_loss":0,"event_name":"Purifier","floor":5,"gold_loss":0},{"cards_removed":["hermit:Strike_Hermit"],"damage_healed":0,"gold_gain":0,"player_choice":"Forget","damage_taken":0,"max_hp_gain":0,"max_hp_loss":0,"event_name":"Living Wall","floor":12,"gold_loss":0}],"is_beta":false,"boss_relics":[],"items_purged_floors":[14],"is_endless":false,"potions_floor_spawned":[1,3,10,11],"killed_by":"Slime Boss","ascension_level":0}}