{"host":"c59zqhrgluvxuu0k","time":1608854923,"event":{"mods":["BaseMod","Better Altar","Better Third Choice","BetterRewards","Colored Map","Colored Powertips","Curses Come First","Downfall","Duelist Mod","Friendly Minions","Hermit","Hubris","Minty Spire (QoL Compilation)","Replay The Spire","Shop Mod","Spicy Shops","StSLib","The Administrix","The Blackbeard","The Cursed","The Death Knight","The Dragon Tamer","The Druid","The Jungle","The Runesmith","The Wild Card"],"gold_per_floor":[115,115,126,142,160,160,170,170,196,229,268,135,135,135,135,240,240,252,252,1,18,32,65,87,87,87,87,87],"floor_reached":27,"playtime":3304,"items_purged":["Normality"],"score":356,"play_id":"7fc8cf13-1842-412f-b551-0d0b67feb32c","local_time":"20201224170843","is_ascension_mode":false,"campfire_choices":[{"data":"hermit:GhostlyPresence","floor":6,"key":"SMITH"},{"data":"hermit:Vantage","floor":8,"key":"SMITH"},{"data":"hermit:Covet","floor":13,"key":"SMITH"},{"data":"hermit:GoldenBullet","floor":15,"key":"SMITH"},{"floor":25,"key":"RECALL"}],"circlet_count":0,"master_deck":["hermit:Strike_Hermit","hermit:Strike_Hermit","hermit:Defend_Hermit","hermit:Defend_Hermit+1","hermit:Defend_Hermit+1","hermit:Snapshot","hermit:Covet+1","hermit:HeroicBravado+1","hermit:TakeAim+1","hermit:GhostlyPresence+1","hermit:Spite","hermit:Vantage+1","hermit:GoldenBullet+1","ReplayTheSpireMod:Splinters","hermit:Glare","hermit:Dissolve","Decay","CommonCold","CurseOfTheBell","hermit:Dive","expansioncontent:Corrupt","expansioncontent:Flail","Sadistic Nature","hermit:RoundhouseKick","ReplayTheSpireMod:IOU","hermit:Combo+1","theDuelist:CurseDarkness"],"relics":["hermit:Momento","Juzu Bracelet","Guide Book","Replay:Grab Bag","Cursed Key","ReplayTheSpireMod:DimensionalGlitch","Kintsugi","Calling Bell","ReplayTheSpireMod:TigerMarble","Girya","hubris:DeckOfHolding","Replay:Wax Seal","ReplayTheSpireMod:ShopPack","Sling","Frozen Egg 2","Pondfish Scales"],"acts_visited":["Exordium","TheCity"],"potions_floor_usage":[7,16,18,18,22,27,27],"damage_taken":[{"damage":1,"enemies":"Jaw Worm","floor":1,"turns":3},{"damage":1,"enemies":"Small Slimes","floor":3,"turns":6},{"damage":0,"enemies":"2 Louse","floor":4,"turns":2},{"damage":2,"enemies":"Red Slaver","floor":5,"turns":5},{"damage":0,"enemies":"3 Louse","floor":7,"turns":4},{"damage":0,"enemies":"Replay:BlueRogue","floor":10,"turns":8},{"damage":47,"enemies":"Fading Forest","floor":16,"turns":11},{"damage":0,"enemies":"Shell Parasite","floor":18,"turns":10},{"damage":1,"enemies":"Chosen","floor":21,"turns":5},{"damage":18,"enemies":"Centurion and Healer","floor":22,"turns":7},{"damage":35,"enemies":"Replay:Snechameleon","floor":23,"turns":10},{"damage":24,"enemies":"Slavers","floor":27,"turns":3}],"seed_played":"6514385965587935506","potions_obtained":[{"floor":1,"key":"Dexterity Potion"},{"floor":5,"key":"SkillPotion"},{"floor":11,"key":"Adrenaline Potion"},{"floor":11,"key":"LiquidMemories"},{"floor":11,"key":"PowerPotion"},{"floor":21,"key":"Reflective Coating"},{"floor":22,"key":"Dexterity Potion"},{"floor":23,"key":"Energy Potion"}],"is_trial":false,"path_per_floor":["M","?","M","M","M","R","M","R","T","E","?","$","R","?","R","B",null,"M","?","$","M","M","E","$","R","T","E"],"character_chosen":"HERMIT","items_purchased":["Guide Book","Replay:Wax Seal","ReplayTheSpireMod:ShopPack","Sling","hermit:Combo+1"],"campfire_rested":0,"item_purchase_floors":[12,20,20,20,24],"current_hp_per_floor":[74,59,58,58,56,56,56,56,56,56,56,56,56,56,56,19,75,75,75,75,74,56,21,21,21,21,0,0],"gold":87,"neow_bonus":"ONE_RANDOM_RARE_CARD","is_daily":false,"chose_seed":false,"campfire_upgraded":4,"win_rate":0.0,"timestamp":1608854923,"path_taken":["M","?","M","M","M","R","M","R","T","E","?","$","R","?","R","BOSS","M","?","$","M","M","E","$","R","T","E"],"items_purchased_type":["Relic","Relic","Relic","Relic","Card"],"build_version":"2020-12-22","purchased_purges":1,"victory":false,"max_hp_per_floor":[75,75,75,75,75,75,75,75,75,75,75,75,75,75,75,75,75,75,75,75,75,75,75,75,75,75,75,75],"card_choices":[{"not_picked":["hermit:CalledShot","hermit:Misfire"],"picked":"hermit:TakeAim","floor":1},{"not_picked":["hermit:Feint","hermit:CalledShot","hermit:HoleUp"],"picked":"SKIP","floor":3},{"not_picked":["hermit:Headshot","hermit:LowProfile"],"picked":"hermit:GhostlyPresence","floor":4},{"not_picked":["hermit:Maintenance","hermit:TakeCover"],"picked":"hermit:Spite","floor":5},{"not_picked":["hermit:Headshot","hermit:Midnight"],"picked":"hermit:Vantage","floor":7},{"not_picked":["hermit:Desperado","hermit:Vantage"],"picked":"hermit:GoldenBullet","floor":10},{"not_picked":["hermit:Gestalt","hermit:EternalForm"],"picked":"hermit:Glare","floor":11},{"not_picked":["hermit:HeroicBravado","hermit:Magnum"],"picked":"hermit:Dissolve","floor":16},{"not_picked":["hermit:Feint+1","hermit:Manifest+1"],"picked":"hermit:Dive","floor":18},{"not_picked":["Thinking Ahead","HandOfGreed"],"picked":"expansioncontent:Corrupt","floor":20},{"not_picked":["Replay:SS_forest_6","Replay:Sssssssssstrike"],"picked":"expansioncontent:Flail","floor":20},{"not_picked":["Replay:SS_forest_2","expansioncontent:FaceSlap"],"picked":"Sadistic Nature","floor":20},{"not_picked":["hermit:Manifest","hermit:LowProfile+1","hermit:TrackingShot"],"picked":"SKIP","floor":21},{"not_picked":["hermit:Shortfuse","hermit:Headshot","hermit:Desperado"],"picked":"SKIP","floor":22},{"not_picked":["hermit:HighCaliber+1","hermit:Dive"],"picked":"hermit:RoundhouseKick","floor":23}],"player_experience":2176475,"relics_obtained":[{"floor":10,"key":"Juzu Bracelet"},{"floor":17,"key":"ReplayTheSpireMod:TigerMarble"},{"floor":17,"key":"Girya"},{"floor":17,"key":"hubris:DeckOfHolding"},{"floor":23,"key":"Frozen Egg 2"},{"floor":26,"key":"Pondfish Scales"}],"event_choices":[{"damage_healed":74,"gold_gain":0,"player_choice":"Upgrade","damage_taken":15,"max_hp_gain":0,"max_hp_loss":75,"event_name":"betterThird:BetterShining","floor":2,"gold_loss":0,"cards_upgraded":["hermit:Defend_Hermit","hermit:Defend_Hermit"]}],"is_beta":false,"boss_relics":[{"not_picked":["Coffee Dripper","hubris:Stopwatch"],"picked":"Replay:Grab Bag"},{"not_picked":["Painkiller Herb","ReplayTheSpireMod:Onyx Gauntlets"],"picked":"Cursed Key"},{"not_picked":["Replay:Wanted Poster","hubris:CrackedHourglass"],"picked":"ReplayTheSpireMod:DimensionalGlitch"},{"not_picked":["Pandora\u0027s Box","SlaversCollar"],"picked":"Kintsugi"},{"not_picked":["hubris:Backtick","hubris:HollowSoul"],"picked":"Calling Bell"}],"items_purged_floors":[12],"is_endless":false,"potions_floor_spawned":[1,5,21,22,23],"killed_by":"Slavers","ascension_level":0}}