{"host":"l0x1ky9qxkxk6ywx","time":1608873536,"event":{"mods":["BaseMod","Marisa????????","Minty Spire (QoL Compilation)","Replay The Spire","StSLib","The Animator","The Marked"],"gold_per_floor":[119,134,234,31,42,68,88,101,124,124,124,143,143,161,161,161,161,261,261,281,380,380,20,34,34,51,51,51,51,51,51,64,74,74,176,176,191,202,202,202],"floor_reached":39,"playtime":2734,"items_purged":["ReplayTheSpireMod:Restless Dread"],"score":383,"play_id":"ec4ae9cb-1fbd-4f73-a226-1f20e448de93","local_time":"20201224231856","is_ascension_mode":false,"campfire_choices":[{"floor":10,"key":"REST"},{"floor":13,"key":"REST"},{"floor":17,"key":"RECALL"},{"data":"theMarked:EternalStudent","floor":25,"key":"SMITH"},{"floor":27,"key":"REST"},{"data":"theMarked:TurnInvisible","floor":29,"key":"SMITH"},{"data":"theMarked:ChannelForce","floor":31,"key":"SMITH"},{"floor":34,"key":"REST"}],"circlet_count":0,"master_deck":["theMarked:Strike","theMarked:Strike","theMarked:Strike","theMarked:Strike","theMarked:Strike","theMarked:Defend+1","theMarked:Defend","theMarked:Defend+1","theMarked:Defend","theMarked:SoldierOfQuellstein+1","theMarked:EmpowerWeapon+1","theMarked:ComboAttacks+1","theMarked:EmpowerWeapon","theMarked:Static","theMarked:SummonStrength","theMarked:ShockingTouch","theMarked:EnhanceMovement","theMarked:RepellingDischarge","theMarked:TurnInvisible+1","theMarked:ChannelForce+1","theMarked:EternalStudent+1","theMarked:SwordAndMagic+1","theMarked:Aftermath","theMarked:ChainLightning+1","theMarked:StartUp","theMarked:TurnInvisible","CurseOfTheBell","theMarked:WardOff","theMarked:WastefulDefense+1"],"relics":["theMarked:ArtifactOfAir","Guide Book","Replay:Bottled Snecko","theMarked:SpiritSword","Regal Pillow","Replay:Baseball","Pocketwatch","Calling Bell","Simple Rune","Du-Vu Doll","Chameleon Ring"],"acts_visited":["Exordium","TheCity","TheBeyond"],"potions_floor_usage":[8,24,26,32,35,38],"damage_taken":[{"damage":6,"enemies":"2 Louse","floor":1,"turns":2},{"damage":1,"enemies":"Cultist","floor":2,"turns":3},{"damage":2,"enemies":"Small Slimes","floor":5,"turns":3},{"damage":30,"enemies":"Gremlin Nob","floor":6,"turns":4},{"damage":8,"enemies":"Exordium Thugs","floor":7,"turns":5},{"damage":15,"enemies":"Looter","floor":8,"turns":2},{"damage":0,"enemies":"3 Louse","floor":12,"turns":4},{"damage":7,"enemies":"Blue Slaver","floor":14,"turns":4},{"damage":27,"enemies":"Hexaghost","floor":18,"turns":7},{"damage":5,"enemies":"Shell Parasite","floor":20,"turns":4},{"damage":14,"enemies":"Chosen","floor":24,"turns":6},{"damage":35,"enemies":"Centurion and Healer","floor":26,"turns":5},{"damage":18,"enemies":"Snecko","floor":32,"turns":4},{"damage":32,"enemies":"Chosen and Byrds","floor":33,"turns":4},{"damage":17,"enemies":"Champ","floor":35,"turns":7},{"damage":30,"enemies":"3 Shapes","floor":37,"turns":6},{"damage":9,"enemies":"3 Darklings","floor":38,"turns":7},{"damage":0,"enemies":"Orin","floor":39,"turns":4}],"seed_played":"619967072463150151","potions_obtained":[{"floor":2,"key":"DuplicationPotion"},{"floor":12,"key":"Dexterity Potion"},{"floor":14,"key":"GamblersBrew"},{"floor":18,"key":"SteroidPotion"},{"floor":26,"key":"Regen Potion"},{"floor":32,"key":"SkillPotion"},{"floor":37,"key":"Flashbang"}],"is_trial":false,"path_per_floor":["M","M","?","$","M","E","M","M","T","R","?","M","R","M","PTL","PTL","R","B",null,"M","?","?","$","M","R","M","R","T","R","$","R","M","M","R","B",null,"M","M","?"],"character_chosen":"THE_DEFAULT","items_purchased":["theMarked:EmpowerWeapon","Guide Book","theMarked:EternalStudent","Replay:Baseball"],"campfire_rested":4,"item_purchase_floors":[4,4,23,23],"current_hp_per_floor":[71,70,70,70,68,38,30,15,15,38,38,38,61,54,54,54,54,27,77,72,72,72,72,58,58,23,61,61,61,61,61,48,16,54,37,77,47,38,38,38],"gold":202,"neow_bonus":"TEN_PERCENT_HP_BONUS","is_daily":false,"chose_seed":false,"campfire_upgraded":3,"win_rate":0.0,"timestamp":1608873536,"path_taken":["M","M","?","$","M","E","?","M","T","R","?","?","R","M","PTL","PTL","R","BOSS","M","?","?","$","?","R","M","R","T","R","?","R","M","M","R","BOSS","M","M","?"],"items_purchased_type":["Card","Relic","Card","Relic"],"build_version":"2020-12-22","purchased_purges":1,"victory":false,"max_hp_per_floor":[77,77,77,77,77,77,77,77,77,77,77,77,77,77,77,77,77,77,77,77,77,77,77,77,77,77,77,77,77,77,77,77,77,77,77,77,77,77,77,77],"card_choices":[{"not_picked":["theMarked:Parkour","theMarked:Electrocute"],"picked":"theMarked:EmpowerWeapon","floor":1},{"not_picked":["theMarked:WardOff","theMarked:Electrocute"],"picked":"theMarked:ComboAttacks","floor":2},{"not_picked":["theMarked:Frustration","theMarked:Electrocute"],"picked":"theMarked:Static","floor":5},{"not_picked":["theMarked:Reabsorb","theMarked:Indomitable"],"picked":"theMarked:SummonStrength","floor":6},{"not_picked":["theMarked:TwofoldDefense","theMarked:WastefulAttack"],"picked":"theMarked:ShockingTouch","floor":7},{"not_picked":["theMarked:WastefulAttack","theMarked:CreepingChasm"],"picked":"theMarked:EnhanceMovement","floor":8},{"not_picked":["theMarked:HeightenedSenses","theMarked:WardOff"],"picked":"theMarked:RepellingDischarge","floor":12},{"not_picked":["theMarked:Seal","theMarked:WastefulAttack"],"picked":"theMarked:TurnInvisible","floor":14},{"not_picked":["theMarked:TakeOffHeels","theMarked:SummonStrength"],"picked":"theMarked:ChannelForce","floor":18},{"not_picked":["theMarked:BanishingStrike","theMarked:Parkour","theMarked:KeepCalmAndFightOn"],"picked":"SKIP","floor":20},{"not_picked":["theMarked:Frustration","theMarked:ResourceFulStrike+1"],"picked":"theMarked:SwordAndMagic+1","floor":24},{"not_picked":["theMarked:ChainLightning","theMarked:BanishingStrike+1"],"picked":"theMarked:Aftermath","floor":26},{"not_picked":["theMarked:GodGivenPower","theMarked:TakeCover"],"picked":"theMarked:ChainLightning+1","floor":32},{"not_picked":["theMarked:Seal","theMarked:Parkour+1"],"picked":"theMarked:StartUp","floor":33},{"not_picked":["theMarked:DispelDoubt","theMarked:UnarmedFury"],"picked":"theMarked:TurnInvisible","floor":35},{"not_picked":["theMarked:LightningStrikesTwice+1","theMarked:Parkour+1"],"picked":"theMarked:WardOff","floor":37},{"not_picked":["theMarked:TunnelVision","theMarked:Static+1"],"picked":"theMarked:WastefulDefense+1","floor":38}],"player_experience":139869,"relics_obtained":[{"floor":6,"key":"Replay:Bottled Snecko"},{"floor":28,"key":"Pocketwatch"},{"floor":36,"key":"Simple Rune"},{"floor":36,"key":"Du-Vu Doll"},{"floor":36,"key":"Chameleon Ring"}],"event_choices":[{"damage_healed":0,"gold_gain":100,"player_choice":"Pray","damage_taken":0,"max_hp_gain":0,"max_hp_loss":0,"event_name":"Golden Shrine","floor":3,"gold_loss":0},{"damage_healed":0,"gold_gain":0,"player_choice":"Forge","damage_taken":0,"max_hp_gain":0,"max_hp_loss":0,"event_name":"Accursed Blacksmith","floor":11,"gold_loss":0,"cards_upgraded":["theMarked:SoldierOfQuellstein"]},{"damage_healed":0,"gold_gain":99,"player_choice":"Stole From Cult","damage_taken":0,"max_hp_gain":0,"max_hp_loss":0,"event_name":"Nest","floor":21,"gold_loss":0},{"damage_healed":0,"gold_gain":0,"player_choice":"Fight","damage_taken":0,"max_hp_gain":0,"max_hp_loss":0,"event_name":"OrinTheCat","floor":39,"gold_loss":0}],"is_beta":false,"boss_relics":[{"not_picked":["Black Star","Sozu"],"picked":"theMarked:SpiritSword"},{"not_picked":["Replay:Bronze Core","Astrolabe"],"picked":"Calling Bell"}],"items_purged_floors":[23],"is_endless":false,"potions_floor_spawned":[2,12,14,18,20,26,32,37],"killed_by":"Orin","ascension_level":0}}