{"host":"g17p5b69sy1fswhb","time":1608907136,"event":{"mods":["BaseMod","Better-Laid Plans","Colored Powertips","Minty Spire (QoL Compilation)","Rare Cards Sparkle","StSLib","óô»ðÖ¸ÄÏ"],"gold_per_floor":[11,11,28,40,58,58,85,96,96,21,35,49,106,106,106,207,207,217,34,48,48,48,83,83,116,196,196,196,196,225,239,239,342,342,358,373,200,217,217,67,80,80,80,80,98,125,125,135,135,135,135],"floor_reached":50,"playtime":2560,"items_purged":["Bash","Strike_R","Defend_R","Defend_R"],"score":532,"play_id":"12ec05a6-1194-43a9-8405-e9b8226f61d5","local_time":"20201225223856","is_ascension_mode":false,"campfire_choices":[{"data":"1","floor":6,"key":"LIFT"},{"data":"2","floor":15,"key":"LIFT"},{"data":"3","floor":24,"key":"LIFT"},{"floor":27,"key":"REST"},{"floor":29,"key":"DIG"},{"data":"Armaments","floor":32,"key":"SMITH"},{"data":"Reaper","floor":42,"key":"SMITH"},{"floor":44,"key":"REST"},{"floor":47,"key":"REST"},{"floor":49,"key":"REST"}],"circlet_count":0,"master_deck":["Strike_R","Strike_R","Strike_R","Strike_R","Defend_R","Defend_R","Inflame","Wild Strike","Heavy Blade+1","Warcry","Anger","Pommel Strike","Seeing Red","Shrug It Off","Power Through","Reaper+1","Iron Wave","Flex","Fire Breathing","Headbutt+1","RitualDagger","Armaments+1","Spot Weakness","Twin Strike+1","Cleave","Berserk","Warcry+1","Pummel+1","Flex","Thunderclap+1","Seeing Red+1","Armaments+1"],"relics":["Burning Blood","Girya","Centennial Puzzle","Kunai","Shovel","Philosopher\u0027s Stone","Shuriken","Calipers","Gremlin Horn","InkBottle","Pantograph","SlaversCollar","Pear","Eternal Feather"],"acts_visited":["Exordium","TheCity","TheBeyond"],"potions_floor_usage":[12,12,13,13,16,18,23,25,33,45,50,50],"damage_taken":[{"damage":5,"enemies":"Small Slimes","floor":1,"turns":3},{"damage":1,"enemies":"Cultist","floor":3,"turns":4},{"damage":11,"enemies":"Jaw Worm","floor":4,"turns":2},{"damage":9,"enemies":"2 Fungi Beasts","floor":5,"turns":3},{"damage":28,"enemies":"Gremlin Nob","floor":7,"turns":4},{"damage":19,"enemies":"Blue Slaver","floor":8,"turns":3},{"damage":10,"enemies":"Looter","floor":11,"turns":2},{"damage":0,"enemies":"Large Slime","floor":12,"turns":3},{"damage":15,"enemies":"Lagavulin Event","floor":13,"turns":3},{"damage":2,"enemies":"Slime Boss","floor":16,"turns":6},{"damage":12,"enemies":"Chosen","floor":18,"turns":3},{"damage":19,"enemies":"3 Byrds","floor":20,"turns":4},{"damage":63,"enemies":"Slavers","floor":23,"turns":5},{"damage":39,"enemies":"Book of Stabbing","floor":25,"turns":5},{"damage":30,"enemies":"Slavers","floor":30,"turns":2},{"damage":12,"enemies":"Snecko","floor":31,"turns":4},{"damage":53,"enemies":"Collector","floor":33,"turns":5},{"damage":28,"enemies":"3 Shapes","floor":35,"turns":2},{"damage":25,"enemies":"3 Darklings","floor":36,"turns":3},{"damage":11,"enemies":"4 Shapes","floor":38,"turns":3},{"damage":50,"enemies":"Writhing Mass","floor":41,"turns":4},{"damage":0,"enemies":"Transient","floor":45,"turns":5},{"damage":69,"enemies":"Nemesis","floor":46,"turns":5},{"damage":30,"enemies":"Maw","floor":48,"turns":6},{"damage":117,"enemies":"Time Eater","floor":50,"turns":9}],"seed_played":"7875866093039113271","potions_obtained":[{"floor":1,"key":"Strength Potion"},{"floor":2,"key":"BlessingOfTheForge"},{"floor":2,"key":"HeartOfIron"},{"floor":8,"key":"PowerPotion"},{"floor":12,"key":"SneckoOil"},{"floor":13,"key":"SteroidPotion"},{"floor":16,"key":"SteroidPotion"},{"floor":20,"key":"Regen Potion"},{"floor":23,"key":"Strength Potion"},{"floor":30,"key":"Block Potion"},{"floor":36,"key":"SneckoOil"},{"floor":46,"key":"Explosive Potion"}],"is_trial":false,"path_per_floor":["M","?","M","M","M","R","E","M","T","$","M","M","?","?","R","B",null,"M","$","M","?","?","E","R","E","T","R","?","R","E","M","R","B",null,"M","M","$","M","?","R","M","R","T","R","M","E","R","M","R","B"],"character_chosen":"IRONCLAD","items_purchased":["Flex","Fire Breathing","Fire Potion"],"campfire_rested":4,"item_purchase_floors":[19,19,37],"current_hp_per_floor":[80,80,80,75,72,72,50,37,37,37,33,39,30,30,30,34,80,80,80,71,65,80,59,59,38,38,62,62,62,68,74,74,33,80,70,65,65,60,60,60,34,34,44,71,90,27,72,48,90,0,0],"gold":135,"neow_bonus":"ONE_RARE_RELIC","is_daily":false,"chose_seed":false,"campfire_upgraded":2,"win_rate":0.0,"timestamp":1608907136,"path_taken":["M","?","M","M","M","R","E","M","T","$","M","?","?","?","R","BOSS","M","$","M","?","?","E","R","E","T","R","?","R","E","M","R","BOSS","M","M","$","M","?","R","M","R","T","R","M","E","R","M","R","BOSS"],"items_purchased_type":["Card","Card","Potion"],"build_version":"2020-12-22","purchased_purges":4,"victory":false,"max_hp_per_floor":[80,80,80,80,80,80,80,80,80,80,80,80,80,80,80,80,80,80,80,80,80,80,80,80,80,80,80,80,80,80,80,80,80,80,80,80,80,80,80,80,80,80,90,90,90,90,90,90,90,90,90],"card_choices":[{"not_picked":["Body Slam","Searing Blow"],"picked":"Inflame","floor":1},{"not_picked":["Twin Strike","True Grit"],"picked":"Wild Strike","floor":3},{"not_picked":["True Grit","Clash"],"picked":"Heavy Blade","floor":4},{"not_picked":["Dual Wield","Perfected Strike"],"picked":"Warcry","floor":5},{"not_picked":["Twin Strike","Feel No Pain"],"picked":"Anger","floor":7},{"not_picked":["True Grit","Juggernaut"],"picked":"Pommel Strike","floor":8},{"not_picked":["Heavy Blade","Power Through"],"picked":"Seeing Red","floor":11},{"not_picked":["Wild Strike","Body Slam"],"picked":"Shrug It Off","floor":12},{"not_picked":["Body Slam","Iron Wave"],"picked":"Power Through","floor":13},{"not_picked":["Impervious","Fiend Fire"],"picked":"Reaper","floor":16},{"not_picked":["Pommel Strike","Perfected Strike"],"picked":"Iron Wave","floor":18},{"not_picked":["Disarm","Heavy Blade+1"],"picked":"Headbutt+1","floor":20},{"not_picked":["Evolve","Sword Boomerang+1"],"picked":"Armaments","floor":23},{"not_picked":["Intimidate","Wild Strike+1"],"picked":"Spot Weakness","floor":25},{"not_picked":["Heavy Blade","Uppercut"],"picked":"Twin Strike+1","floor":30},{"not_picked":["Flame Barrier","Heavy Blade"],"picked":"Cleave","floor":31},{"not_picked":["Fiend Fire","Corruption"],"picked":"Berserk","floor":33},{"not_picked":["Inflame","Intimidate"],"picked":"Warcry+1","floor":35},{"not_picked":["Cleave+1","Heavy Blade"],"picked":"Pummel+1","floor":36},{"not_picked":["Sever Soul+1","Body Slam+1"],"picked":"Flex","floor":38},{"not_picked":["True Grit","Twin Strike+1"],"picked":"Thunderclap+1","floor":41},{"not_picked":["Flex","Clash","Anger+1"],"picked":"SKIP","floor":45},{"not_picked":["Heavy Blade","Intimidate+1"],"picked":"Seeing Red+1","floor":46},{"not_picked":["Spot Weakness","Headbutt+1"],"picked":"Armaments+1","floor":48}],"player_experience":14184,"relics_obtained":[{"floor":7,"key":"Centennial Puzzle"},{"floor":9,"key":"Kunai"},{"floor":13,"key":"Shovel"},{"floor":23,"key":"Shuriken"},{"floor":25,"key":"Calipers"},{"floor":26,"key":"Gremlin Horn"},{"floor":29,"key":"InkBottle"},{"floor":30,"key":"Pantograph"},{"floor":43,"key":"Pear"},{"floor":46,"key":"Eternal Feather"}],"event_choices":[{"damage_healed":0,"gold_gain":0,"player_choice":"Got Potions","damage_taken":0,"max_hp_gain":0,"max_hp_loss":0,"event_name":"Lab","floor":2,"gold_loss":0},{"damage_healed":0,"gold_gain":0,"player_choice":"Searched \u00271\u0027 times","damage_taken":0,"max_hp_gain":0,"max_hp_loss":0,"event_name":"Dead Adventurer","floor":13,"gold_loss":0},{"damage_healed":0,"gold_gain":0,"player_choice":"Grow","damage_taken":0,"max_hp_gain":0,"max_hp_loss":0,"event_name":"Living Wall","floor":14,"gold_loss":0,"cards_upgraded":["Heavy Blade"]},{"damage_healed":0,"gold_gain":0,"player_choice":"Joined the Cult","damage_taken":6,"max_hp_gain":0,"max_hp_loss":0,"event_name":"Nest","floor":21,"gold_loss":0,"cards_obtained":["RitualDagger"]},{"damage_healed":26,"gold_gain":0,"player_choice":"Heal","damage_taken":0,"max_hp_gain":0,"max_hp_loss":0,"event_name":"The Library","floor":22,"gold_loss":0},{"damage_healed":0,"gold_gain":0,"player_choice":"Ignored","damage_taken":0,"max_hp_gain":0,"max_hp_loss":0,"event_name":"Cursed Tome","floor":28,"gold_loss":0},{"damage_healed":0,"gold_gain":0,"player_choice":"Ignored","damage_taken":0,"max_hp_gain":0,"max_hp_loss":0,"event_name":"Tomb of Lord Red Mask","floor":39,"gold_loss":0}],"is_beta":false,"boss_relics":[{"not_picked":["Runic Dome","Runic Pyramid"],"picked":"Philosopher\u0027s Stone"},{"not_picked":["Empty Cage","Sozu"],"picked":"SlaversCollar"}],"items_purged_floors":[10,19,37,40],"is_endless":false,"potions_floor_spawned":[1,8,12,13,16,20,23,30,36,46],"killed_by":"Time Eater","ascension_level":0}}