{"host":"5c1rfni4ms1ztn71","time":1608870715,"event":{"mods":["AchievementEnabler","BaseMod","ChefMod","Downfall","Duelist Mod","Hermit","Hubris","Infinite Spire","Jorbs\u0027s Wanderer Trilogy","Marisa????????","Minty Spire (QoL Compilation)","Potionbrewer","Replay The Spire","SOS???????","Somnambulant","StSLib","Td1madao Mod","The Administrix","The Animator","The Bladedancer","The Bug Knight","The Construct","The Cursed","The Death Knight","The Disciple","The Forsaken","The Hierophant","The Mystic","The Necromancer","The Poker Player","The Runesmith","The Senshi","The Servant 0.9.4","The Wild Card","???Mod??????Boss"],"gold_per_floor":[111,111,131,131,131,131,152,167,240,261,279,279,293,312,312,312,312],"floor_reached":16,"playtime":1797,"items_purged":[],"score":96,"play_id":"c7289438-0a58-47aa-bfa1-f0c2d7c6a0e3","local_time":"20201224233155","is_ascension_mode":false,"campfire_choices":[{"data":"chefmod:TodaysSpecial","floor":6,"key":"SMITH"},{"floor":15,"key":"REST"}],"circlet_count":0,"master_deck":["chefmod:Strike","chefmod:Strike","chefmod:Strike+1","chefmod:Strike","chefmod:Defend","chefmod:Defend","chefmod:Defend","chefmod:QuickThaw","chefmod:TodaysSpecial+1","chefmod:HotSoup+1","chefmod:FireUp","theWildCard:Alice","chefmod:Granita","chefmod:Defrost","chefmod:HotSoup","chefmod:Chop","chefmod:FireUp","chefmod:ColdSteel","chefmod:CapreseSalad"],"relics":["chefmod:TrustyPot","NeowsBlessing","Golden Idol","Replay:PocketPolymizer"],"acts_visited":["Exordium"],"potions_floor_usage":[13,14,16],"damage_taken":[{"damage":0,"enemies":"2 Louse","floor":1,"turns":1},{"damage":0,"enemies":"Cultist","floor":3,"turns":1},{"damage":0,"enemies":"Jaw Worm","floor":7,"turns":1},{"damage":0,"enemies":"Blue Slaver","floor":8,"turns":4},{"damage":6,"enemies":"2 Fungi Beasts","floor":10,"turns":3},{"damage":0,"enemies":"Exordium Wildlife","floor":11,"turns":3},{"damage":8,"enemies":"Exordium Thugs","floor":13,"turns":4},{"damage":7,"enemies":"Large Slime","floor":14,"turns":4},{"damage":45,"enemies":"Hexaghost","floor":16,"turns":11}],"seed_played":"-2758892285423344148","potions_obtained":[{"floor":1,"key":"PowerPotion"},{"floor":7,"key":"potionbrewer:BarricadePotion"},{"floor":8,"key":"Swift Potion"},{"floor":13,"key":"Block Potion"}],"is_trial":false,"path_per_floor":["M","?","M","?","?","R","M","M","T","M","M","?","M","M","R","B"],"character_chosen":"THE_CHEF","items_purchased":[],"campfire_rested":1,"item_purchase_floors":[],"current_hp_per_floor":[76,61,61,61,61,61,61,61,61,55,55,37,29,22,43,0,0],"gold":312,"neow_bonus":"THREE_ENEMY_KILL","is_daily":false,"chose_seed":false,"campfire_upgraded":1,"win_rate":0.0,"timestamp":1608870715,"path_taken":["M","?","M","?","?","R","?","M","T","M","M","?","M","M","R","BOSS"],"items_purchased_type":[],"build_version":"2020-12-22","purchased_purges":0,"victory":false,"max_hp_per_floor":[76,76,76,76,70,70,70,70,70,70,70,70,70,70,70,70,70],"card_choices":[{"not_picked":["chefmod:FreezeSolid","chefmod:IcePick"],"picked":"chefmod:HotSoup","floor":1},{"not_picked":["chefmod:HotSoup","chefmod:Defrost"],"picked":"chefmod:FireUp","floor":3},{"not_picked":["chefmod:Gelato","chefmod:HotSoup"],"picked":"chefmod:Granita","floor":7},{"not_picked":["chefmod:LocoMoco","chefmod:IcePick"],"picked":"chefmod:Defrost","floor":8},{"not_picked":["chefmod:Defrost","chefmod:BaoBuns"],"picked":"chefmod:HotSoup","floor":10},{"not_picked":["chefmod:DeepFreeze","chefmod:IcePick"],"picked":"chefmod:Chop","floor":11},{"not_picked":["chefmod:DeepFreeze","chefmod:DoubleChop"],"picked":"chefmod:FireUp","floor":13},{"not_picked":["chefmod:Julienne","chefmod:Defrost"],"picked":"chefmod:ColdSteel","floor":14}],"player_experience":24669,"relics_obtained":[],"event_choices":[{"damage_healed":0,"gold_gain":0,"player_choice":"Entered Light","damage_taken":15,"max_hp_gain":0,"max_hp_loss":0,"event_name":"Shining Light","floor":2,"gold_loss":0,"cards_upgraded":["chefmod:HotSoup","chefmod:Strike"]},{"damage_healed":0,"gold_gain":0,"player_choice":"Lose Max HP","damage_taken":0,"relics_obtained":["Golden Idol"],"max_hp_gain":0,"max_hp_loss":6,"event_name":"Golden Idol","floor":5,"gold_loss":0},{"damage_healed":0,"gold_gain":0,"player_choice":"Success","damage_taken":18,"relics_obtained":["Replay:PocketPolymizer"],"max_hp_gain":0,"max_hp_loss":0,"event_name":"Scrap Ooze","floor":12,"gold_loss":0}],"is_beta":false,"boss_relics":[],"items_purged_floors":[],"is_endless":false,"potions_floor_spawned":[1,7,8,13],"killed_by":"Hexaghost","ascension_level":0}}