{"host":"ix7p32bjxfunmfrv","time":1608912281,"event":{"mods":["AchievementEnabler","BaseMod","DeckTracker","Minty Spire (QoL Compilation)","Permanent Neow","Quick Restart"],"gold_per_floor":[112,187,206,206,59,86,86,97,97,123,137,155,190,205,205,205,205],"floor_reached":16,"playtime":633,"items_purged":[],"score":122,"play_id":"9d074086-0bac-4620-bb59-597e50ba6cc6","local_time":"20201226010441","is_ascension_mode":false,"campfire_choices":[{"floor":7,"key":"REST"},{"data":"Armaments","floor":15,"key":"SMITH"}],"circlet_count":0,"master_deck":["Strike_R","Strike_R","Strike_R","Strike_R","Strike_R","Defend_R","Defend_R","Defend_R","Defend_R","Bash","Immolate","Armaments+1","Shrug It Off","Seeing Red","Cleave","Ghostly Armor"],"relics":["Burning Blood","StrikeDummy","Sling","Darkstone Periapt","Art of War","InkBottle"],"acts_visited":["Exordium"],"potions_floor_usage":[13,16,16],"damage_taken":[{"damage":0,"enemies":"2 Louse","floor":1,"turns":1},{"damage":5,"enemies":"Small Slimes","floor":3,"turns":2},{"damage":19,"enemies":"3 Sentries","floor":6,"turns":5},{"damage":0,"enemies":"Cultist","floor":8,"turns":3},{"damage":14,"enemies":"Gremlin Nob","floor":10,"turns":3},{"damage":0,"enemies":"Large Slime","floor":11,"turns":4},{"damage":2,"enemies":"Blue Slaver","floor":12,"turns":4},{"damage":18,"enemies":"Lagavulin","floor":13,"turns":4},{"damage":0,"enemies":"Exordium Thugs","floor":14,"turns":3},{"damage":50,"enemies":"The Guardian","floor":16,"turns":15}],"seed_played":"1048029087014302224","potions_obtained":[{"floor":1,"key":"SkillPotion"},{"floor":8,"key":"ColorlessPotion"},{"floor":13,"key":"Block Potion"}],"is_trial":false,"path_per_floor":["M","?","M","?","$","E","R","M","T","E","M","M","E","M","R","B"],"character_chosen":"IRONCLAD","items_purchased":["Sling"],"campfire_rested":1,"item_purchase_floors":[5],"current_hp_per_floor":[62,51,52,40,40,27,51,57,57,49,55,59,47,53,53,3,3],"gold":205,"neow_bonus":"THREE_RARE_CARDS","is_daily":false,"chose_seed":false,"campfire_upgraded":1,"win_rate":0.0,"timestamp":1608912281,"path_taken":["M","?","M","?","$","E","R","M","T","E","M","M","E","M","R","BOSS"],"items_purchased_type":["Relic"],"build_version":"2020-12-22","purchased_purges":0,"victory":false,"max_hp_per_floor":[80,80,80,80,80,80,80,80,80,80,80,80,80,80,80,80,80],"card_choices":[{"not_picked":["Bludgeon","Offering"],"picked":"Immolate","floor":0},{"not_picked":["Pommel Strike","Second Wind"],"picked":"Armaments","floor":1},{"not_picked":["Iron Wave","Dual Wield","Pommel Strike"],"picked":"SKIP","floor":3},{"not_picked":["Headbutt","Armaments"],"picked":"Shrug It Off","floor":6},{"not_picked":["Thunderclap","Headbutt"],"picked":"Seeing Red","floor":8},{"not_picked":["Shrug It Off","Feel No Pain","Heavy Blade"],"picked":"SKIP","floor":10},{"not_picked":["Havoc","Rage","Clothesline"],"picked":"SKIP","floor":11},{"not_picked":["Power Through","Flame Barrier"],"picked":"Cleave","floor":12},{"not_picked":["Spot Weakness","Combust","Burning Pact"],"picked":"SKIP","floor":13},{"not_picked":["Reaper","Shrug It Off"],"picked":"Ghostly Armor","floor":14}],"player_experience":146725,"relics_obtained":[{"floor":6,"key":"Darkstone Periapt"},{"floor":10,"key":"Art of War"},{"floor":13,"key":"InkBottle"}],"event_choices":[{"damage_healed":0,"gold_gain":75,"player_choice":"Gather Gold","damage_taken":11,"max_hp_gain":0,"max_hp_loss":0,"event_name":"World of Goop","floor":2,"gold_loss":0},{"damage_healed":0,"gold_gain":0,"player_choice":"Success","damage_taken":12,"relics_obtained":["StrikeDummy"],"max_hp_gain":0,"max_hp_loss":0,"event_name":"Scrap Ooze","floor":4,"gold_loss":0}],"is_beta":false,"boss_relics":[],"items_purged_floors":[],"is_endless":false,"potions_floor_spawned":[1,8,13],"killed_by":"The Guardian","ascension_level":0}}