{"host":"k85tjwrh7mjrrc9a","time":1608921774,"event":{"mods":["AchievementEnabler","BaseMod","Colored Powertips","Highlight Path","Minty Spire (QoL Compilation)","Rare Cards Sparkle","StSLib"],"gold_per_floor":[211,130,149,99,118,118,153,169,222,242,242,242,252,284,284,284,284],"floor_reached":16,"playtime":781,"items_purged":[],"score":118,"play_id":"5c4ce1e3-2b16-4581-9738-62be78a712ac","local_time":"20201225134254","is_ascension_mode":true,"campfire_choices":[{"data":"Noxious Fumes","floor":6,"key":"SMITH"},{"floor":12,"key":"REST"},{"floor":15,"key":"REST"}],"circlet_count":0,"master_deck":["Strike_G","Strike_G","Strike_G","Strike_G","Strike_G","Defend_G","Defend_G","Defend_G","Defend_G","Defend_G","Survivor","Neutralize","Caltrops","Noxious Fumes+1","Deflect","Acrobatics","Flying Knee","Backflip","Outmaneuver","Calculated Gamble","Prepared"],"relics":["Ring of the Snake","InkBottle","Bag of Preparation","Potion Belt"],"acts_visited":["Exordium"],"potions_floor_usage":[],"damage_taken":[{"damage":4,"enemies":"Cultist","floor":1,"turns":5},{"damage":0,"enemies":"Small Slimes","floor":3,"turns":4},{"damage":3,"enemies":"2 Louse","floor":5,"turns":3},{"damage":19,"enemies":"3 Sentries","floor":7,"turns":6},{"damage":10,"enemies":"Exordium Thugs","floor":8,"turns":4},{"damage":6,"enemies":"3 Louse","floor":10,"turns":4},{"damage":14,"enemies":"Gremlin Gang","floor":13,"turns":6},{"damage":31,"enemies":"Gremlin Nob","floor":14,"turns":5},{"damage":30,"enemies":"Slime Boss","floor":16,"turns":3}],"seed_played":"3453308440015917941","potions_obtained":[{"floor":5,"key":"Poison Potion"},{"floor":7,"key":"Swift Potion"},{"floor":8,"key":"Swift Potion"},{"floor":13,"key":"Poison Potion"}],"is_trial":false,"path_per_floor":["M","$","M","$","M","R","E","M","T","M","$","R","M","E","R","B"],"character_chosen":"THE_SILENT","items_purchased":["Noxious Fumes","Acrobatics"],"campfire_rested":2,"item_purchase_floors":[2,4],"current_hp_per_floor":[66,66,66,66,63,63,44,34,34,28,28,49,35,4,25,0,0],"gold":284,"neow_bonus":"HUNDRED_GOLD","is_daily":false,"chose_seed":false,"campfire_upgraded":1,"win_rate":0.0,"timestamp":1608921774,"path_taken":["M","$","?","$","M","R","E","M","T","M","$","R","M","E","R","BOSS"],"items_purchased_type":["Card","Card"],"build_version":"2020-12-22","purchased_purges":0,"victory":false,"max_hp_per_floor":[70,70,70,70,70,70,70,70,70,70,70,70,70,70,70,70,70],"card_choices":[{"not_picked":["Dagger Throw","Deadly Poison"],"picked":"Caltrops","floor":1},{"not_picked":["Finisher","Caltrops"],"picked":"Deflect","floor":3},{"not_picked":["Dash","Underhanded Strike"],"picked":"Flying Knee","floor":5},{"not_picked":["Reflex","Distraction","Finisher"],"picked":"SKIP","floor":7},{"not_picked":["Tactician","Underhanded Strike"],"picked":"Backflip","floor":8},{"not_picked":["PiercingWail","Blade Dance"],"picked":"Outmaneuver","floor":10},{"not_picked":["Flying Knee","Backstab"],"picked":"Calculated Gamble","floor":13},{"not_picked":["Acrobatics","Malaise"],"picked":"Prepared","floor":14}],"player_experience":55247,"relics_obtained":[{"floor":7,"key":"InkBottle"},{"floor":9,"key":"Bag of Preparation"},{"floor":14,"key":"Potion Belt"}],"event_choices":[],"is_beta":false,"boss_relics":[],"items_purged_floors":[],"is_endless":false,"potions_floor_spawned":[5,7,8,13],"killed_by":"Slime Boss","ascension_level":1}}