{"host":"121m0oxswv9tg9hk","time":1608899473,"event":{"mods":["AchievementEnabler","BaseMod","Better Third Choice","Downfall","Hermit","Hubris","Infinite Spire","MarisaÅiñ∂âJÅ@ñÇóùçπÅj","Minty Spire (QoL Compilation)","Replay The Spire","Shade Mod","StSLib","The Construct","The Cursed","The Gatherer","The Hierophant","The Mystic"],"gold_per_floor":[99,113,123,143,143,68,114,134,59,59,77,174,203,203,219,219,219,219],"floor_reached":16,"playtime":830,"items_purged":[],"score":148,"play_id":"f1e3cda7-5bef-4082-a732-6e17e385c9ad","local_time":"20201225133113","is_ascension_mode":true,"campfire_choices":[{"floor":1,"key":"RECALL"},{"data":"Guardian:Suspension","floor":6,"key":"SMITH"},{"data":"Guardian:RefractedBeam","floor":9,"key":"SMITH"}],"circlet_count":0,"master_deck":["Guardian:Strike_Guardian","Guardian:Strike_Guardian","Guardian:Strike_Guardian","Guardian:Strike_Guardian","Guardian:Defend_Guardian","Guardian:Defend_Guardian","Guardian:Defend_Guardian","Guardian:Defend_Guardian","Guardian:CurlUp","Guardian:ChargeCore","Guardian:MultiBeam","Guardian:Suspension+1","Guardian:RefractedBeam+1","Guardian:ShieldSpikes","ReplayTheSpireMod:Splinters","Guardian:Gem_Blue","Guardian:Incinerate","Guardian:PiercingHide","Guardian:ArmoredProtocol","Survivor","Neutralize","Guardian:EvasiveProtocol"],"relics":["Ring of the Snake","infinitespire:Lychee Nut","StrikeDummy","downfall:HeartBlessingRed","downfall:HeartBlessingBlue","infinitespire:Cubic Diamond","Matryoshka"],"acts_visited":["Exordium"],"potions_floor_usage":[4,8,13],"damage_taken":[{"damage":9,"enemies":"Cultist","floor":2,"turns":4},{"damage":0,"enemies":"Small Slimes","floor":3,"turns":3},{"damage":0,"enemies":"Jaw Worm","floor":4,"turns":3},{"damage":8,"enemies":"Large Slime","floor":8,"turns":5},{"damage":1,"enemies":"2 Fungi Beasts","floor":11,"turns":4},{"damage":5,"enemies":"3 Sentries","floor":13,"turns":5},{"damage":0,"enemies":"3 Louse","floor":15,"turns":1},{"damage":74,"enemies":"downfall:Defect","floor":16,"turns":10}],"seed_played":"-3442041827854686847","potions_obtained":[{"floor":2,"key":"Flashbang"},{"floor":4,"key":"Adrenaline Potion"},{"floor":8,"key":"Dexterity Potion"},{"floor":11,"key":"AttackPotion"}],"is_trial":false,"path_per_floor":["R","M","M","M","T","R","T","M","R","?","M","?","E","?","M","B"],"character_chosen":"GUARDIAN","items_purchased":[],"campfire_rested":0,"item_purchase_floors":[],"current_hp_per_floor":[51,48,53,58,58,58,58,55,65,65,70,70,66,66,69,0,0,0],"gold":219,"neow_bonus":"ONE_RARE_RELIC","is_daily":false,"chose_seed":false,"campfire_upgraded":2,"win_rate":0.0,"timestamp":1608899473,"path_taken":["R","M","M","M","?","R","T","M","R","?","?","?","E","?","M","BOSS"],"items_purchased_type":[],"build_version":"2020-12-22","purchased_purges":0,"victory":false,"max_hp_per_floor":[60,60,60,60,60,60,60,60,70,70,70,70,70,70,70,70,70,70],"card_choices":[{"not_picked":["Guardian:Gem_Red","Guardian:Gem_Green"],"picked":"Guardian:ChargeCore","floor":2},{"not_picked":["Guardian:ChargeCore","Guardian:Recover"],"picked":"Guardian:MultiBeam","floor":3},{"not_picked":["Guardian:VentSteam","Guardian:CrystalBeam"],"picked":"Guardian:Suspension","floor":4},{"not_picked":["Guardian:Gem_Red","Guardian:Gem_Lightblue"],"picked":"Guardian:RefractedBeam","floor":8},{"not_picked":["Guardian:ChargeCore","Guardian:VentSteam"],"picked":"Guardian:ShieldSpikes","floor":11},{"not_picked":["Guardian:VentSteam","Guardian:ChargeCore"],"picked":"Guardian:Gem_Blue","floor":12},{"not_picked":["Guardian:Planning","Guardian:DonusPower"],"picked":"Guardian:Incinerate","floor":12},{"not_picked":["Guardian:FastForward","Guardian:Emergency"],"picked":"Guardian:PiercingHide","floor":12},{"not_picked":["Guardian:GuardianWhirl","Guardian:TemporalShield"],"picked":"Guardian:ArmoredProtocol","floor":13},{"not_picked":["Guardian:TemporalStrike","Guardian:SpikerProtocol"],"picked":"Guardian:EvasiveProtocol","floor":15}],"player_experience":2925591,"relics_obtained":[{"floor":5,"key":"StrikeDummy"},{"floor":13,"key":"Matryoshka"}],"event_choices":[],"is_beta":false,"boss_relics":[],"items_purged_floors":[],"is_endless":false,"potions_floor_spawned":[2,4,8,11],"killed_by":"downfall:Defect","ascension_level":9}}