{"host":"1tmagqyeywr2w44t","time":1608863423,"event":{"mods":["2.2 Compatiblity","BaseMod","Colored Powertips","Downfall","Minty Spire (QoL Compilation)","Rare Cards Sparkle","Replay The Spire","StSLib","SuperFastMode","The Marked"],"gold_per_floor":[99,109,122,68,148,73,73,86,86,111,111,36,46,66,76,176,176,176,186,197,216,216,216,216,11,11,211,22,55,75,87,107,202,202,127,144,144,157,157,72,125,188,220,220,275,322,353,28,58,70,70,106,28,28,48],"floor_reached":56,"playtime":3078,"items_purged":[],"score":2300,"play_id":"1ddbb3df-3da2-418b-94ed-03fff9620bdc","local_time":"20201225113023","is_ascension_mode":true,"campfire_choices":[{"floor":1.0,"key":"RECALL"},{"data":"hexamod:SkipABeat","floor":6,"key":"SMITH"},{"data":"hexamod:Float","floor":9,"key":"SMITH"},{"data":"hexamod:TurnItUp","floor":12,"key":"SMITH"},{"data":"hexamod:EmpoweringStance","floor":18,"key":"SMITH"},{"data":"hexamod:ThermalTransfer","floor":23,"key":"SMITH"},{"data":"Sadistic Nature","floor":26,"key":"SMITH"},{"data":"Thinking Ahead","floor":35,"key":"SMITH"},{"floor":54,"key":"REST"}],"circlet_count":0,"master_deck":["hexamod:Float+1","expansioncontent:GuardianWhirl","hexamod:ThermalTransfer+1","hexamod:SoulSteal","hexamod:SkipABeat+1","hexamod:ChargedBarrage","hexamod:GhostOfSpirePast","hexamod:ShieldOfDarkness+1","hexamod:TurnItUp+1","hexamod:HeatCrush","hexamod:EmpoweringStance+1","hexamod:ChargedBarrage","hexamod:HauntingEcho","hexamod:Rewind+1","Slimebound:Tackle+1","Slimebound:Tackle+1","hexamod:BacktrackSmack","hexamod:RainOfEmbers","Sadistic Nature+1","hexamod:RecurringNightmare","Thinking Ahead+1","hexamod:RetreatToShadows","hexamod:Hexaguard+1","hexamod:CrushingStance","hexamod:InspiringFlames+1","hexamod:GhostOfSpirePast+1","hexamod:RadiantFlame+1","hexamod:FastForward","expansioncontent:DashGenerateEvil","hexamod:Rewind+1","hexamod:RadiantFlame+1","Chrysalis","hexamod:HauntingEcho+1","hexamod:EtherealExpedition+1"],"relics":["hexamod:SpiritBrand","downfall:HeartBlessingRed","Oddly Smooth Stone","Replay:PocketPolymizer","downfall:HeartBlessingGreen","Busted Crown","Lantern","Astrolabe","downfall:HeartBlessingBlue","Divine Protection","Replay:Bandana","Strawberry","Pear","PreservedInsect","Lizard Tail"],"acts_visited":["Exordium","TheCity","TheBeyond","TheEnding"],"potions_floor_usage":[33,49,50,55,55,55],"damage_taken":[{"damage":1.0,"enemies":"Jaw Worm","floor":2.0,"turns":4.0},{"damage":4.0,"enemies":"Cultist","floor":3.0,"turns":4.0},{"damage":0.0,"enemies":"downfall:FleeingMerchant","floor":4.0,"turns":4.0},{"damage":0,"enemies":"2 Louse","floor":8,"turns":3},{"damage":0,"enemies":"3 Sentries","floor":10,"turns":6},{"damage":0,"enemies":"2 Fungi Beasts","floor":13,"turns":2},{"damage":0,"enemies":"Exordium Thugs","floor":14,"turns":3},{"damage":0,"enemies":"Red Slaver","floor":15,"turns":3},{"damage":7,"enemies":"downfall:Watcher","floor":16,"turns":12},{"damage":4,"enemies":"Chosen","floor":19,"turns":5},{"damage":3,"enemies":"3 Byrds","floor":20,"turns":3},{"damage":9,"enemies":"Sentry and Sphere","floor":21,"turns":5},{"damage":3,"enemies":"downfall:FleeingMerchant","floor":25,"turns":4},{"damage":0,"enemies":"downfall:FleeingMerchant","floor":28,"turns":4},{"damage":19,"enemies":"Book of Stabbing","floor":29,"turns":6},{"damage":16,"enemies":"Shelled Parasite and Fungi","floor":30,"turns":4},{"damage":0,"enemies":"Centurion and Healer","floor":31,"turns":3},{"damage":4,"enemies":"Chosen and Byrds","floor":32,"turns":4},{"damage":23,"enemies":"downfall:Silent","floor":33,"turns":7},{"damage":3,"enemies":"Orb Walker","floor":36,"turns":2},{"damage":6,"enemies":"3 Shapes","floor":38,"turns":3},{"damage":0,"enemies":"downfall:FleeingMerchant","floor":40,"turns":3},{"damage":14,"enemies":"Reptomancer","floor":42,"turns":6},{"damage":0,"enemies":"Writhing Mass","floor":43,"turns":3},{"damage":0,"enemies":"Transient","floor":45,"turns":5},{"damage":0,"enemies":"Giant Head","floor":46,"turns":5},{"damage":0,"enemies":"Maw","floor":47,"turns":5},{"damage":38,"enemies":"Writhing Mass","floor":49,"turns":3},{"damage":6,"enemies":"downfall:Defect","floor":50,"turns":6},{"damage":32,"enemies":"downfall:CharBossMerchant","floor":52,"turns":6},{"damage":81,"enemies":"downfall:NeowBoss","floor":55,"turns":24}],"seed_played":"5060603986096335312","potions_obtained":[{"floor":10,"key":"Fire Potion"},{"floor":13,"key":"Regen Potion"},{"floor":14,"key":"hexamod:DoubleChargePotion"},{"floor":21,"key":"PowerPotion"},{"floor":32,"key":"hexamod:EctoCoolerPotion"},{"floor":33,"key":"DuplicationPotion"},{"floor":52,"key":"Reflective Coating"}],"is_trial":false,"path_per_floor":["R","M","M","$","?","R","T","M","R","E","?","R","M","M","M","B",null,"R","M","M","M","?","R","T","$","R","?","$","E","M","M","M","B",null,"R","M","?","M","?","$","T","E","M","?","M","E","M","$","M","B",null,"E","$","R","B",null],"character_chosen":"THE_SPIRIT","items_purchased":["hexamod:ChargedBarrage","Sadistic Nature","Thinking Ahead","expansioncontent:DashGenerateEvil","Divine Protection","Chrysalis","PreservedInsect","LifebloodPotion"],"campfire_rested":1,"item_purchase_floors":[4,25,28,40,40,48,48,53],"current_hp_per_floor":[70,69,65,65,65,65,65,65,65,65,65,65,65,65,70,63,70,70,70,70,68,68,68,68,70,70,70,70,58,49,56,59,43,70,80,77,77,71,71,71,71,79,86,86,86,96,96,96,58,52,97,65,65,94,13],"gold":48,"neow_bonus":"RANDOM_COLORLESS","is_daily":false,"chose_seed":false,"campfire_upgraded":7,"win_rate":0.0,"timestamp":1608863423,"path_taken":["R","M","M","$","?","R","T","M","R","E","?","R","M","?","M","BOSS","R","M","M","M","?","R","T","$","R","?","$","E","M","?","M","BOSS","R","M","?","M","?","$","T","E","M","?","M","E","M","$","M","BOSS","E","$","R","BOSS"],"items_purchased_type":["Card","Card","Card","Card","Relic","Card","Relic","Potion"],"build_version":"2020-12-22","purchased_purges":0,"victory":true,"max_hp_per_floor":[70,70,70,70,70,70,70,70,70,70,70,70,70,70,70,70,70,70,70,70,70,70,70,70,70,70,70,70,70,70,70,70,70,70,80,80,80,80,80,80,80,87,87,87,87,97,97,97,97,97,97,97,97,97,97],"card_choices":[{"not_picked":["expansioncontent:DefensiveMode","expansioncontent:LastStand"],"picked":"expansioncontent:GuardianWhirl","floor":0.0},{"not_picked":["hexamod:BacktrackSmack","hexamod:AdvancingGuard"],"picked":"hexamod:ThermalTransfer","floor":2.0},{"not_picked":["hexamod:EmpoweredFlame","hexamod:Firestarter"],"picked":"hexamod:SoulSteal","floor":3.0},{"not_picked":["hexamod:BacktrackSmack","hexamod:FastForward"],"picked":"hexamod:SkipABeat","floor":4.0},{"not_picked":["hexamod:HeatMetal","hexamod:GhostflameBarrier"],"picked":"hexamod:GhostOfSpirePast","floor":8},{"not_picked":["hexamod:SkipABeat","hexamod:BurningTouch"],"picked":"hexamod:ShieldOfDarkness","floor":10},{"not_picked":["hexamod:Hexaguard","hexamod:SkipABeat"],"picked":"hexamod:HeatCrush","floor":13},{"not_picked":["hexamod:NightmareStrike","hexamod:ShieldOfDarkness"],"picked":"hexamod:FirstSeal","floor":14},{"not_picked":["hexamod:Firestarter","hexamod:NightmareGuise","hexamod:RainOfEmbers"],"picked":"SKIP","floor":15},{"not_picked":["hexamod:Toasty","hexamod:ParanormalForm"],"picked":"hexamod:EmpoweringStance","floor":16},{"not_picked":[],"picked":"hexamod:HauntingEcho","floor":19},{"not_picked":["hexamod:SwordOfDarkness"],"picked":"SKIP","floor":20},{"not_picked":[],"picked":"hexamod:Rewind+1","floor":21},{"not_picked":[],"picked":"hexamod:RainOfEmbers","floor":25},{"not_picked":["hexamod:BurningTouch"],"picked":"SKIP","floor":28},{"not_picked":[],"picked":"hexamod:RetreatToShadows","floor":29},{"not_picked":[],"picked":"hexamod:Hexaguard+1","floor":30},{"not_picked":["hexamod:SkipABeat"],"picked":"SKIP","floor":31},{"not_picked":["hexamod:FirstSeal"],"picked":"SKIP","floor":32},{"not_picked":[],"picked":"hexamod:CrushingStance","floor":33},{"not_picked":["hexamod:RainOfEmbers+1"],"picked":"SKIP","floor":36},{"not_picked":[],"picked":"hexamod:FastForward","floor":38},{"not_picked":["hexamod:Firestarter"],"picked":"SKIP","floor":40},{"not_picked":[],"picked":"hexamod:Rewind+1","floor":42},{"not_picked":["hexamod:RetreatToShadows+1"],"picked":"SKIP","floor":43},{"not_picked":["hexamod:RadiantFlame+1"],"picked":"SKIP","floor":45},{"not_picked":[],"picked":"hexamod:RadiantFlame+1","floor":45},{"not_picked":["hexamod:GhostOfSpirePast"],"picked":"SKIP","floor":46},{"not_picked":["hexamod:DynamicBlow+1"],"picked":"SKIP","floor":47},{"not_picked":[],"picked":"hexamod:HauntingEcho+1","floor":49},{"not_picked":[],"picked":"hexamod:EtherealExpedition+1","floor":52}],"player_experience":170870,"relics_obtained":[{"floor":7,"key":"Oddly Smooth Stone"},{"floor":10,"key":"Replay:PocketPolymizer"},{"floor":29,"key":"Lantern"},{"floor":41,"key":"Replay:Bandana"},{"floor":42,"key":"Strawberry"},{"floor":46,"key":"Pear"},{"floor":52,"key":"Lizard Tail"}],"event_choices":[{"damage_healed":0,"gold_gain":0,"player_choice":"Upgraded","damage_taken":0,"max_hp_gain":0,"max_hp_loss":0,"event_name":"Upgrade Shrine","floor":11,"gold_loss":0,"cards_upgraded":["hexamod:ShieldOfDarkness"]},{"cards_removed":["hexamod:FirstSeal"],"damage_healed":0,"gold_gain":0,"player_choice":"Purged","damage_taken":0,"max_hp_gain":0,"max_hp_loss":0,"event_name":"Purifier","floor":44,"gold_loss":0}],"is_beta":false,"boss_relics":[{"not_picked":["ChewingGum","Replay:Drink Me"],"picked":"Busted Crown"},{"not_picked":["Calling Bell","Sozu"],"picked":"Astrolabe"}],"items_purged_floors":[],"is_endless":false,"potions_floor_spawned":[10,13,14,16,20,21,30,32,33,36,42,43,46,52],"ascension_level":1}}