{"host":"mi0eibewekhugwl1","time":1608886775,"event":{"mods":["AchievementEnabler","BaseMod","Colored Map","Colored Powertips","DeckTracker","Keyboard Shortcuts","Minty Spire (QoL Compilation)","Quick Restart","Rare Cards Sparkle","Relic Stats","StSLib","SuperFastMode","everything is the same but u backflip on backflip"],"gold_per_floor":[118,118,138,138,138,164,179,179,179,214,194,207,222,54,54,131,131,141,154,154,54,54,54],"floor_reached":22,"playtime":413,"items_purged":["Strike_R","Strike_R"],"score":438,"play_id":"693da074-2edd-4156-b44e-330d70a714c4","local_time":"20201225175935","is_ascension_mode":true,"campfire_choices":[{"data":"Pommel Strike","floor":8,"key":"SMITH"},{"data":"Carnage","floor":15,"key":"SMITH"}],"circlet_count":0,"master_deck":["AscendersBane","Strike_R","Strike_R","Strike_R","Defend_R+1","Defend_R","Defend_R","Defend_R","Bash+1","Battle Trance","Rage","Pommel Strike+1","Reckless Charge","Cleave","Carnage+1","Shrug It Off","Immolate","Shrug It Off"],"relics":["Burning Blood","NeowsBlessing","Letter Opener","Toy Ornithopter","Torii","SlaversCollar"],"acts_visited":["Exordium","TheCity"],"potions_floor_usage":[10,10,10,16],"damage_taken":[{"damage":0,"enemies":"Jaw Worm","floor":1,"turns":1},{"damage":0,"enemies":"Cultist","floor":3,"turns":1},{"damage":0,"enemies":"Gremlin Nob","floor":6,"turns":1},{"damage":0,"enemies":"2 Louse","floor":7,"turns":3},{"damage":10,"enemies":"3 Sentries","floor":10,"turns":7},{"damage":2,"enemies":"Looter","floor":12,"turns":3},{"damage":1,"enemies":"2 Fungi Beasts","floor":13,"turns":3},{"damage":38,"enemies":"Slime Boss","floor":16,"turns":9},{"damage":23,"enemies":"Spheric Guardian","floor":18,"turns":4},{"damage":47,"enemies":"Shell Parasite","floor":19,"turns":7},{"damage":11,"enemies":"Cultist and Chosen","floor":22,"turns":3}],"seed_played":"-75072789128544520","potions_obtained":[{"floor":1,"key":"LiquidMemories"},{"floor":2,"key":"EntropicBrew"},{"floor":11,"key":"SteroidPotion"},{"floor":19,"key":"DuplicationPotion"}],"is_trial":false,"path_per_floor":["M","?","M","?","?","E","M","R","T","E","?","M","M","$","R","B",null,"M","M","?","$","M"],"character_chosen":"IRONCLAD","items_purchased":["Carnage","Shrug It Off"],"campfire_rested":0,"item_purchase_floors":[14,14],"current_hp_per_floor":[74,74,75,52,52,58,64,64,64,71,71,75,75,75,75,43,67,50,9,9,9,0,0],"gold":54,"neow_bonus":"THREE_ENEMY_KILL","is_daily":false,"chose_seed":false,"campfire_upgraded":2,"win_rate":0.0,"timestamp":1608886775,"path_taken":["M","?","?","?","?","E","M","R","T","E","?","M","M","$","R","BOSS","M","M","?","?","M"],"items_purchased_type":["Card","Card"],"build_version":"2020-12-22","purchased_purges":2,"victory":false,"max_hp_per_floor":[75,75,75,75,75,75,75,75,75,75,75,75,75,75,75,75,75,75,75,75,75,75,75],"relic_stats":{"Torii":18,"counters":[11,42],"Letter Opener":[50],"obtain_stats":[{"SlaversCollar":17,"NeowsBlessing":0,"Torii":10,"Letter Opener":6,"Burning Blood":0,"Toy Ornithopter":9},{"SlaversCollar":8,"NeowsBlessing":0,"Torii":5,"Letter Opener":3,"Burning Blood":0,"Toy Ornithopter":4},{"SlaversCollar":28,"NeowsBlessing":0,"Torii":13,"Letter Opener":3,"Burning Blood":0,"Toy Ornithopter":6}],"Burning Blood":50,"Toy Ornithopter":11},"card_choices":[{"not_picked":["Rage","Headbutt"],"picked":"Battle Trance","floor":1},{"not_picked":["Flex","Clash"],"picked":"Rage","floor":3},{"not_picked":["Heavy Blade","Iron Wave"],"picked":"Pommel Strike","floor":6},{"not_picked":["Headbutt","Flex"],"picked":"Reckless Charge","floor":7},{"not_picked":["Rage","Armaments"],"picked":"Cleave","floor":10},{"not_picked":["Havoc","Flex","Brutality"],"picked":"SKIP","floor":12},{"not_picked":["Seeing Red","Cleave","Thunderclap"],"picked":"SKIP","floor":13},{"not_picked":["Fiend Fire","Barricade"],"picked":"Immolate","floor":16},{"not_picked":["Hemokinesis","Body Slam","Havoc"],"picked":"SKIP","floor":18},{"not_picked":["Twin Strike","Rupture","Anger"],"picked":"SKIP","floor":19}],"player_experience":1702832,"relics_obtained":[{"floor":6,"key":"Letter Opener"},{"floor":9,"key":"Toy Ornithopter"},{"floor":10,"key":"Torii"}],"event_choices":[{"damage_healed":0,"gold_gain":0,"player_choice":"Got Potions","damage_taken":0,"max_hp_gain":0,"max_hp_loss":0,"event_name":"Lab","floor":2,"gold_loss":0},{"damage_healed":0,"gold_gain":0,"player_choice":"Entered Light","damage_taken":23,"max_hp_gain":0,"max_hp_loss":0,"event_name":"Shining Light","floor":4,"gold_loss":0,"cards_upgraded":["Bash","Defend_R"]},{"damage_healed":0,"gold_gain":0,"player_choice":"Ignored","damage_taken":0,"max_hp_gain":0,"max_hp_loss":0,"event_name":"Liars Game","floor":5,"gold_loss":0},{"damage_healed":0,"gold_gain":0,"player_choice":"Bought 1 Potion","damage_taken":0,"max_hp_gain":0,"max_hp_loss":0,"event_name":"The Woman in Blue","floor":11,"gold_loss":0},{"damage_healed":0,"gold_gain":0,"player_choice":"Copied","damage_taken":0,"max_hp_gain":0,"max_hp_loss":0,"event_name":"Duplicator","floor":20,"gold_loss":0,"cards_obtained":["Shrug It Off"]}],"is_beta":false,"boss_relics":[{"not_picked":["Philosopher\u0027s Stone","Busted Crown"],"picked":"SlaversCollar"}],"items_purged_floors":[14,21],"is_endless":false,"potions_floor_spawned":[1,7,13,19],"killed_by":"Cultist and Chosen","ascension_level":20}}