{"host":"nsxzlb359hv0da5z","time":1608893105,"event":{"mods":["BaseMod","Bestiary","Colored Map","Minty Spire (QoL Compilation)","Permanent Neow","Relic Stats","Slay the Relics Exporter","ojb\u0027s Info Mod"],"gold_per_floor":[111,124,136,136,149,149,159,14,66,91,102,102,116,142,142,239,239,259,259,270,290,22,22,48,48,48,79,106,138,138,53,53,149,149,167,442,460,173,64,64,90,90,116,116,451,451,451,468,468,468,468,468,91,123,123],"floor_reached":56,"playtime":4372,"items_purged":["Regret"],"score":1907,"play_id":"753ae540-b3c4-4ce7-8a45-b316fcc6691d","local_time":"20201225024505","is_ascension_mode":true,"campfire_choices":[{"data":"Neutralize","floor":6.0,"key":"SMITH"},{"floor":12.0,"key":"REST"},{"data":"Catalyst","floor":15.0,"key":"SMITH"},{"floor":23.0,"key":"REST"},{"data":"Footwork","floor":25.0,"key":"SMITH"},{"floor":32,"key":"REST"},{"data":"Wraith Form v2","floor":40,"key":"SMITH"},{"data":"Catalyst","floor":42,"key":"SMITH"},{"floor":46,"key":"RECALL"},{"data":"Noxious Fumes","floor":49,"key":"SMITH"},{"data":"Leg Sweep","floor":52,"key":"SMITH"}],"circlet_count":0,"master_deck":["AscendersBane","Strike_G","Strike_G","Strike_G","Strike_G","Strike_G","Defend_G","Defend_G","Defend_G","Defend_G","Defend_G","Survivor","Neutralize+1","Backstab","Deadly Poison","Noxious Fumes+1","Backflip","Glass Knife","Leg Sweep+1","Dagger Spray","Crippling Poison","Catalyst+1","Glass Knife","Catalyst+1","Footwork+1","Deflect","Dodge and Roll+1","PiercingWail+1","PiercingWail+1","Wraith Form v2+1","Dodge and Roll+1","Footwork","Blur+1","Dodge and Roll+1","Finesse","Finesse+1","Secret Technique","Blur"],"relics":["Ring of the Snake","Toy Ornithopter","Mercury Hourglass","Bag of Marbles","Sozu","Pear","Oddly Smooth Stone","Anchor","The Specimen","Bottled Lightning","Red Mask","StrikeDummy","MutagenicStrength","Vajra","Snecko Eye","FossilizedHelix","Bag of Preparation","Nunchaku","Old Coin","Lantern","Medical Kit","War Paint"],"acts_visited":["Exordium","TheCity","TheBeyond","TheEnding"],"potions_floor_usage":[],"damage_taken":[{"damage":3.0,"enemies":"Jaw Worm","floor":1.0,"turns":5.0},{"damage":1.0,"enemies":"2 Louse","floor":2.0,"turns":3.0},{"damage":1.0,"enemies":"Cultist","floor":3.0,"turns":3.0},{"damage":27.0,"enemies":"Exordium Thugs","floor":5.0,"turns":6.0},{"damage":1.0,"enemies":"3 Louse","floor":7.0,"turns":4.0},{"damage":27.0,"enemies":"Lagavulin","floor":10.0,"turns":7.0},{"damage":0.0,"enemies":"2 Fungi Beasts","floor":11.0,"turns":2.0},{"damage":7.0,"enemies":"Large Slime","floor":13.0,"turns":4.0},{"damage":20.0,"enemies":"Gremlin Nob","floor":14.0,"turns":4.0},{"damage":5.0,"enemies":"Hexaghost","floor":16.0,"turns":8.0},{"damage":8.0,"enemies":"2 Thieves","floor":18.0,"turns":3.0},{"damage":3.0,"enemies":"3 Byrds","floor":20.0,"turns":4.0},{"damage":28.0,"enemies":"Shelled Parasite and Fungi","floor":21.0,"turns":6.0},{"damage":13.0,"enemies":"Slavers","floor":24.0,"turns":5.0},{"damage":14.0,"enemies":"Book of Stabbing","floor":27.0,"turns":6.0},{"damage":9.0,"enemies":"Masked Bandits","floor":28.0,"turns":5.0},{"damage":0,"enemies":"Gremlin Leader","floor":29,"turns":5},{"damage":34,"enemies":"Collector","floor":33,"turns":9},{"damage":4,"enemies":"Orb Walker","floor":35,"turns":3},{"damage":0,"enemies":"3 Darklings","floor":37,"turns":1},{"damage":0,"enemies":"Nemesis","floor":41,"turns":7},{"damage":0,"enemies":"Giant Head","floor":45,"turns":8},{"damage":0,"enemies":"Jaw Worm Horde","floor":48,"turns":5},{"damage":14,"enemies":"Awakened One","floor":50,"turns":25},{"damage":0,"enemies":"Shield and Spear","floor":54,"turns":6},{"damage":36,"enemies":"The Heart","floor":55,"turns":9}],"seed_played":"-7739012632753342976","potions_obtained":[{"floor":2.0,"key":"GamblersBrew"},{"floor":5.0,"key":"Poison Potion"},{"floor":11.0,"key":"AttackPotion"},{"floor":13.0,"key":"SpeedPotion"}],"is_trial":false,"path_per_floor":["M","M","M","?","M","R","M","$","T","E","M","R","M","E","R","B",null,"M","?","M","M","$","R","E","R","T","E","?","E","?","?","R","B",null,"M","?","M","$","$","R","E","R","T","?","E","R","?","M","R","B",null,"R","$","E","B",null],"character_chosen":"THE_SILENT","items_purchased":["Glass Knife","Footwork","Oddly Smooth Stone","Deflect","FossilizedHelix","Footwork","Lantern","Medical Kit","Blur"],"campfire_rested":3,"item_purchase_floors":[8,22,22,22,38,39,53,53,53],"current_hp_per_floor":[60,59,58,63,41,41,40,40,40,13,13,35,33,18,18,13,60,52,62,59,31,31,56,43,43,43,29,20,20,20,20,45,11,67,63,63,63,63,63,63,63,63,63,63,63,63,53,53,53,39,71,71,71,71,35],"gold":123,"neow_bonus":"RANDOM_COMMON_RELIC","is_daily":false,"chose_seed":false,"campfire_upgraded":7,"win_rate":0.0,"timestamp":1608893105,"path_taken":["M","M","M","?","M","R","M","?","T","E","M","R","M","E","R","BOSS","M","?","M","?","$","R","E","R","T","E","?","E","?","?","R","BOSS","M","?","M","?","$","R","E","R","T","?","E","R","?","M","R","BOSS","R","$","E","BOSS"],"items_purchased_type":["Card","Card","Relic","Card","Relic","Card","Relic","Relic","Card"],"build_version":"2020-12-22","purchased_purges":1,"victory":true,"max_hp_per_floor":[70,70,70,75,75,75,75,75,75,75,75,75,75,75,75,75,75,75,85,85,85,85,85,85,85,85,85,85,85,85,85,85,85,85,85,85,85,85,85,85,85,85,85,81,81,81,81,81,81,81,81,81,81,81,81],"relic_stats":{"Sozu":6,"Nunchaku":[6],"counters":[26,151],"Snecko Eye":[140,121,124,106],"Bag of Preparation":[5],"War Paint":["Dodge and Roll","Finesse"],"Medical Kit":[3],"obtain_stats":[{"Lantern":53,"Pear":19,"The Specimen":26,"Oddly Smooth Stone":22,"Vajra":31,"Bag of Preparation":41,"War Paint":54,"Medical Kit":53,"Mercury Hourglass":10,"Old Coin":45,"Sozu":17,"Anchor":24,"Nunchaku":43,"MutagenicStrength":30,"Snecko Eye":34,"Bag of Marbles":14,"Red Mask":28,"Bottled Lightning":27,"StrikeDummy":29,"Toy Ornithopter":0,"FossilizedHelix":38,"Ring of the Snake":0},{"Lantern":24,"Pear":11,"The Specimen":14,"Oddly Smooth Stone":13,"Vajra":17,"Bag of Preparation":21,"War Paint":25,"Medical Kit":24,"Mercury Hourglass":6,"Old Coin":22,"Sozu":10,"Anchor":14,"Nunchaku":21,"MutagenicStrength":17,"Snecko Eye":18,"Bag of Marbles":9,"Red Mask":16,"Bottled Lightning":15,"StrikeDummy":17,"Toy Ornithopter":0,"FossilizedHelix":20,"Ring of the Snake":0},{"Lantern":136,"Pear":48,"The Specimen":63,"Oddly Smooth Stone":58,"Vajra":78,"Bag of Preparation":98,"War Paint":142,"Medical Kit":136,"Mercury Hourglass":28,"Old Coin":106,"Sozu":45,"Anchor":63,"Nunchaku":98,"MutagenicStrength":78,"Snecko Eye":87,"Bag of Marbles":37,"Red Mask":73,"Bottled Lightning":69,"StrikeDummy":78,"Toy Ornithopter":0,"FossilizedHelix":91,"Ring of the Snake":0}],"Toy Ornithopter":15,"Ring of the Snake":[52],"Mercury Hourglass":[469]},"card_choices":[{"not_picked":["Deadly Poison","Sucker Punch"],"picked":"Backstab","floor":1.0},{"not_picked":["Backflip","Sucker Punch"],"picked":"Deadly Poison","floor":2.0},{"not_picked":["Distraction","Endless Agony"],"picked":"Noxious Fumes","floor":3.0},{"not_picked":["Sucker Punch","Acrobatics","Prepared"],"picked":"SKIP","floor":5.0},{"not_picked":["Finisher","Deadly Poison"],"picked":"Backflip","floor":7.0},{"not_picked":["Bane","Cloak And Dagger"],"picked":"Leg Sweep","floor":10.0},{"not_picked":["Flying Knee","Poisoned Stab"],"picked":"Dagger Spray","floor":11.0},{"not_picked":["Outmaneuver","Prepared"],"picked":"Crippling Poison","floor":13.0},{"not_picked":["Storm of Steel","Skewer"],"picked":"Catalyst","floor":14.0},{"not_picked":["Phantasmal Killer","Bullet Time"],"picked":"Glass Knife","floor":16.0},{"not_picked":["Eviscerate+1","Accuracy","Bane"],"picked":"SKIP","floor":18.0},{"not_picked":["Bane","Quick Slash+1","Outmaneuver+1"],"picked":"SKIP","floor":20.0},{"not_picked":["Flying Knee","Predator"],"picked":"Catalyst","floor":21.0},{"not_picked":["Quick Slash","Heel Hook"],"picked":"Dodge and Roll","floor":24.0},{"not_picked":["Flying Knee+1","Doppelganger","All Out Attack"],"picked":"SKIP","floor":27.0},{"not_picked":["Underhanded Strike","Catalyst+1"],"picked":"PiercingWail+1","floor":28.0},{"not_picked":["Caltrops+1","Bane"],"picked":"PiercingWail+1","floor":29},{"not_picked":["Unload","After Image"],"picked":"Wraith Form v2","floor":33},{"not_picked":["Poisoned Stab+1","Outmaneuver"],"picked":"Dodge and Roll+1","floor":35},{"not_picked":["Dagger Throw","Dagger Spray","Setup"],"picked":"SKIP","floor":37},{"not_picked":["Backflip+1","Dodge and Roll"],"picked":"Blur+1","floor":41},{"not_picked":["Infinite Blades","Caltrops+1"],"picked":"Dodge and Roll+1","floor":45},{"not_picked":["Trip","Thinking Ahead"],"picked":"Finesse","floor":47},{"not_picked":["Deep Breath","Chrysalis"],"picked":"Finesse","floor":47},{"not_picked":["Sadistic Nature","Forethought"],"picked":"Secret Technique","floor":47},{"not_picked":["Dagger Throw+1","Prepared","Backstab+1"],"picked":"SKIP","floor":48},{"not_picked":["Setup","Poisoned Stab+1","Dash+1"],"picked":"SKIP","floor":54}],"player_experience":1859397,"relics_obtained":[{"floor":10.0,"key":"Mercury Hourglass"},{"floor":14.0,"key":"Bag of Marbles"},{"floor":19.0,"key":"Pear"},{"floor":24.0,"key":"Anchor"},{"floor":26.0,"key":"The Specimen"},{"floor":27.0,"key":"Bottled Lightning"},{"floor":28.0,"key":"Red Mask"},{"floor":29,"key":"StrikeDummy"},{"floor":41,"key":"Bag of Preparation"},{"floor":43,"key":"Nunchaku"},{"floor":45,"key":"Old Coin"},{"floor":54,"key":"War Paint"}],"event_choices":[{"damage_healed":0.0,"max_hp_gain":5.0,"max_hp_loss":0.0,"gold_gain":0.0,"event_name":"Big Fish","player_choice":"Donut","floor":4.0,"gold_loss":0.0,"damage_taken":0.0},{"damage_healed":0.0,"max_hp_gain":0.0,"max_hp_loss":0.0,"gold_gain":0.0,"event_name":"Wheel of Change","player_choice":"Relic","floor":19.0,"gold_loss":0.0,"damage_taken":0.0},{"damage_healed":0.0,"max_hp_gain":0.0,"max_hp_loss":0.0,"gold_gain":0.0,"event_name":"Masked Bandits","player_choice":"Fought Bandits","floor":28.0,"gold_loss":0.0,"damage_taken":0.0},{"damage_healed":0,"gold_gain":0,"player_choice":"Inject Mutagens","damage_taken":0,"relics_obtained":["MutagenicStrength"],"max_hp_gain":0,"max_hp_loss":0,"event_name":"Drug Dealer","floor":30,"gold_loss":0},{"damage_healed":0,"gold_gain":0,"player_choice":"Obtained Relic","damage_taken":0,"relics_obtained":["Vajra"],"max_hp_gain":0,"max_hp_loss":0,"event_name":"Addict","floor":31,"gold_loss":85},{"damage_healed":0,"gold_gain":275,"player_choice":"Desecrate","damage_taken":0,"max_hp_gain":0,"max_hp_loss":0,"event_name":"Golden Shrine","floor":36,"gold_loss":0,"cards_obtained":["Regret"]},{"damage_healed":0,"gold_gain":0,"player_choice":"Max HP","damage_taken":0,"max_hp_gain":0,"max_hp_loss":4,"event_name":"Winding Halls","floor":44,"gold_loss":0},{"damage_healed":0,"gold_gain":0,"player_choice":"Memory 3","damage_taken":10,"max_hp_gain":0,"max_hp_loss":0,"event_name":"SensoryStone","floor":47,"gold_loss":0}],"is_beta":false,"boss_relics":[{"not_picked":["Tiny House","WristBlade"],"picked":"Sozu"},{"not_picked":["Runic Dome","SacredBark"],"picked":"Snecko Eye"}],"items_purged_floors":[39],"is_endless":false,"potions_floor_spawned":[2,5,11,13,21,29,33,37,41,45],"ascension_level":10}}