{"host":"daa8jqyg4gqfaysm","time":1608922503,"event":{"mods":["BaseMod","Colored Powertips","Minty Spire (QoL Compilation)","StSLib"],"gold_per_floor":[362,20,32,48,13,13,47,47,47,72,86,86,86,117,117,190,190,201,216,131,131,143,143,171,188,188,204,104,104,104,117,117,117,117],"floor_reached":33,"playtime":1068,"items_purged":["Strike_B","Strike_B+1"],"score":620,"play_id":"b2a29509-634d-4856-92f0-580a0e3023a5","local_time":"20201226025503","is_ascension_mode":true,"campfire_choices":[{"data":"Zap","floor":6,"key":"SMITH"},{"floor":8,"key":"REST"},{"data":"Lockon","floor":12,"key":"SMITH"},{"data":"Hologram","floor":15,"key":"SMITH"},{"data":"Seek","floor":23,"key":"SMITH"},{"data":"Seek","floor":30,"key":"SMITH"},{"floor":32,"key":"REST"}],"circlet_count":0,"master_deck":["AscendersBane","Strike_B+1","Strike_B+1","Defend_B+1","Defend_B+1","Defend_B+1","Defend_B+1","Zap+1","Dualcast","Sweeping Beam+1","Core Surge","Self Repair","Hologram+1","Leap","Lockon+1","Ball Lightning","Melter","Cold Snap","Seek+1","Coolheaded","Steam Power","Leap","Seek+1"],"relics":["Cracked Core","HornCleat","FossilizedHelix","Happy Flower","Inserter","Bag of Marbles","Strawberry","Pen Nib"],"acts_visited":["Exordium","TheCity"],"potions_floor_usage":[7,24,27,33,33],"damage_taken":[{"damage":8,"enemies":"Small Slimes","floor":1,"turns":3},{"damage":9,"enemies":"2 Louse","floor":3,"turns":3},{"damage":14,"enemies":"Jaw Worm","floor":4,"turns":4},{"damage":41,"enemies":"Gremlin Nob","floor":7,"turns":4},{"damage":12,"enemies":"3 Sentries","floor":10,"turns":7},{"damage":0,"enemies":"3 Louse","floor":11,"turns":4},{"damage":0,"enemies":"Gremlin Nob","floor":14,"turns":3},{"damage":12,"enemies":"The Guardian","floor":16,"turns":12},{"damage":0,"enemies":"Spheric Guardian","floor":18,"turns":2},{"damage":6,"enemies":"Chosen","floor":19,"turns":4},{"damage":22,"enemies":"Snake Plant","floor":22,"turns":7},{"damage":44,"enemies":"Slavers","floor":24,"turns":5},{"damage":14,"enemies":"Chosen and Byrds","floor":25,"turns":7},{"damage":0,"enemies":"3 Cultists","floor":27,"turns":5},{"damage":1,"enemies":"Shelled Parasite and Fungi","floor":31,"turns":7},{"damage":65,"enemies":"Collector","floor":33,"turns":8}],"seed_played":"2358971834189192576","potions_obtained":[{"floor":3,"key":"PowerPotion"},{"floor":7,"key":"SpeedPotion"},{"floor":10,"key":"SteroidPotion"},{"floor":16,"key":"PowerPotion"},{"floor":24,"key":"GamblersBrew"},{"floor":27,"key":"Explosive Potion"}],"is_trial":false,"path_per_floor":["M","$","M","M","?","R","E","R","T","E","M","R","?","E","R","B",null,"M","M","?","?","M","R","E","M","T","M","$","?","R","M","R","B"],"character_chosen":"DEFECT","items_purchased":["Core Surge","Self Repair"],"campfire_rested":2,"item_purchase_floors":[2,2],"current_hp_per_floor":[38,38,36,29,46,46,12,33,33,28,35,35,35,42,42,37,63,70,71,71,71,56,56,26,19,19,26,26,26,26,32,55,0,0],"gold":117,"neow_bonus":"TWO_FIFTY_GOLD","is_daily":false,"chose_seed":false,"campfire_upgraded":5,"win_rate":0.0,"timestamp":1608922503,"path_taken":["M","$","M","M","?","R","E","R","T","E","M","R","?","E","R","BOSS","M","M","?","?","M","R","E","M","T","M","$","?","R","?","R","BOSS"],"items_purchased_type":["Card","Card"],"build_version":"2020-12-22","purchased_purges":2,"victory":false,"max_hp_per_floor":[71,71,71,71,71,71,71,71,71,71,71,71,71,71,71,71,71,71,71,71,71,71,71,78,78,78,78,78,78,78,78,78,78,78],"card_choices":[{"not_picked":["Barrage","Streamline"],"picked":"Sweeping Beam","floor":1},{"not_picked":["Scrape","Beam Cell"],"picked":"Hologram","floor":3},{"not_picked":["Aggregate","Lockon"],"picked":"Leap","floor":4},{"not_picked":["Hologram","Barrage"],"picked":"Lockon","floor":7},{"not_picked":["Barrage","All For One"],"picked":"Ball Lightning","floor":10},{"not_picked":["Chill","Self Repair"],"picked":"Melter","floor":11},{"not_picked":["Rebound","Redo"],"picked":"Cold Snap","floor":14},{"not_picked":["Creative AI","Reboot"],"picked":"Seek","floor":16},{"not_picked":["Sweeping Beam","Storm","Skim+1"],"picked":"SKIP","floor":18},{"not_picked":["Auto Shields","Rip and Tear"],"picked":"Coolheaded","floor":19},{"not_picked":["Skim","Hologram","Compile Driver"],"picked":"SKIP","floor":22},{"not_picked":["Hologram+1","Scrape"],"picked":"Steam Power","floor":24},{"not_picked":["Coolheaded","Stack"],"picked":"Leap","floor":25},{"not_picked":["Cold Snap","Redo"],"picked":"Seek","floor":27},{"not_picked":["Leap","Redo","Coolheaded"],"picked":"SKIP","floor":31}],"player_experience":735181,"relics_obtained":[{"floor":7,"key":"HornCleat"},{"floor":10,"key":"FossilizedHelix"},{"floor":14,"key":"Happy Flower"},{"floor":24,"key":"Strawberry"},{"floor":26,"key":"Pen Nib"}],"event_choices":[{"damage_healed":17,"gold_gain":0,"player_choice":"Healed","damage_taken":0,"max_hp_gain":0,"max_hp_loss":0,"event_name":"The Cleric","floor":5,"gold_loss":35},{"damage_healed":0,"gold_gain":0,"player_choice":"Grow","damage_taken":0,"max_hp_gain":0,"max_hp_loss":0,"event_name":"Living Wall","floor":13,"gold_loss":0,"cards_upgraded":["Sweeping Beam"]},{"damage_healed":0,"gold_gain":0,"player_choice":"Obtained Relic","damage_taken":0,"relics_obtained":["Bag of Marbles"],"max_hp_gain":0,"max_hp_loss":0,"event_name":"Addict","floor":20,"gold_loss":85},{"damage_healed":0,"gold_gain":0,"player_choice":"Simplicity","damage_taken":0,"max_hp_gain":0,"max_hp_loss":0,"event_name":"Back to Basics","floor":21,"gold_loss":0,"cards_upgraded":["Strike_B","Strike_B","Strike_B","Defend_B","Defend_B","Defend_B","Defend_B"]},{"damage_healed":0,"gold_gain":0,"player_choice":"0 cards matched","damage_taken":0,"max_hp_gain":0,"max_hp_loss":0,"event_name":"Match and Keep!","floor":29,"gold_loss":0,"cards_obtained":[]}],"is_beta":false,"boss_relics":[{"not_picked":["Cursed Key","SlaversCollar"],"picked":"Inserter"}],"items_purged_floors":[2,28],"is_endless":false,"potions_floor_spawned":[3,7,10,16,24,27],"killed_by":"Collector","ascension_level":20}}