{"host":"areou1to5q11ox5u","time":1608928554,"event":{"mods":["AchievementEnabler","BaseMod","Bestiary","Block Reminder","Colored Map","Colored Powertips","DeckTracker","Downfall","Highlight Path","Infinite Spire","Minty Spire (QoL Compilation)","Permanent Neow","Random Character Button","Relic Sorter","Relic Stats","StSLib","The Jungle"],"gold_per_floor":[99,109,109,122,138,138,164,184,199,219,231,249,249,274,291,291,291,291],"floor_reached":16,"playtime":1258,"items_purged":[],"score":108,"play_id":"090d2c24-a4f1-433b-a2af-5f48cfe751cd","local_time":"20201225213554","is_ascension_mode":false,"campfire_choices":[{"data":"Slimebound:Strike_Slimebound","floor":1,"key":"SMITH"},{"data":"Slimebound:RollThrough","floor":6,"key":"SMITH"},{"data":"Slimebound:RollThrough","floor":13,"key":"SMITH"}],"circlet_count":0,"master_deck":["Slimebound:Strike_Slimebound","Slimebound:Strike_Slimebound","Slimebound:Strike_Slimebound+1","Slimebound:Tackle","Slimebound:Defend_Slimebound","Slimebound:Defend_Slimebound","Slimebound:Defend_Slimebound","Slimebound:Defend_Slimebound","Slimebound:Split","Slimebound:CorrosiveSpit","Slimebound:RollThrough+1","infinitespire:Starlight","Slimebound:FinishingTackle","Slimebound:LeechingTouch","Slimebound:LeechEnergy","Slimebound:RollThrough+1","Slimebound:SamplingLick","Slimebound:GoopSpray","Slimebound:ViciousTackle","Slimebound:SlimeSpikes","Slimebound:SlimeBarrage"],"relics":["Slimebound:AbsorbEndCombat","Happy Flower","Centennial Puzzle","Ancient Tea Set"],"acts_visited":["Exordium"],"potions_floor_usage":[],"damage_taken":[{"damage":5,"enemies":"Jaw Worm","floor":2,"turns":3},{"damage":4,"enemies":"Cultist","floor":4,"turns":4},{"damage":10,"enemies":"2 Louse","floor":5,"turns":2},{"damage":16,"enemies":"Exordium Wildlife","floor":8,"turns":3},{"damage":18,"enemies":"Blue Slaver","floor":9,"turns":3},{"damage":13,"enemies":"2 Fungi Beasts","floor":10,"turns":3},{"damage":12,"enemies":"Exordium Wildlife","floor":11,"turns":5},{"damage":13,"enemies":"3 Louse","floor":12,"turns":3},{"damage":17,"enemies":"Gremlin Nob","floor":14,"turns":4},{"damage":0,"enemies":"2 Fungi Beasts","floor":15,"turns":3},{"damage":65,"enemies":"downfall:Ironclad","floor":16,"turns":6}],"seed_played":"4898973130724954847","potions_obtained":[{"floor":8,"key":"Fire Potion"},{"floor":9,"key":"GamblersBrew"},{"floor":11,"key":"Strength Potion"}],"is_trial":false,"path_per_floor":["R","M","?","M","M","R","T","M","M","M","M","M","R","E","M","B"],"character_chosen":"SLIMEBOUND","items_purchased":[],"campfire_rested":0,"item_purchase_floors":[],"current_hp_per_floor":[60,60,45,51,43,43,43,33,31,30,34,33,33,36,50,0,0,0],"gold":291,"neow_bonus":"RANDOM_COMMON_RELIC","is_daily":false,"chose_seed":false,"campfire_upgraded":3,"win_rate":0.0,"timestamp":1608928554,"path_taken":["R","M","?","M","M","R","T","M","M","M","M","M","R","E","M","BOSS"],"items_purchased_type":[],"build_version":"2020-12-22","purchased_purges":0,"victory":false,"max_hp_per_floor":[60,60,60,60,60,60,60,60,60,60,60,60,60,60,60,60,60,60],"relic_stats":{"Centennial Puzzle":[21],"Happy Flower":[13],"counters":[11,39],"obtain_stats":[{"Centennial Puzzle":7,"Happy Flower":0,"Slimebound:AbsorbEndCombat":0,"Ancient Tea Set":14},{"Centennial Puzzle":3,"Happy Flower":0,"Slimebound:AbsorbEndCombat":0,"Ancient Tea Set":9},{"Centennial Puzzle":9,"Happy Flower":0,"Slimebound:AbsorbEndCombat":0,"Ancient Tea Set":30}]},"card_choices":[{"not_picked":["Slimebound:Gluttony","Slimebound:Equalize"],"picked":"Slimebound:RollThrough","floor":2},{"not_picked":["infinitespire:Oblivion","infinitespire:FutureSight"],"picked":"infinitespire:Starlight","floor":3},{"not_picked":["Slimebound:SplitBruiser","Slimebound:Dissolve"],"picked":"Slimebound:FinishingTackle","floor":4},{"not_picked":["Slimebound:PressTheAttack","Slimebound:Nibble"],"picked":"Slimebound:LeechingTouch","floor":5},{"not_picked":["Slimebound:RollThrough","Slimebound:FinishingTackle"],"picked":"Slimebound:LeechEnergy","floor":8},{"not_picked":["Slimebound:LeadByExample","Slimebound:SamplingLick"],"picked":"Slimebound:RollThrough","floor":9},{"not_picked":["Slimebound:TongueLash","Slimebound:LeechingTouch"],"picked":"Slimebound:SamplingLick","floor":10},{"not_picked":["Slimebound:LeechingTouch","Slimebound:Nibble"],"picked":"Slimebound:GoopSpray","floor":11},{"not_picked":["Slimebound:GrowthPunch","Slimebound:RollThrough"],"picked":"Slimebound:ViciousTackle","floor":12},{"not_picked":["Slimebound:ComboTackle","Slimebound:SplitLeeching"],"picked":"Slimebound:SlimeSpikes","floor":14},{"not_picked":["Slimebound:LevelUp","Slimebound:GrowthPunch"],"picked":"Slimebound:SlimeBarrage","floor":15}],"player_experience":0,"relics_obtained":[{"floor":7,"key":"Centennial Puzzle"},{"floor":14,"key":"Ancient Tea Set"}],"event_choices":[],"is_beta":false,"boss_relics":[],"items_purged_floors":[],"is_endless":false,"potions_floor_spawned":[8,9,11,14],"killed_by":"downfall:Ironclad","ascension_level":0}}