{"host":"2461dio7vetlq1z3","time":1608901181,"event":{"mods":["2.2 Compatiblity","AchievementEnabler","Aspiration","BaseMod","Better Third Choice","Hermit","Minty Spire (QoL Compilation)","Relic Stats","Spicy Shops","StSLib","The Runesmith","Waifu the Spire"],"gold_per_floor":[14,25,25,25,45,45,79,4,4,32,63,77,77,107,107,179,179,194,209,228,2,2,2,32,32,32,32,32,61,87,104,104,179,179,195,209,209,43,43,43,70,83,109,109,119,131,131,131,131,131,131,131],"floor_reached":51,"playtime":2571,"items_purged":["Strike_G"],"score":1412,"play_id":"c45ea3df-9ef7-4778-aa3f-b0c319325e4a","local_time":"20201225135941","is_ascension_mode":true,"campfire_choices":[{"floor":6.0,"key":"REST"},{"data":"Hyperbeam","floor":13.0,"key":"SMITH"},{"data":"Noxious Fumes","floor":15.0,"key":"SMITH"},{"floor":23.0,"key":"REST"},{"data":"Wraith Form v2","floor":25,"key":"SMITH"},{"data":"Night Terror","floor":27,"key":"SMITH"},{"floor":32,"key":"DIG"},{"data":"Wraith Form v2","floor":40,"key":"SMITH"},{"floor":44,"key":"DIG"},{"floor":47,"key":"RECALL"},{"floor":49,"key":"DIG"}],"circlet_count":0,"master_deck":["AscendersBane","Strike_G","Strike_G","Defend_G","Defend_G","Defend_G","Defend_G","Survivor","Neutralize","Heel Hook","Venomology","Dagger Spray","Noxious Fumes+1","Hyperbeam+1","Sucker Punch","After Image","Blur","Quick Slash","Deadly Poison","Caltrops","Night Terror+1","Outmaneuver","Footwork","Dark Shackles","RitualDagger","Deflect","Wraith Form v2+1","Flechettes","Corpse Explosion","Caltrops","Wraith Form v2+1","Pray","Catalyst+1"],"relics":["Ring of the Snake","Bag of Marbles","Bag of Preparation","aspiration:HummingbirdHeart","Odd Mushroom","aspiration:Lifesprig","Dream Catcher","Runic Pyramid","Girya","Gambling Chip","MutagenicStrength","Red Mask","Shovel","aspiration:StickyExplosives_weak","aspiration:WatcherSkillbook","Mango","Matryoshka","Bottled Lightning","Omamori","Vajra","CaptainsWheel"],"acts_visited":["Exordium","TheCity","TheBeyond"],"potions_floor_usage":[29,30,31,33,36,41,50,51,51],"damage_taken":[{"damage":6.0,"enemies":"Jaw Worm","floor":1.0,"turns":5.0},{"damage":0.0,"enemies":"2 Louse","floor":2.0,"turns":3.0},{"damage":2.0,"enemies":"Small Slimes","floor":5.0,"turns":3.0},{"damage":6.0,"enemies":"Gremlin Nob","floor":7.0,"turns":3.0},{"damage":0.0,"enemies":"The Mushroom Lair","floor":10.0,"turns":1.0},{"damage":3.0,"enemies":"3 Sentries","floor":11.0,"turns":5.0},{"damage":0.0,"enemies":"3 Louse","floor":12.0,"turns":1.0},{"damage":10.0,"enemies":"Lagavulin","floor":14.0,"turns":4.0},{"damage":16.0,"enemies":"The Guardian","floor":16.0,"turns":9.0},{"damage":17.0,"enemies":"Spheric Guardian","floor":18.0,"turns":4.0},{"damage":2.0,"enemies":"Shell Parasite","floor":19.0,"turns":3.0},{"damage":1.0,"enemies":"3 Cultists","floor":20.0,"turns":3.0},{"damage":19,"enemies":"Book of Stabbing","floor":24,"turns":7},{"damage":1,"enemies":"Masked Bandits","floor":29,"turns":2},{"damage":9,"enemies":"Slavers","floor":30,"turns":4},{"damage":0,"enemies":"Snake Plant","floor":31,"turns":5},{"damage":27,"enemies":"Automaton","floor":33,"turns":12},{"damage":9,"enemies":"3 Darklings","floor":35,"turns":6},{"damage":0,"enemies":"Orb Walker","floor":36,"turns":4},{"damage":2,"enemies":"Nemesis","floor":41,"turns":11},{"damage":0,"enemies":"Jaw Worm Horde","floor":42,"turns":1},{"damage":13,"enemies":"Sphere and 2 Shapes","floor":45,"turns":6},{"damage":3,"enemies":"Transient","floor":46,"turns":6},{"damage":34,"enemies":"Time Eater","floor":50,"turns":12},{"damage":36,"enemies":"Awakened One","floor":51,"turns":18}],"seed_played":"-1344556879276461704","potions_obtained":[{"floor":2.0,"key":"SteroidPotion"},{"floor":14.0,"key":"Regen Potion"},{"floor":18.0,"key":"Energy Potion"},{"floor":29,"key":"CunningPotion"},{"floor":31,"key":"FairyPotion"},{"floor":35,"key":"Explosive Potion"},{"floor":42,"key":"DuplicationPotion"}],"is_trial":false,"path_per_floor":["M","M","?","?","M","R","E","$","T","?","E","M","R","E","R","B",null,"M","M","M","$","?","R","E","R","T","R","?","?","E","M","R","B",null,"M","M","?","$","T","R","E","M","T","R","M","M","R","?","R","B","B"],"character_chosen":"THE_SILENT","items_purchased":["Footwork","Dark Shackles","Mango"],"campfire_rested":2,"item_purchase_floors":[21,21,38],"current_hp_per_floor":[53,53,15,15,13,32,26,26,26,26,23,23,23,13,13,12,53,36,34,33,33,27,46,27,27,27,27,27,26,17,17,17,15,53,44,44,44,58,58,58,56,56,56,56,43,40,40,40,40,6,0,0],"gold":131,"neow_bonus":"TRANSFORM_TWO_CARDS","is_daily":false,"chose_seed":false,"campfire_upgraded":5,"win_rate":0.0,"timestamp":1608901181,"path_taken":["M","M","?","?","M","R","E","$","T","?","E","M","R","E","R","BOSS","M","M","M","$","?","R","E","R","T","R","?","?","E","M","R","BOSS","M","M","?","$","?","R","E","M","T","R","M","M","R","?","R","BOSS","BOSS"],"items_purchased_type":["Card","Card","Relic"],"build_version":"2020-12-22","purchased_purges":1,"victory":false,"max_hp_per_floor":[66,66,66,66,66,66,66,66,66,66,66,66,66,66,66,66,66,66,66,66,66,66,66,66,66,66,66,66,66,66,66,66,66,66,66,66,66,80,80,80,80,80,80,80,80,80,80,80,80,80,80,80],"relic_stats":{"Dream Catcher":1,"Shovel":3,"counters":[25,138],"Gambling Chip":[50],"Bag of Preparation":[42],"obtain_stats":[{"Girya":24,"aspiration:Lifesprig":11,"Vajra":44,"Mango":38,"Bag of Preparation":7,"aspiration:HummingbirdHeart":9,"Omamori":43,"Odd Mushroom":10,"aspiration:StickyExplosives_weak":32,"Dream Catcher":14,"CaptainsWheel":49,"Shovel":30,"Matryoshka":39,"Gambling Chip":26,"MutagenicStrength":28,"aspiration:WatcherSkillbook":34,"Bag of Marbles":3,"Red Mask":29,"Bottled Lightning":41,"Ring of the Snake":0,"Runic Pyramid":17},{"Girya":13,"aspiration:Lifesprig":6,"Vajra":21,"Mango":19,"Bag of Preparation":4,"aspiration:HummingbirdHeart":4,"Omamori":21,"Odd Mushroom":5,"aspiration:StickyExplosives_weak":16,"Dream Catcher":8,"CaptainsWheel":23,"Shovel":15,"Matryoshka":19,"Gambling Chip":13,"MutagenicStrength":13,"aspiration:WatcherSkillbook":17,"Bag of Marbles":2,"Red Mask":14,"Bottled Lightning":20,"Ring of the Snake":0,"Runic Pyramid":9},{"Girya":51,"aspiration:Lifesprig":20,"Vajra":96,"Mango":84,"Bag of Preparation":14,"aspiration:HummingbirdHeart":14,"Omamori":96,"Odd Mushroom":15,"aspiration:StickyExplosives_weak":62,"Dream Catcher":25,"CaptainsWheel":108,"Shovel":57,"Matryoshka":84,"Gambling Chip":51,"MutagenicStrength":51,"aspiration:WatcherSkillbook":74,"Bag of Marbles":8,"Red Mask":53,"Bottled Lightning":95,"Ring of the Snake":0,"Runic Pyramid":34}],"Ring of the Snake":[50]},"card_choices":[{"not_picked":["Choke","Flying Knee"],"picked":"Dagger Spray","floor":1.0},{"not_picked":["Leg Sweep","Bane"],"picked":"Noxious Fumes","floor":2.0},{"not_picked":["Accuracy","Expertise"],"picked":"Sucker Punch","floor":5.0},{"not_picked":["Dodge and Roll","Deadly Poison"],"picked":"After Image","floor":7.0},{"not_picked":["Cloak And Dagger","Terror"],"picked":"Blur","floor":10.0},{"not_picked":["Concentrate","Poisoned Stab"],"picked":"Quick Slash","floor":11.0},{"not_picked":["Eviscerate","Poisoned Stab"],"picked":"Deadly Poison","floor":12.0},{"not_picked":["Blade Dance","Masterful Stab"],"picked":"Caltrops","floor":14.0},{"not_picked":["Glass Knife","Doppelganger"],"picked":"Night Terror","floor":16.0},{"not_picked":["Masterful Stab","Bane","Crippling Poison"],"picked":"SKIP","floor":18.0},{"not_picked":["Sucker Punch","Poisoned Stab"],"picked":"Outmaneuver","floor":19.0},{"not_picked":["Cloak And Dagger","Dagger Throw","Backflip"],"picked":"SKIP","floor":20.0},{"not_picked":["Outmaneuver","Finisher"],"picked":"Deflect","floor":23.0},{"not_picked":["PiercingWail","Poisoned Stab"],"picked":"Wraith Form v2","floor":24},{"not_picked":["Dagger Throw","Poisoned Stab"],"picked":"Flechettes","floor":29},{"not_picked":["Reflex","Prepared"],"picked":"Corpse Explosion","floor":30},{"not_picked":["Reflex","Deadly Poison"],"picked":"Caltrops","floor":31},{"not_picked":["Adrenaline","aspiration:Lunge"],"picked":"Wraith Form v2","floor":33},{"not_picked":["Sanctity","Slice","FlyingSleeves","Deadly Poison"],"picked":"SKIP","floor":35},{"not_picked":["Halt","ThirdEye+1","Quick Slash","CutThroughFate"],"picked":"SKIP","floor":36},{"not_picked":["CutThroughFate","Heel Hook","FlyingSleeves","WheelKick"],"picked":"SKIP","floor":41},{"not_picked":["EmptyBody+1","WheelKick","Caltrops","Protect"],"picked":"SKIP","floor":42},{"not_picked":["All Out Attack","CutThroughFate","Conclude"],"picked":"Catalyst+1","floor":45},{"not_picked":["Backflip","Wish","Consecrate","Dash"],"picked":"SKIP","floor":46}],"player_experience":929062,"relics_obtained":[{"floor":7.0,"key":"Bag of Preparation"},{"floor":9.0,"key":"aspiration:HummingbirdHeart"},{"floor":10.0,"key":"Odd Mushroom"},{"floor":11.0,"key":"aspiration:Lifesprig"},{"floor":14.0,"key":"Dream Catcher"},{"floor":24,"key":"Girya"},{"floor":26,"key":"Gambling Chip"},{"floor":29,"key":"Red Mask"},{"floor":30,"key":"Shovel"},{"floor":32,"key":"aspiration:StickyExplosives_weak"},{"floor":39,"key":"Matryoshka"},{"floor":41,"key":"Bottled Lightning"},{"floor":43,"key":"Omamori"},{"floor":44,"key":"Vajra"},{"floor":49,"key":"CaptainsWheel"}],"event_choices":[{"damage_healed":0.0,"max_hp_gain":0.0,"max_hp_loss":0.0,"gold_gain":0.0,"event_name":"betterThird:BetterSerpent","player_choice":"Ignored","floor":4.0,"gold_loss":0.0,"damage_taken":25.0},{"damage_healed":0.0,"max_hp_gain":0.0,"max_hp_loss":0.0,"gold_gain":0.0,"event_name":"Mushrooms","player_choice":"Fought Mushrooms","floor":10.0,"gold_loss":0.0,"damage_taken":0.0},{"damage_healed":0.0,"max_hp_gain":0.0,"max_hp_loss":0.0,"gold_gain":0.0,"event_name":"betterThird:BetterNest","player_choice":"Dagger","floor":22.0,"gold_loss":0.0,"damage_taken":6.0,"cards_obtained":["RitualDagger"]},{"damage_healed":0,"gold_gain":0,"player_choice":"Inject Mutagens","damage_taken":0,"relics_obtained":["MutagenicStrength"],"max_hp_gain":0,"max_hp_loss":0,"event_name":"Drug Dealer","floor":28,"gold_loss":0},{"damage_healed":0,"gold_gain":0,"player_choice":"Fought Bandits","damage_taken":0,"max_hp_gain":0,"max_hp_loss":0,"event_name":"Masked Bandits","floor":29,"gold_loss":0},{"damage_healed":0,"gold_gain":0,"player_choice":"1 cards matched","damage_taken":0,"max_hp_gain":0,"max_hp_loss":0,"event_name":"Match and Keep!","floor":37,"gold_loss":0,"cards_obtained":["Pray"]},{"cards_removed":["Strike_G"],"damage_healed":0,"gold_gain":0,"player_choice":"Removed Attack","damage_taken":0,"max_hp_gain":0,"max_hp_loss":0,"event_name":"Falling","floor":48,"gold_loss":0}],"is_beta":false,"boss_relics":[{"not_picked":["Coffee Dripper","Tiny House"],"picked":"Runic Pyramid"},{"not_picked":["aspiration:SecretTechniqueScroll","Cursed Key"],"picked":"aspiration:WatcherSkillbook"}],"items_purged_floors":[8],"is_endless":false,"potions_floor_spawned":[2,10,11,12,14,18,24,29,31,35,36,42,45],"killed_by":"Awakened One","ascension_level":20}}