{"host":"12piqfhmdln9x2la","time":1608912522,"event":{"mods":["2.2 Compatiblity","AchievementEnabler","BaseMod","BetterRewards","Colored Powertips","Minty Spire (QoL Compilation)","Quick Restart","SuperFastMode"],"gold_per_floor":[115,135,18,31,31,57,68,68,68,18,18,18,47,60,60,160,160,173,173,173,173,190,222,255,16,16,49,68,103,103,115,115,214,214,229,75,89,89,89,122,122,154,154,154,154,186,186,202,202,202,202,202,15,42,42,42],"floor_reached":55,"playtime":1328,"items_purged":["Strike_R","Strike_R","Writhe","Defend_R"],"score":1022,"play_id":"e0922754-2c91-4f01-8c0b-69692681d6bc","local_time":"20201226010842","is_ascension_mode":true,"campfire_choices":[{"floor":8,"key":"RECALL"},{"data":"Apotheosis","floor":15,"key":"SMITH"},{"data":"Limit Break","floor":32,"key":"SMITH"},{"data":"Flash of Steel","floor":41,"key":"SMITH"},{"floor":45,"key":"REST"},{"floor":49,"key":"REST"},{"data":"Double Tap","floor":52,"key":"SMITH"}],"circlet_count":0,"master_deck":["Strike_R","Defend_R","Defend_R","Bash","Apotheosis+1","Flex","Immolate","Flash of Steel","Pommel Strike","Infernal Blade","Seeing Red","Bloodletting","Clash","Double Tap+1","CurseOfTheBell","Feed","Pommel Strike","Bludgeon","Limit Break+1","Heavy Blade","Feed","Flash of Steel+1","Inflame+1","Limit Break"],"relics":["Burning Blood","Membership Card","Ginger","Nunchaku","Juzu Bracelet","Pear","WarpedTongs","Spirit Poop","Calling Bell","Blood Vial","Singing Bowl","Pocketwatch","Bag of Marbles","Kunai","Nloth\u0027s Gift","WingedGreaves","HornCleat","MealTicket","HandDrill","Meat on the Bone","Lantern","Mercury Hourglass","SlaversCollar","Vajra","Shuriken","InkBottle","Bottled Lightning","Orichalcum","FossilizedHelix","Self Forming Clay"],"acts_visited":["Exordium","TheCity","TheBeyond","TheEnding"],"potions_floor_usage":[6,7,16,33,33,55,55,55],"damage_taken":[{"damage":15,"enemies":"Jaw Worm","floor":1,"turns":4},{"damage":16,"enemies":"Cultist","floor":2,"turns":4},{"damage":14,"enemies":"2 Louse","floor":4,"turns":2},{"damage":10,"enemies":"3 Sentries","floor":6,"turns":3},{"damage":8,"enemies":"Red Slaver","floor":7,"turns":3},{"damage":12,"enemies":"Gremlin Nob","floor":13,"turns":3},{"damage":0,"enemies":"Gremlin Gang","floor":14,"turns":1},{"damage":47,"enemies":"The Guardian","floor":16,"turns":8},{"damage":8,"enemies":"Chosen","floor":18,"turns":4},{"damage":0,"enemies":"2 Thieves","floor":22,"turns":1},{"damage":54,"enemies":"Slavers","floor":23,"turns":6},{"damage":62,"enemies":"Book of Stabbing","floor":24,"turns":5},{"damage":6,"enemies":"Gremlin Leader","floor":27,"turns":4},{"damage":3,"enemies":"Snecko","floor":28,"turns":3},{"damage":3,"enemies":"Book of Stabbing","floor":29,"turns":3},{"damage":21,"enemies":"Shelled Parasite and Fungi","floor":31,"turns":2},{"damage":30,"enemies":"Collector","floor":33,"turns":6},{"damage":16,"enemies":"3 Shapes","floor":35,"turns":2},{"damage":19,"enemies":"3 Darklings","floor":37,"turns":3},{"damage":16,"enemies":"Giant Head","floor":40,"turns":4},{"damage":48,"enemies":"Nemesis","floor":42,"turns":4},{"damage":4,"enemies":"Reptomancer","floor":46,"turns":2},{"damage":19,"enemies":"Transient","floor":48,"turns":5},{"damage":16,"enemies":"Awakened One","floor":50,"turns":4},{"damage":64,"enemies":"Shield and Spear","floor":54,"turns":4},{"damage":101,"enemies":"The Heart","floor":55,"turns":5}],"seed_played":"-6550854558787133305","potions_obtained":[{"floor":4,"key":"AttackPotion"},{"floor":6,"key":"Regen Potion"},{"floor":13,"key":"DistilledChaos"},{"floor":14,"key":"FairyPotion"},{"floor":16,"key":"Fire Potion"},{"floor":18,"key":"SpeedPotion"},{"floor":29,"key":"Fire Potion"},{"floor":30,"key":"AttackPotion"},{"floor":40,"key":"BloodPotion"},{"floor":54,"key":"Swift Potion"}],"is_trial":false,"path_per_floor":["M","M","$","M","?","E","M","R","T","?","?","?","E","M","R","B",null,"M","T","?","?","M","E","E","$","T","E","M","E","?","M","R","B",null,"M","$","M","?","?","E","R","E","T","?","R","E","T","M","R","B",null,"R","$","E","B"],"character_chosen":"IRONCLAD","items_purchased":["Membership Card","Apotheosis","Nunchaku","FairyPotion","Flash of Steel","Pommel Strike","MealTicket","HandDrill","Pommel Strike","Vajra","FossilizedHelix","Limit Break"],"campfire_rested":2,"item_purchase_floors":[0,0,0,0,3,3,25,25,25,36,53,53],"current_hp_per_floor":[35,25,25,17,17,13,20,20,30,30,30,30,24,30,30,17,90,90,90,90,90,94,48,22,22,22,36,59,64,64,63,63,53,102,101,111,100,100,100,98,98,70,70,66,103,109,109,100,129,119,129,129,129,73,0,0],"gold":42,"neow_bonus":"","is_daily":false,"chose_seed":false,"campfire_upgraded":4,"win_rate":0.0,"timestamp":1608912522,"path_taken":["M","M","$","M","?","E","M","R","T","?","?","?","E","M","R","BOSS","M","?","?","?","M","E","E","?","T","E","M","E","?","M","R","BOSS","M","$","M","?","?","E","R","E","T","?","R","E","?","M","R","BOSS","R","$","E","BOSS"],"items_purchased_type":["Relic","Card","Relic","Potion","Card","Card","Relic","Relic","Card","Relic","Relic","Card"],"build_version":"2020-12-22","purchased_purges":4,"victory":false,"max_hp_per_floor":[80,80,80,80,80,80,80,80,90,90,90,90,90,90,90,90,90,92,92,92,92,94,96,96,96,96,96,102,102,102,102,102,102,102,111,111,113,113,113,119,119,119,119,125,125,127,127,129,129,129,129,129,129,131,131,131],"card_choices":[{"not_picked":["Warcry","Perfected Strike"],"picked":"Flex","floor":1},{"not_picked":["Warcry","Body Slam"],"picked":"Immolate","floor":2},{"not_picked":["Body Slam","Pommel Strike"],"picked":"Infernal Blade","floor":4},{"not_picked":["Dark Embrace","Wild Strike","Battle Trance"],"picked":"SKIP","floor":6},{"not_picked":["Pummel","Disarm"],"picked":"Seeing Red","floor":7},{"not_picked":["Corruption","Armaments"],"picked":"Bloodletting","floor":13},{"not_picked":["True Grit","Warcry"],"picked":"Clash","floor":14},{"not_picked":["Corruption","Exhume"],"picked":"Double Tap","floor":16},{"not_picked":["Hemokinesis","Havoc","Carnage+1"],"picked":"Singing Bowl","floor":18},{"not_picked":["Warcry","Headbutt","Thunderclap+1"],"picked":"Singing Bowl","floor":22},{"not_picked":["Rupture","Berserk","Warcry"],"picked":"Singing Bowl","floor":23},{"not_picked":["Juggernaut","Carnage"],"picked":"Feed","floor":24},{"not_picked":["Anger","Feed"],"picked":"Bludgeon","floor":27},{"not_picked":["Brutality","Havoc","Sword Boomerang+1"],"picked":"Singing Bowl","floor":28},{"not_picked":["Battle Trance","Twin Strike+1"],"picked":"Limit Break","floor":29},{"not_picked":["Headbutt+1","Body Slam"],"picked":"Heavy Blade","floor":31},{"not_picked":["Bludgeon","Juggernaut"],"picked":"Feed","floor":33},{"not_picked":["Flex","Havoc+1","Pommel Strike"],"picked":"Singing Bowl","floor":35},{"not_picked":["Feel No Pain+1","Berserk","Rage+1"],"picked":"Singing Bowl","floor":37},{"not_picked":["Uppercut","Juggernaut","Pummel"],"picked":"Singing Bowl","floor":40},{"not_picked":["Clash","Seeing Red"],"picked":"Inflame+1","floor":42},{"not_picked":["HandOfGreed","The Bomb","Mayhem"],"picked":"Singing Bowl","floor":44},{"not_picked":["Purity","Mayhem","Discovery"],"picked":"Singing Bowl","floor":44},{"not_picked":["Madness","Purity","Enlightenment"],"picked":"Singing Bowl","floor":44},{"not_picked":["Dropkick","Bludgeon","Body Slam+1"],"picked":"Singing Bowl","floor":46},{"not_picked":["Warcry","Anger","Iron Wave+1"],"picked":"Singing Bowl","floor":48},{"not_picked":["Battle Trance+1","Reaper","Fiend Fire"],"picked":"Singing Bowl","floor":54}],"player_experience":121699,"relics_obtained":[{"floor":6,"key":"Juzu Bracelet"},{"floor":9,"key":"Pear"},{"floor":13,"key":"Dead Branch"},{"floor":17,"key":"Blood Vial"},{"floor":17,"key":"Singing Bowl"},{"floor":17,"key":"Pocketwatch"},{"floor":19,"key":"Bag of Marbles"},{"floor":23,"key":"WingedGreaves"},{"floor":24,"key":"HornCleat"},{"floor":26,"key":"Meat on the Bone"},{"floor":27,"key":"Lantern"},{"floor":29,"key":"Mercury Hourglass"},{"floor":40,"key":"Shuriken"},{"floor":42,"key":"InkBottle"},{"floor":43,"key":"Bottled Lightning"},{"floor":46,"key":"Orichalcum"},{"floor":54,"key":"Self Forming Clay"}],"event_choices":[{"cards_removed":["Defend_R"],"damage_healed":0,"gold_gain":0,"player_choice":"Purged","damage_taken":0,"max_hp_gain":0,"max_hp_loss":0,"event_name":"Purifier","floor":5,"gold_loss":0},{"cards_removed":["Strike_R"],"damage_healed":0,"gold_gain":0,"player_choice":"Card Removal","damage_taken":0,"max_hp_gain":0,"max_hp_loss":0,"event_name":"The Cleric","floor":10,"gold_loss":50},{"damage_healed":0,"gold_gain":0,"player_choice":"Rummage","damage_taken":0,"relics_obtained":["WarpedTongs"],"max_hp_gain":0,"max_hp_loss":0,"event_name":"Accursed Blacksmith","floor":11,"gold_loss":0,"cards_obtained":["Pain"]},{"cards_removed":["Pain"],"damage_healed":0,"gold_gain":0,"player_choice":"Offered Curse","damage_taken":0,"relics_obtained":["Spirit Poop"],"max_hp_gain":0,"max_hp_loss":0,"event_name":"Bonfire Elementals","floor":12,"gold_loss":0},{"damage_healed":0,"gold_gain":0,"player_choice":"Opened","damage_taken":0,"relics_obtained":["Kunai"],"max_hp_gain":0,"max_hp_loss":0,"event_name":"The Mausoleum","floor":20,"gold_loss":0,"cards_obtained":["Writhe"]},{"damage_healed":0,"gold_gain":0,"player_choice":"Traded Relic","damage_taken":0,"relics_obtained":["Nloth\u0027s Gift"],"max_hp_gain":0,"max_hp_loss":0,"event_name":"N\u0027loth","floor":21,"relics_lost":["Dead Branch"],"gold_loss":0},{"damage_healed":0,"gold_gain":0,"player_choice":"Got Potions","damage_taken":0,"max_hp_gain":0,"max_hp_loss":0,"event_name":"Lab","floor":30,"gold_loss":0},{"cards_removed":["Strike_R"],"damage_healed":0,"gold_gain":0,"player_choice":"Removed Attack","damage_taken":0,"max_hp_gain":0,"max_hp_loss":0,"event_name":"Falling","floor":38,"gold_loss":0},{"damage_healed":0,"gold_gain":0,"player_choice":"Copied","damage_taken":0,"max_hp_gain":0,"max_hp_loss":0,"event_name":"Duplicator","floor":39,"gold_loss":0,"cards_obtained":["Flash of Steel"]},{"damage_healed":0,"gold_gain":0,"player_choice":"Memory 3","damage_taken":10,"max_hp_gain":0,"max_hp_loss":0,"event_name":"SensoryStone","floor":44,"gold_loss":0}],"is_beta":false,"boss_relics":[{"not_picked":["Snecko Eye","Runic Cube"],"picked":"Calling Bell"},{"not_picked":["Tiny House","Fusion Hammer"],"picked":"SlaversCollar"}],"items_purged_floors":[0,3,25,36],"is_endless":false,"potions_floor_spawned":[4,6,13,14,16,18,23,29,31,40,54],"killed_by":"The Heart","ascension_level":2}}