{"host":"ggy1mjjy92c62u6a","time":1608909559,"event":{"mods":["10 clothes from DAL","BaseMod","LazyManMod","Minty Spire (QoL Compilation)","Quick Restart","Relic Stats","Shop Mod","Spicy Shops","StSLib","【人物mod】游戏王New YuGiOh mod","【功能Mod】混沌之环修复补丁","【遗物卡牌】REMEMod"],"gold_per_floor":[112,125,125,125,50,83,83,83,83,94,119,119,130,130,130,307,307,321,321,336,101,16,30,30,40,114,128,227,227,241,206,206,308,308,324,356,328,358,283,283,301,301,324,263,144,157,237,287,287,292],"floor_reached":51,"playtime":4425,"items_purged":["StoneGiant","GroundShake","GroundShake+1"],"score":841,"play_id":"1750f594-3ba2-4c89-a725-be25cdfd5cc0","local_time":"20201225231919","is_ascension_mode":false,"campfire_choices":[{"data":"StoneGiant","floor":7.0,"key":"PURGE"},{"data":"dwlrmod:VividHorrors","floor":15.0,"key":"PURGE"},{"data":"CooperationSpell","floor":29.0,"key":"PURGE"},{"floor":32.0,"key":"REST"},{"data":"SideSpell","floor":40.0,"key":"PURGE"},{"data":"Thinking Ahead","floor":49,"key":"PURGE"}],"circlet_count":0,"master_deck":["SuddenShock","WhiteDragon","DragonMage","DemoBook","DragonReflection+1","REME_WheelOfFate+1","DemoTeacher","LoliMage+1","RedEyeDragon+1","DragonOrigin","dwlrmod:Punpa+1","FleshShield","DemoExchange","DoubleDragon","DragonValley+1","Friendship","PetDragon+1","DragonTear","BookScan+1","DemoDragon+1","DragonTear+1","CaseMagic"],"relics":["Question Card","Thousand","REME_ComplimentaryCards","NeowsBlessing","dwlrmod:ProjectRecorder","Happy Flower","DALC_SIX","Blood Vial","Fusion Hammer","REME_PuzzleBoxRelic","MerchantsRug","InkBottle","Ancient Tea Set","Bottled Lightning","OrangePellets","Philosopher\u0027s Stone","Whetstone","Mummified Hand","REME_CardOfGreed","Frozen Egg 2","Orichalcum"],"acts_visited":["Exordium","TheCity","TheBeyond"],"potions_floor_usage":[48],"damage_taken":[{"damage":0.0,"enemies":"2 Louse","floor":1.0,"turns":1.0},{"damage":0.0,"enemies":"Small Slimes","floor":2.0,"turns":1.0},{"damage":0.0,"enemies":"Lagavulin","floor":6.0,"turns":4.0},{"damage":0.0,"enemies":"Jaw Worm","floor":10.0,"turns":3.0},{"damage":0.0,"enemies":"Gremlin Nob","floor":11.0,"turns":5.0},{"damage":0.0,"enemies":"3 Louse","floor":13.0,"turns":4.0},{"damage":0.0,"enemies":"Red Slaver","floor":14.0,"turns":3.0},{"damage":30.0,"enemies":"The Guardian","floor":16.0,"turns":10.0},{"damage":5.0,"enemies":"Chosen","floor":18.0,"turns":3.0},{"damage":0.0,"enemies":"Spheric Guardian","floor":20.0,"turns":3.0},{"damage":0.0,"enemies":"Snecko","floor":23.0,"turns":4.0},{"damage":0.0,"enemies":"Shelled Parasite and Fungi","floor":25.0,"turns":3.0},{"damage":0.0,"enemies":"Chosen and Byrds","floor":27.0,"turns":3.0},{"damage":0.0,"enemies":"3 Cultists","floor":28.0,"turns":4.0},{"damage":30.0,"enemies":"Snecko","floor":30.0,"turns":5.0},{"damage":0.0,"enemies":"Champ","floor":33.0,"turns":9.0},{"damage":10.0,"enemies":"3 Shapes","floor":35.0,"turns":3.0},{"damage":0.0,"enemies":"3 Darklings","floor":36.0,"turns":4.0},{"damage":0.0,"enemies":"Sphere and 2 Shapes","floor":38.0,"turns":2.0},{"damage":8.0,"enemies":"Writhing Mass","floor":41.0,"turns":3.0},{"damage":0.0,"enemies":"Spire Growth","floor":46.0,"turns":2.0},{"damage":0,"enemies":"Reptomancer","floor":47,"turns":3},{"damage":0,"enemies":"4 Shapes","floor":48,"turns":2},{"damage":33,"enemies":"Awakened One","floor":50,"turns":6}],"seed_played":"-8701904303770587607","potions_obtained":[{"floor":2.0,"key":"FairyPotion"},{"floor":6.0,"key":"DistilledChaos"},{"floor":14.0,"key":"Dexterity Potion"},{"floor":36.0,"key":"Block Potion"},{"floor":38.0,"key":"Weak Potion"},{"floor":46.0,"key":"REME_GoldPotion"},{"floor":48,"key":"FearPotion"}],"is_trial":false,"path_per_floor":["M","M","?","?","$","E","R","?","T","M","E","?","M","M","R","B",null,"M","?","M","$","?","M","R","M","T","M","M","R","M","$","R","B",null,"M","M","?","M","$","R","M","?","T","?","$","M","E","M","R","B",null],"character_chosen":"DragonServant","items_purchased":["MerchantsRug","CooperationSpell","OrangePellets","REME_CardOfGreed"],"campfire_rested":1,"item_purchase_floors":[21,21,31,45],"current_hp_per_floor":[60,60,48,41,41,42,42,47,47,48,33,33,33,33,33,3,33,28,28,31,31,31,33,33,33,33,33,33,33,3,3,12,15,33,23,33,33,33,33,33,25,25,25,25,25,29,31,33,33,15],"gold":292,"neow_bonus":"THREE_ENEMY_KILL","is_daily":false,"chose_seed":false,"campfire_upgraded":0,"win_rate":0.0,"timestamp":1608909559,"path_taken":["M","M","?","?","$","E","R","?","T","M","E","?","?","M","R","BOSS","M","?","M","$","?","M","R","M","T","M","M","R","M","$","R","BOSS","M","M","?","M","$","R","?","?","T","?","$","M","E","M","R","BOSS"],"items_purchased_type":["Relic","Card","Relic","Relic"],"build_version":"2020-12-22","purchased_purges":3,"victory":true,"max_hp_per_floor":[60,60,60,60,60,60,60,65,65,65,33,33,33,33,33,33,33,33,33,33,33,33,33,33,33,33,33,33,33,33,33,33,33,33,33,33,33,33,33,33,33,33,33,33,33,33,33,33,33,33],"relic_stats":{"Blood Vial":14,"OrangePellets":[4],"Happy Flower":[28],"counters":[24,90],"Mummified Hand":[2],"Whetstone":["LoliMage","RedEyeDragon"],"Orichalcum":[18],"Question Card":35,"obtain_stats":[{"MerchantsRug":21,"dwlrmod:ProjectRecorder":6,"NeowsBlessing":0,"Gremlin Horn":6,"Happy Flower":9,"Thousand":0,"DALC_SIX":11,"Whetstone":43,"Frozen Egg 2":47,"Orichalcum":48,"Question Card":0,"Ancient Tea Set":25,"MawBank":35,"Blood Vial":13,"OrangePellets":31,"Mummified Hand":44,"Philosopher\u0027s Stone":34,"Fusion Hammer":17,"Bottled Lightning":26,"REME_CardOfGreed":45,"REME_PuzzleBoxRelic":18,"InkBottle":22,"REME_ComplimentaryCards":0},{"MerchantsRug":10,"dwlrmod:ProjectRecorder":3,"NeowsBlessing":0,"Gremlin Horn":3,"Happy Flower":3,"Thousand":0,"DALC_SIX":5,"Whetstone":20,"Frozen Egg 2":22,"Orichalcum":23,"Question Card":0,"Ancient Tea Set":12,"MawBank":17,"Blood Vial":6,"OrangePellets":15,"Mummified Hand":20,"Philosopher\u0027s Stone":16,"Fusion Hammer":8,"Bottled Lightning":12,"REME_CardOfGreed":20,"REME_PuzzleBoxRelic":9,"InkBottle":10,"REME_ComplimentaryCards":0},{"MerchantsRug":37,"dwlrmod:ProjectRecorder":6,"NeowsBlessing":0,"Gremlin Horn":6,"Happy Flower":6,"Thousand":0,"DALC_SIX":14,"Whetstone":77,"Frozen Egg 2":82,"Orichalcum":83,"Question Card":0,"Ancient Tea Set":42,"MawBank":67,"Blood Vial":18,"OrangePellets":56,"Mummified Hand":77,"Philosopher\u0027s Stone":65,"Fusion Hammer":31,"Bottled Lightning":44,"REME_CardOfGreed":77,"REME_PuzzleBoxRelic":33,"InkBottle":37,"REME_ComplimentaryCards":0}],"InkBottle":[57]},"card_choices":[{"not_picked":["CooperationSpell","MagicAmplify","StoneGiant"],"picked":"DemoTeacher","floor":1.0},{"not_picked":["AntiMana","ChainBoob","TrapMaster"],"picked":"LoliMage","floor":2.0},{"not_picked":["DragonMage","MoonlightDragon","DragonReflection"],"picked":"RedEyeDragon","floor":6.0},{"not_picked":["TrapMaster","Forecast","DemoGhost"],"picked":"DragonOrigin","floor":10.0},{"not_picked":["dwlrmod:Lubberkin","dwlrmod:Awakening"],"picked":"dwlrmod:Punpa","floor":11.0},{"not_picked":["DemoTeacher","GatherUp","IceDragon"],"picked":"FleshShield","floor":11.0},{"not_picked":["dwlrmod:TheArena+2","dwlrmod:LunarEclipse"],"picked":"dwlrmod:VividHorrors","floor":13.0},{"not_picked":["IceDragon","RedEyeDragon","StoneGiant"],"picked":"DemoExchange","floor":13.0},{"not_picked":["DragonReflection","DarkDoor","DemoMage","AnotherSide"],"picked":"SKIP","floor":14.0},{"not_picked":["GodWarning","SideSpell","Blessing"],"picked":"DoubleDragon","floor":16.0},{"not_picked":["MoonlightDragon","CardExchange","CaseMagic"],"picked":"DragonValley+1","floor":18.0},{"not_picked":["DemoTeacher+1","EndlessPalace","DifficultSpell","DragonOrigin"],"picked":"SKIP","floor":20.0},{"not_picked":["AnotherSide","AntiMana","GatherUp","DemoMaster"],"picked":"SKIP","floor":23.0},{"not_picked":["MagicAmplify","DemoBook+1","MoonlightDragon"],"picked":"PetDragon+1","floor":24.0},{"not_picked":["LoliMage","MirrorAngel","Student+1","EndlessPalace+1"],"picked":"SKIP","floor":25.0},{"not_picked":["StoneGiant","TrapMaster","DemoExchange","DarkDoor"],"picked":"SKIP","floor":27.0},{"not_picked":["CardExchange","GatherUp+1","CooperationSpell"],"picked":"DragonTear","floor":28.0},{"not_picked":["ExpansiveShield+1","DragonOrigin","CaseMagic"],"picked":"BookScan+1","floor":30.0},{"not_picked":["DestroyDragon","WhiteDragon","DoubleDragon"],"picked":"DemoDragon","floor":33.0},{"not_picked":["EndlessPalace","CooperationSpell","DragonMage"],"picked":"DragonTear+1","floor":35.0},{"not_picked":["FleshShield","RedEyeDragon+1","WindDragon+1"],"picked":"SideSpell","floor":36.0},{"not_picked":["BookScan+1","LoliMage+1","CardExchange+1","DragonValley"],"picked":"SKIP","floor":38.0},{"not_picked":["MageKnight","DifficultSpell+1","ManaFloor+1"],"picked":"CaseMagic","floor":41.0},{"not_picked":["Good Instincts","Flash of Steel","Violence"],"picked":"Thinking Ahead","floor":42.0},{"not_picked":["MageKnight+1","Student+1","Friendship","StoneGiant"],"picked":"SKIP","floor":46.0},{"not_picked":["GatherUp+1","SuddenShock+1","BookScan+1","LoliMage"],"picked":"SKIP","floor":47},{"not_picked":["SoundFromHell","SideChaos","BlackMage+1","DemoMage"],"picked":"SKIP","floor":48}],"player_experience":41310,"relics_obtained":[{"floor":6.0,"key":"Gremlin Horn"},{"floor":6.0,"key":"dwlrmod:ProjectRecorder"},{"floor":9.0,"key":"Happy Flower"},{"floor":11.0,"key":"DALC_SIX"},{"floor":26.0,"key":"Bottled Lightning"},{"floor":43.0,"key":"Whetstone"},{"floor":47,"key":"Frozen Egg 2"}],"event_choices":[{"damage_healed":0.0,"max_hp_gain":0.0,"max_hp_loss":0.0,"gold_gain":0.0,"event_name":"Shining Light","player_choice":"Entered Light","floor":3.0,"gold_loss":0.0,"damage_taken":12.0,"cards_upgraded":["DragonReflection","GroundShake"]},{"cards_removed":["GroundShake"],"damage_healed":0.0,"max_hp_gain":0.0,"max_hp_loss":0.0,"gold_gain":0.0,"event_name":"Golden Wing","player_choice":"Card Removal","floor":4.0,"gold_loss":0.0,"damage_taken":7.0},{"damage_healed":0.0,"max_hp_gain":5.0,"max_hp_loss":0.0,"gold_gain":0.0,"event_name":"Big Fish","player_choice":"Donut","floor":8.0,"gold_loss":0.0,"damage_taken":0.0},{"damage_healed":0.0,"max_hp_gain":0.0,"max_hp_loss":0.0,"gold_gain":0.0,"event_name":"Accursed Blacksmith","player_choice":"Forge","floor":12.0,"gold_loss":0.0,"damage_taken":0.0,"cards_upgraded":["REME_WheelOfFate"]},{"damage_healed":0.0,"max_hp_gain":0.0,"max_hp_loss":0.0,"gold_gain":0.0,"event_name":"The Library","player_choice":"Read","floor":19.0,"gold_loss":0.0,"damage_taken":0.0,"cards_obtained":["Friendship"]},{"damage_healed":0.0,"max_hp_gain":0.0,"max_hp_loss":0.0,"gold_gain":0.0,"event_name":"Addict","player_choice":"Obtained Relic","floor":22.0,"gold_loss":85.0,"damage_taken":0.0,"relics_obtained":["InkBottle"]},{"damage_healed":0.0,"max_hp_gain":0.0,"max_hp_loss":0.0,"gold_gain":0.0,"event_name":"Designer","player_choice":"Upgrade","floor":37.0,"gold_loss":40.0,"damage_taken":0.0,"cards_upgraded":["DemoDragon"]},{"damage_healed":0.0,"max_hp_gain":0.0,"max_hp_loss":0.0,"gold_gain":0.0,"event_name":"SensoryStone","player_choice":"Memory 1","floor":42.0,"gold_loss":0.0,"damage_taken":0.0},{"damage_healed":0.0,"max_hp_gain":0.0,"max_hp_loss":0.0,"gold_gain":0.0,"event_name":"WeMeetAgain","player_choice":"Paid Gold","floor":44.0,"gold_loss":61.0,"damage_taken":0.0,"relics_obtained":["Mummified Hand"]}],"is_beta":false,"boss_relics":[{"not_picked":["SacredBark","Velvet Choker"],"picked":"Fusion Hammer"},{"not_picked":["Pandora\u0027s Box","Runic Dome"],"picked":"Philosopher\u0027s Stone"}],"items_purged_floors":[5,21,39],"is_endless":false,"potions_floor_spawned":[2,6,14,16,18,25,36,38,46,48],"ascension_level":0}}