{"host":"zig6x0mxqzam82fb","time":1608856059,"event":{"mods":["BaseMod","Block Reminder","Colored Map","Colored Powertips","Minty Spire (QoL Compilation)","Relic Stats"],"gold_per_floor":[14,14,39,4,17,50,50,81,81,97,97,112,151,226,226,354,354,338,437,452,36,36,36,77,77,104,147,147,147,147,190,190,309,309,330,393,393,245,578,613,613,309,336,366,381,381,235,21,21,21],"floor_reached":51,"playtime":4693,"items_purged":["Pain","Gash"],"score":1038,"play_id":"9b3324e2-8a59-4ef9-805c-546a62f83a19","local_time":"20201224192739","is_ascension_mode":true,"campfire_choices":[{"data":"Fusion","floor":7,"key":"SMITH"},{"floor":15,"key":"REST"},{"floor":23,"key":"REST"},{"floor":28,"key":"REST"},{"data":"Loop","floor":30,"key":"SMITH"},{"floor":32,"key":"REST"},{"floor":41,"key":"REST"},{"data":"Defragment","floor":46,"key":"SMITH"},{"floor":49,"key":"REST"}],"circlet_count":0,"master_deck":["Zap","Dualcast","Streamline+1","Leap","Fusion+1","Conserve Battery","Leap","Cold Snap+1","Conserve Battery+1","Echo Form","Electrodynamics","Chill+1","Master of Strategy+1","Hologram+1","Necronomicurse","Loop+1","Hologram+1","Reboot+1","Redo+1","Beam Cell","Lockon","Blizzard","Genetic Algorithm+1","Chill+1","Defragment+1","Blizzard+1","Coolheaded+1","Hello World","Rebound+1","Streamline+1","Defragment+1","Blizzard+1","Swift Strike+1"],"relics":["Cracked Core","Symbiotic Virus","Odd Mushroom","Toxic Egg 2","WarpedTongs","Calipers","Singing Bowl","Black Star","Necronomicon","Meat on the Bone","Bag of Preparation","Bronze Scales","Prayer Wheel","Pen Nib","Juzu Bracelet","TungstenRod","Pandora\u0027s Box","WingedGreaves","HandDrill","Molten Egg 2","Emotion Chip","Lantern","Omamori","Whetstone","DollysMirror"],"acts_visited":["Exordium","TheCity","TheBeyond"],"potions_floor_usage":[6,16,16,24,33,50],"damage_taken":[{"damage":7,"enemies":"Jaw Worm","floor":1,"turns":2},{"damage":3,"enemies":"2 Louse","floor":3,"turns":2},{"damage":0,"enemies":"Small Slimes","floor":5,"turns":2},{"damage":10,"enemies":"Gremlin Nob","floor":6,"turns":3},{"damage":9,"enemies":"The Mushroom Lair","floor":8,"turns":4},{"damage":7,"enemies":"2 Fungi Beasts","floor":10,"turns":4},{"damage":7,"enemies":"Exordium Thugs","floor":12,"turns":4},{"damage":10,"enemies":"Lagavulin","floor":13,"turns":6},{"damage":45,"enemies":"Hexaghost","floor":16,"turns":12},{"damage":24,"enemies":"2 Thieves","floor":18,"turns":4},{"damage":11,"enemies":"3 Byrds","floor":20,"turns":5},{"damage":12,"enemies":"Gremlin Leader","floor":24,"turns":7},{"damage":32,"enemies":"Slavers","floor":27,"turns":4},{"damage":39,"enemies":"Gremlin Leader","floor":31,"turns":8},{"damage":27,"enemies":"Champ","floor":33,"turns":11},{"damage":12,"enemies":"3 Darklings","floor":35,"turns":5},{"damage":0,"enemies":"Mind Bloom Boss Battle","floor":36,"turns":4},{"damage":46,"enemies":"Reptomancer","floor":40,"turns":9},{"damage":32,"enemies":"Giant Head","floor":44,"turns":10},{"damage":4,"enemies":"Orb Walker","floor":45,"turns":4},{"damage":54,"enemies":"Donu and Deca","floor":50,"turns":7}],"seed_played":"-696656398602850873","potions_obtained":[{"floor":5,"key":"DuplicationPotion"},{"floor":6,"key":"SmokeBomb"},{"floor":10,"key":"Regen Potion"},{"floor":12,"key":"FearPotion"},{"floor":20,"key":"Block Potion"},{"floor":24,"key":"FairyPotion"},{"floor":33,"key":"GamblersBrew"},{"floor":35,"key":"Strength Potion"}],"is_trial":false,"path_per_floor":["M","?","M","?","M","E","R","?","T","M","?","M","E","T","R","B",null,"M","?","M","$","?","R","E","?","T","E","R","?","R","E","R","B",null,"M","?","?","$","?","E","R","$","T","E","M","R","$","$","R","B",null],"character_chosen":"DEFECT","items_purchased":["Master of Strategy+1","Hologram+1","CultistPotion","HandDrill","Defragment","Blizzard+1","Coolheaded+1","DollysMirror","Blizzard+1","Swift Strike+1","Fire Potion"],"campfire_rested":6,"item_purchase_floors":[21,21,21,38,42,42,42,47,48,48,48],"current_hp_per_floor":[61,61,58,75,75,65,65,56,56,49,49,42,32,32,54,24,62,38,38,29,29,13,36,24,49,49,31,54,54,54,27,50,35,68,58,60,60,60,60,28,53,53,53,33,41,41,41,41,66,24],"gold":21,"neow_bonus":"REMOVE_TWO","is_daily":false,"chose_seed":false,"campfire_upgraded":3,"win_rate":0.0,"timestamp":1608856059,"path_taken":["M","?","M","?","M","E","R","?","T","M","?","?","E","?","R","BOSS","M","?","M","$","?","R","E","?","T","E","R","?","R","E","R","BOSS","M","?","?","$","?","E","R","$","T","E","M","R","?","$","R","BOSS"],"items_purchased_type":["Card","Card","Potion","Relic","Card","Card","Card","Relic","Card","Card","Potion"],"build_version":"2020-12-22","purchased_purges":2,"victory":true,"max_hp_per_floor":[75,75,75,75,75,75,75,75,75,75,75,75,75,75,75,75,75,75,75,77,77,77,77,77,77,77,79,79,79,79,79,79,79,79,81,83,83,83,83,85,85,85,85,85,85,85,85,85,85,85],"relic_stats":{"Singing Bowl":10,"counters":[21,117],"Pen Nib":[10],"Bag of Preparation":[18],"Juzu Bracelet":1,"Whetstone":["Streamline","Cold Snap"],"WarpedTongs":[96],"Emotion Chip":[24,10,12,1,1],"Bronze Scales":[166],"Prayer Wheel":2,"Pandora\u0027s Box":["Redo","Beam Cell","Lockon","Blizzard","Gash","Genetic Algorithm"],"Black Star":5,"Necronomicon":[8],"HandDrill":[8],"obtain_stats":[{"Lantern":43,"Calipers":13,"Singing Bowl":14,"Bag of Preparation":24,"Juzu Bracelet":31,"Whetstone":44,"Emotion Chip":40,"DollysMirror":47,"Prayer Wheel":27,"WingedGreaves":36,"Necronomicon":22,"HandDrill":38,"Toxic Egg 2":9,"Cracked Core":0,"Golden Idol":2,"Pen Nib":27,"Omamori":44,"Odd Mushroom":8,"WarpedTongs":11,"Bronze Scales":26,"Pandora\u0027s Box":34,"Molten Egg 2":40,"Black Star":17,"Symbiotic Virus":6,"TungstenRod":31,"Meat on the Bone":24},{"Lantern":18,"Calipers":8,"Singing Bowl":8,"Bag of Preparation":12,"Juzu Bracelet":14,"Whetstone":19,"Emotion Chip":18,"DollysMirror":20,"Prayer Wheel":13,"WingedGreaves":17,"Necronomicon":11,"HandDrill":17,"Toxic Egg 2":5,"Cracked Core":0,"Golden Idol":1,"Pen Nib":13,"Omamori":19,"Odd Mushroom":5,"WarpedTongs":6,"Bronze Scales":12,"Pandora\u0027s Box":15,"Molten Egg 2":18,"Black Star":9,"Symbiotic Virus":4,"TungstenRod":14,"Meat on the Bone":12},{"Lantern":96,"Calipers":27,"Singing Bowl":27,"Bag of Preparation":55,"Juzu Bracelet":67,"Whetstone":106,"Emotion Chip":96,"DollysMirror":110,"Prayer Wheel":59,"WingedGreaves":87,"Necronomicon":48,"HandDrill":87,"Toxic Egg 2":13,"Cracked Core":0,"Golden Idol":2,"Pen Nib":59,"Omamori":106,"Odd Mushroom":13,"WarpedTongs":17,"Bronze Scales":55,"Pandora\u0027s Box":78,"Molten Egg 2":96,"Black Star":39,"Symbiotic Virus":9,"TungstenRod":67,"Meat on the Bone":55}],"TungstenRod":19,"Meat on the Bone":84},"card_choices":[{"not_picked":["Rebound","Steam"],"picked":"Streamline","floor":1},{"not_picked":["Genetic Algorithm","Compile Driver"],"picked":"Leap","floor":3},{"not_picked":["Sweeping Beam","Melter"],"picked":"Fusion","floor":5},{"not_picked":["Sweeping Beam","Chaos"],"picked":"Conserve Battery","floor":6},{"not_picked":["Auto Shields","Sweeping Beam"],"picked":"Leap","floor":8},{"not_picked":["Barrage","Beam Cell"],"picked":"Cold Snap","floor":10},{"not_picked":["Reprogram+1","Genetic Algorithm+1"],"picked":"Conserve Battery+1","floor":12},{"not_picked":["Coolheaded+1","Cold Snap"],"picked":"Echo Form","floor":13},{"not_picked":["Rainbow+1","Hyperbeam"],"picked":"Electrodynamics","floor":16},{"not_picked":["Go for the Eyes","Coolheaded+1"],"picked":"Chill+1","floor":18},{"not_picked":["Doom and Gloom","Beam Cell","Chaos+1"],"picked":"Singing Bowl","floor":20},{"not_picked":["Turbo+1","Recycle+1"],"picked":"Loop","floor":24},{"not_picked":["Gash","Reinforced Body+1","Cold Snap"],"picked":"Singing Bowl","floor":27},{"not_picked":["Core Surge","Leap+1"],"picked":"Hologram+1","floor":31},{"not_picked":["Electrodynamics","Hyperbeam"],"picked":"Reboot+1","floor":33},{"not_picked":["Undo+1","Lockon+1","Genetic Algorithm+1"],"picked":"Singing Bowl","floor":35},{"not_picked":["Beam Cell","Steam+1"],"picked":"Chill+1","floor":35},{"not_picked":["Undo+1","FTL+1","Stack+1"],"picked":"Singing Bowl","floor":36},{"not_picked":["Electrodynamics","Undo+1","Stack+1"],"picked":"Singing Bowl","floor":40},{"not_picked":["Sunder+1","Beam Cell+1"],"picked":"Hello World","floor":44},{"not_picked":["Beam Cell+1","Turbo+1"],"picked":"Rebound+1","floor":45},{"not_picked":["Gash+1","Barrage+1"],"picked":"Streamline+1","floor":45}],"player_experience":312172,"relics_obtained":[{"floor":6,"key":"Symbiotic Virus"},{"floor":8,"key":"Odd Mushroom"},{"floor":9,"key":"Toxic Egg 2"},{"floor":13,"key":"Calipers"},{"floor":14,"key":"Singing Bowl"},{"floor":22,"key":"Necronomicon"},{"floor":24,"key":"Meat on the Bone"},{"floor":24,"key":"Bag of Preparation"},{"floor":26,"key":"Bronze Scales"},{"floor":27,"key":"Prayer Wheel"},{"floor":27,"key":"Pen Nib"},{"floor":31,"key":"Juzu Bracelet"},{"floor":31,"key":"TungstenRod"},{"floor":36,"key":"WingedGreaves"},{"floor":40,"key":"Molten Egg 2"},{"floor":40,"key":"Emotion Chip"},{"floor":43,"key":"Lantern"},{"floor":44,"key":"Omamori"},{"floor":44,"key":"Whetstone"}],"event_choices":[{"damage_healed":0,"gold_gain":0,"player_choice":"Take Wound","damage_taken":0,"relics_obtained":["Golden Idol"],"max_hp_gain":0,"max_hp_loss":0,"event_name":"Golden Idol","floor":2,"gold_loss":0,"cards_obtained":["Injury"]},{"damage_healed":18,"gold_gain":0,"player_choice":"Healed","damage_taken":0,"max_hp_gain":0,"max_hp_loss":0,"event_name":"The Cleric","floor":4,"gold_loss":35},{"damage_healed":0,"gold_gain":0,"player_choice":"Fought Mushrooms","damage_taken":0,"max_hp_gain":0,"max_hp_loss":0,"event_name":"Mushrooms","floor":8,"gold_loss":0},{"damage_healed":0,"gold_gain":0,"player_choice":"Rummage","damage_taken":0,"relics_obtained":["WarpedTongs"],"max_hp_gain":0,"max_hp_loss":0,"event_name":"Accursed Blacksmith","floor":11,"gold_loss":0,"cards_obtained":["Pain"]},{"damage_healed":0,"gold_gain":99,"player_choice":"Stole From Cult","damage_taken":0,"max_hp_gain":0,"max_hp_loss":0,"event_name":"Nest","floor":19,"gold_loss":0},{"damage_healed":0,"gold_gain":0,"player_choice":"Obtained Book","damage_taken":16,"max_hp_gain":0,"max_hp_loss":0,"event_name":"Cursed Tome","floor":22,"gold_loss":0},{"damage_healed":25,"gold_gain":0,"player_choice":"Heal","damage_taken":0,"max_hp_gain":0,"max_hp_loss":0,"event_name":"The Library","floor":25,"gold_loss":0},{"cards_removed":["Injury"],"damage_healed":0,"gold_gain":0,"player_choice":"Removed Curses","damage_taken":0,"max_hp_gain":0,"max_hp_loss":0,"event_name":"Fountain of Cleansing","floor":29,"gold_loss":0},{"damage_healed":0,"gold_gain":0,"player_choice":"Fight","damage_taken":0,"max_hp_gain":0,"max_hp_loss":0,"event_name":"MindBloom","floor":36,"gold_loss":0},{"damage_healed":0,"gold_gain":0,"player_choice":"Ignored","damage_taken":0,"max_hp_gain":0,"max_hp_loss":0,"event_name":"Tomb of Lord Red Mask","floor":37,"gold_loss":0},{"damage_healed":0,"gold_gain":333,"player_choice":"Gave Idol","damage_taken":0,"max_hp_gain":0,"max_hp_loss":0,"event_name":"The Moai Head","floor":39,"relics_lost":["Golden Idol"],"gold_loss":0}],"is_beta":false,"boss_relics":[{"not_picked":["Philosopher\u0027s Stone","Ectoplasm"],"picked":"Black Star"},{"not_picked":["Coffee Dripper","Nuclear Battery"],"picked":"Pandora\u0027s Box"}],"items_purged_floors":[21,42],"is_endless":false,"potions_floor_spawned":[5,6,10,12,20,24,33,35,36,44],"ascension_level":7}}