{"host":"74dd5wft8qrvuqwb","time":1608932683,"event":{"mods":["2.2 Compatiblity","Act Like it!","Ascension Reborn","Aspiration","BaseMod","Better Altar","Better Skull","Better Third Choice","Block Reminder","CapriCore","Colored Powertips","DeckTracker","Elementarium","Gensokyo","Hallownest","Hermit","Hubris","Infinite Spire","Marisa????????","Minty Spire (QoL Compilation)","Quick Restart","READ ME - Guardian Mod","Rare Cards Sparkle","Relic Stats","StSLib","The Bug Knight","The Cursed","The Disciple","The Elementalist","The Exalted","The Immortal","The Mystic","The Necromancer","The Runesmith","The Servant 0.9.4"],"gold_per_floor":[114,124,139,158,169,169,204,204,204,204,214,214,214,234,234,334,334,348,364,292,308,319,319,344,344,369,386,386,386],"floor_reached":28,"playtime":1386,"items_purged":[],"score":269,"play_id":"ee0705cb-2959-4f53-a5ed-f28963c9e943","local_time":"20201225224443","is_ascension_mode":true,"campfire_choices":[{"data":"TheCursedMod:UltimatePain","floor":6,"key":"SMITH"},{"floor":10,"key":"REST"},{"data":"TheCursedMod:SpreadPlague","floor":12,"key":"SMITH"},{"floor":15,"key":"REST"},{"floor":23,"key":"REST"},{"floor":25,"key":"REST"}],"circlet_count":0,"master_deck":["TheCursedMod:Strike_TheCursed","TheCursedMod:Strike_TheCursed","TheCursedMod:Strike_TheCursed","TheCursedMod:Defend_TheCursed","TheCursedMod:Defend_TheCursed","TheCursedMod:Defend_TheCursed","TheCursedMod:Defend_TheCursed","TheCursedMod:CursedWand","TheCursedMod:CleanUpWorkshop","TheCursedMod:Dregs","TheCursedMod:UltimatePain+1","TheCursedMod:StingEye","TheCursedMod:Torture","TheCursedMod:Torture","TheCursedMod:CursedArmor","TheCursedMod:CircleOfBlood","TheCursedMod:AntiAging","TheCursedMod:SpreadPlague+1","TheCursedMod:SoulCrush","TheCursedMod:AntiAging","TheCursedMod:EmpowerCircles","TheCursedMod:SaltUponWound","TheCursedMod:Hemoplague","TheCursedMod:CircleOfBlood+1","TheCursedMod:Grudge+1","TheCursedMod:WearCloak","TheCursedMod:DemonSword"],"relics":["TheCursedMod:BlackMagicAdvanced","TheCursedMod:CrystalBall","hubris:Towel","Bromod:ArcaneDeflection","TheCursedMod:BloodyHarpoon","Lantern"],"acts_visited":["Exordium","TheCity"],"potions_floor_usage":[14,14,14,22,24],"damage_taken":[{"damage":10,"enemies":"Cultist","floor":1,"turns":4},{"damage":0,"enemies":"2 Louse","floor":2,"turns":2},{"damage":0,"enemies":"Small Slimes","floor":3,"turns":3},{"damage":0,"enemies":"Exordium Thugs","floor":4,"turns":4},{"damage":3,"enemies":"Red Slaver","floor":5,"turns":4},{"damage":17,"enemies":"Lagavulin","floor":7,"turns":8},{"damage":2,"enemies":"Blue Slaver","floor":11,"turns":4},{"damage":25,"enemies":"Gremlin Gang","floor":14,"turns":4},{"damage":45,"enemies":"Hexaghost","floor":16,"turns":7},{"damage":6,"enemies":"Chosen","floor":18,"turns":6},{"damage":5,"enemies":"3 Byrds","floor":19,"turns":2},{"damage":6,"enemies":"Snecko","floor":21,"turns":3},{"damage":31,"enemies":"Shelled Parasite and Fungi","floor":22,"turns":6},{"damage":43,"enemies":"Slavers","floor":24,"turns":5},{"damage":8,"enemies":"Snake Plant","floor":27,"turns":3},{"damage":65,"enemies":"Gremlin Leader","floor":28,"turns":4}],"seed_played":"-1331332088602759885","potions_obtained":[{"floor":1,"key":"Strength Potion"},{"floor":7,"key":"EntropicBrew"},{"floor":18,"key":"SmokeBomb"},{"floor":21,"key":"Fruit Juice"},{"floor":22,"key":"LiquidBronze"},{"floor":24,"key":"SmokeBomb"}],"is_trial":false,"path_per_floor":["M","M","M","M","M","R","E","?","T","R","M","R","?","M","R","B",null,"M","M","$","M","M","R","E","R","T","M","E"],"character_chosen":"THE_CURSED","items_purchased":["TheCursedMod:Hemoplague"],"campfire_rested":4,"item_purchase_floors":[20],"current_hp_per_floor":[65,65,65,65,62,62,47,47,47,69,69,69,62,39,62,25,79,75,70,70,66,44,70,33,59,59,57,0,0],"gold":386,"neow_bonus":"ONE_RANDOM_RARE_CARD","is_daily":false,"chose_seed":false,"campfire_upgraded":2,"win_rate":0.0,"timestamp":1608932683,"path_taken":["M","M","M","M","M","R","E","?","T","R","M","R","?","M","R","BOSS","M","M","$","M","M","R","E","R","T","M","E"],"items_purchased_type":["Card"],"build_version":"2020-12-22","purchased_purges":0,"victory":false,"max_hp_per_floor":[75,75,75,75,75,75,75,75,75,75,77,77,77,77,77,79,79,81,81,81,83,88,88,88,88,88,90,90,90],"relic_stats":{"counters":[16,69],"obtain_stats":[{"TheCursedMod:BloodyHarpoon":24,"TheCursedMod:BlackMagic101":0,"Lantern":26,"TheCursedMod:BlackMagicAdvanced":17,"Bromod:ArcaneDeflection":9,"TheCursedMod:CrystalBall":7,"hubris:Towel":8},{"TheCursedMod:BloodyHarpoon":14,"TheCursedMod:BlackMagic101":0,"Lantern":14,"TheCursedMod:BlackMagicAdvanced":9,"Bromod:ArcaneDeflection":6,"TheCursedMod:CrystalBall":6,"hubris:Towel":6},{"TheCursedMod:BloodyHarpoon":62,"TheCursedMod:BlackMagic101":0,"Lantern":62,"TheCursedMod:BlackMagicAdvanced":40,"Bromod:ArcaneDeflection":25,"TheCursedMod:CrystalBall":25,"hubris:Towel":25}]},"card_choices":[{"not_picked":["TheCursedMod:DoubleShield","TheCursedMod:Stretching"],"picked":"TheCursedMod:StingEye","floor":1},{"not_picked":["TheCursedMod:VitalStrike","TheCursedMod:BloodBarrier"],"picked":"TheCursedMod:Torture","floor":2},{"not_picked":["TheCursedMod:Obscuration","TheCursedMod:Stretching"],"picked":"TheCursedMod:Torture","floor":3},{"not_picked":["TheCursedMod:TacticalStrike","TheCursedMod:CursedAmulet"],"picked":"TheCursedMod:CursedArmor","floor":4},{"not_picked":["TheCursedMod:ManaBullet","TheCursedMod:VitalStrike"],"picked":"TheCursedMod:CircleOfBlood","floor":5},{"not_picked":["TheCursedMod:ManaBullet","TheCursedMod:VitalStrike"],"picked":"TheCursedMod:AntiAging","floor":7},{"not_picked":["TheCursedMod:Obscuration","TheCursedMod:SoulCrush"],"picked":"TheCursedMod:SpreadPlague","floor":11},{"not_picked":["TheCursedMod:RavingStaff","TheCursedMod:Stigma"],"picked":"TheCursedMod:SoulCrush","floor":14},{"not_picked":["TheCursedMod:ForbiddenAlchemy","TheCursedMod:UltimatePain"],"picked":"TheCursedMod:AntiAging","floor":16},{"not_picked":["TheCursedMod:VitalStrike","TheCursedMod:CursedSpellbook"],"picked":"TheCursedMod:EmpowerCircles","floor":18},{"not_picked":["TheCursedMod:TacticalStrike+1","TheCursedMod:SoulCrush+1"],"picked":"TheCursedMod:SaltUponWound","floor":19},{"not_picked":["TheCursedMod:SmokeScreen+1","TheCursedMod:RapidMovement+1"],"picked":"TheCursedMod:CircleOfBlood+1","floor":21},{"not_picked":["TheCursedMod:SpitefulPlan+1","TheCursedMod:SmokeScreen"],"picked":"TheCursedMod:Grudge+1","floor":22},{"not_picked":["TheCursedMod:Obscuration","TheCursedMod:Torture"],"picked":"TheCursedMod:WearCloak","floor":24},{"not_picked":["TheCursedMod:Wield","TheCursedMod:RavingStaff"],"picked":"TheCursedMod:DemonSword","floor":27}],"player_experience":428649,"relics_obtained":[{"floor":7,"key":"TheCursedMod:CrystalBall"},{"floor":9,"key":"Bromod:ArcaneDeflection"},{"floor":24,"key":"TheCursedMod:BloodyHarpoon"},{"floor":26,"key":"Lantern"}],"event_choices":[{"cards_removed":["TheCursedMod:Strike_TheCursed"],"damage_healed":0,"gold_gain":0,"player_choice":"Card Removal","damage_taken":7,"max_hp_gain":0,"max_hp_loss":0,"event_name":"Golden Wing","floor":13,"gold_loss":0}],"is_beta":false,"boss_relics":[{"not_picked":["TheCursedMod:OminousMark","infinitespire:Cupcake"],"picked":"TheCursedMod:BlackMagicAdvanced"}],"items_purged_floors":[],"is_endless":false,"potions_floor_spawned":[1,7,11,18,21,22,24],"killed_by":"Gremlin Leader","ascension_level":0}}