{"host":"zm2copjc1o2b6hjv","time":1608940182,"event":{"mods":["AchievementEnabler","BaseMod","BetterRewards","Conspire","Downfall","Friendly Minions","Infinite Spire","Minty Spire (QoL Compilation)","Replay The Spire","StSLib"],"gold_per_floor":[113,132,132,132,132,162,182,182,237,237,247,280,280,280,280,280,280],"floor_reached":16,"playtime":423,"items_purged":[],"score":153,"play_id":"f85a97fe-9e65-4c1e-ba07-3ac01b8db12e","local_time":"20201225184942","is_ascension_mode":true,"campfire_choices":[{"floor":8,"key":"REST"},{"data":"Zap","floor":10,"key":"SMITH"},{"floor":13,"key":"REST"},{"data":"Turbo","floor":15,"key":"SMITH"}],"circlet_count":0,"master_deck":["Strike_B","Strike_B+1","Strike_B","Strike_B","Defend_B","Defend_B","Defend_B","Defend_B","Zap+1","Dualcast+1","FIFO Queue+1","Turbo+1","Conserve Battery","Storm","Turbo","Seek"],"relics":["Cracked Core","NeowsBlessing","infinitespire:Freezer","Dream Catcher","Orichalcum","conspire:DecoderRing","Ancient Tea Set"],"acts_visited":["Exordium"],"potions_floor_usage":[12,12],"damage_taken":[{"damage":0,"enemies":"Small Slimes","floor":1,"turns":1},{"damage":0,"enemies":"2 Louse","floor":2,"turns":1},{"damage":0,"enemies":"Lagavulin","floor":6,"turns":1},{"damage":0,"enemies":"Cultist","floor":7,"turns":5},{"damage":1,"enemies":"Exordium Thugs","floor":11,"turns":4},{"damage":24,"enemies":"Gremlin Nob","floor":12,"turns":5},{"damage":76,"enemies":"Hexaghost","floor":16,"turns":14}],"seed_played":"-8746117508062897112","potions_obtained":[{"floor":6,"key":"BlessingOfTheForge"},{"floor":7,"key":"FearPotion"}],"is_trial":false,"path_per_floor":["M","M","?","?","?","E","M","R","T","R","M","E","R","?","R","B"],"character_chosen":"DEFECT","items_purchased":[],"campfire_rested":2,"item_purchase_floors":[],"current_hp_per_floor":[75,75,75,75,60,60,60,75,75,75,74,50,72,69,69,0,0],"gold":280,"neow_bonus":"THREE_ENEMY_KILL","is_daily":false,"chose_seed":false,"campfire_upgraded":2,"win_rate":0.0,"timestamp":1608940182,"path_taken":["M","M","?","?","?","E","M","R","T","R","M","E","R","?","R","BOSS"],"items_purchased_type":[],"build_version":"2020-12-22","purchased_purges":0,"victory":false,"max_hp_per_floor":[75,75,75,75,75,75,75,75,75,75,75,75,75,75,75,75,75],"card_choices":[{"not_picked":["Rebound","Hello World"],"picked":"FIFO Queue","floor":1},{"not_picked":["Compile Driver","Stack"],"picked":"Turbo","floor":2},{"not_picked":["Turbo","Cold Snap"],"picked":"Conserve Battery","floor":6},{"not_picked":["Coolheaded","Genetic Algorithm"],"picked":"Storm","floor":7},{"not_picked":["Rebound","Redo"],"picked":"Turbo","floor":8},{"not_picked":["Hologram","Streamline","Coolheaded"],"picked":"SKIP","floor":11},{"not_picked":["Darkness","Consume"],"picked":"Seek","floor":12}],"player_experience":183147,"relics_obtained":[{"floor":3,"key":"infinitespire:Freezer"},{"floor":6,"key":"Dream Catcher"},{"floor":9,"key":"Orichalcum"},{"floor":12,"key":"conspire:DecoderRing"}],"event_choices":[{"damage_healed":0,"gold_gain":0,"player_choice":"Grow","damage_taken":0,"max_hp_gain":0,"max_hp_loss":0,"event_name":"Living Wall","floor":4,"gold_loss":0,"cards_upgraded":["FIFO Queue"]},{"damage_healed":0,"gold_gain":0,"player_choice":"Entered Light","damage_taken":15,"max_hp_gain":0,"max_hp_loss":0,"event_name":"Shining Light","floor":5,"gold_loss":0,"cards_upgraded":["Dualcast","Strike_B"]},{"damage_healed":0,"gold_gain":0,"player_choice":"Success","damage_taken":3,"relics_obtained":["Ancient Tea Set"],"max_hp_gain":0,"max_hp_loss":0,"event_name":"Scrap Ooze","floor":14,"gold_loss":0}],"is_beta":false,"boss_relics":[],"items_purged_floors":[],"is_endless":false,"potions_floor_spawned":[6,7],"killed_by":"Hexaghost","ascension_level":3}}