{"host":"htqwg582tjjtn9p7","time":1608870806,"event":{"mods":["2.2 Compatiblity","AchievementEnabler","Act Like it!","Aspiration","BaseMod","Better Third Choice","Colored Map","Conspire","Curses Come First","Displayed Cursed Tome","Energized Spire","Force Act Four","GifTheSpireLib","Hermit","Highlight Path","JesterMod","Mad Scientist","Minty Spire (QoL Compilation)","Pale of the Ancients","Permanent Neow","Random Character Button","Relic Stats","Replay The Spire","Robot Space Explorer","Somnambulant","Spicy Shops","Spikes Relics","StSLib","Stuff the Spire","The Blue Laboratory","The Disciple","The Dragon Tamer","The Forsaken","The Gatherer","The Judge","The Jungle","The Marked","The Runesmith","The Servant 0.9.4"],"gold_per_floor":[111,37,37,49,67,99,54,79,104,104,104],"floor_reached":10,"playtime":357,"items_purged":[],"score":133,"play_id":"9e6f6d9e-d965-4512-9e99-8dd23f4bab2d","local_time":"20201225053326","is_ascension_mode":true,"campfire_choices":[],"circlet_count":0,"master_deck":["AscendersBane","Strike_R","Strike_R","Strike_R","Strike_R","Strike_R","Defend_R","Defend_R","Defend_R+1","Defend_R","Bash","Perfected Strike","StuffTheSpire:Resist","StuffTheSpire:Slingshot","Armaments+1","Corruption","Shrug It Off"],"relics":["Electric Blood","FaceOfCleric","War Paint","StuffTheSpire:HeavyRock","Tiny Chest"],"acts_visited":["Exordium"],"potions_floor_usage":[6],"damage_taken":[{"damage":9,"enemies":"2 Louse","floor":1,"turns":4},{"damage":5,"enemies":"Cultist","floor":4,"turns":3},{"damage":0,"enemies":"Small Slimes","floor":5,"turns":3},{"damage":16,"enemies":"Replay:BlueRogue","floor":6,"turns":7},{"damage":35,"enemies":"3 Sentries","floor":8,"turns":12},{"damage":0,"enemies":"Lagavulin","floor":10,"turns":1}],"seed_played":"-2166727054796504736","potions_obtained":[{"floor":5,"key":"Weak Potion"},{"floor":6,"key":"Doom Potion"}],"is_trial":false,"path_per_floor":["M","$","?","M","M","E","?","E","T","E"],"character_chosen":"IRONCLAD","items_purchased":["StuffTheSpire:Resist"],"campfire_rested":0,"item_purchase_floors":[2],"current_hp_per_floor":[59,59,59,55,56,41,41,7,7,7,7],"gold":104,"neow_bonus":"BOSS_RELIC","is_daily":false,"chose_seed":false,"campfire_upgraded":0,"win_rate":0.0,"timestamp":1608870806,"path_taken":["M","$","?","M","?","E","?","E","T","E"],"items_purchased_type":["Card"],"build_version":"2020-12-22","purchased_purges":0,"victory":false,"max_hp_per_floor":[75,75,75,76,77,78,78,79,79,79,79],"relic_stats":{"FaceOfCleric":4,"counters":[6,30],"Tiny Chest":0,"War Paint":["Armaments","Defend_R"],"obtain_stats":[{"FaceOfCleric":3,"StuffTheSpire:HeavyRock":8,"Tiny Chest":9,"War Paint":6,"Electric Blood":0,"Burning Blood":0},{"FaceOfCleric":1,"StuffTheSpire:HeavyRock":5,"Tiny Chest":5,"War Paint":4,"Electric Blood":0,"Burning Blood":0},{"FaceOfCleric":4,"StuffTheSpire:HeavyRock":29,"Tiny Chest":29,"War Paint":17,"Electric Blood":0,"Burning Blood":0}]},"card_choices":[{"not_picked":["Seeing Red","Cleave"],"picked":"Perfected Strike","floor":1},{"not_picked":["Bloodletting","Clash"],"picked":"StuffTheSpire:Slingshot","floor":4},{"not_picked":["Abandon","Warcry"],"picked":"Armaments","floor":5},{"not_picked":["Clothesline","Body Slam"],"picked":"Corruption","floor":6},{"not_picked":["StuffTheSpire:RockThrow","True Grit"],"picked":"Shrug It Off","floor":8}],"player_experience":1773168,"relics_obtained":[{"floor":6,"key":"War Paint"},{"floor":8,"key":"StuffTheSpire:HeavyRock"},{"floor":9,"key":"Tiny Chest"}],"event_choices":[{"damage_healed":0,"gold_gain":0,"player_choice":"Trade","damage_taken":0,"relics_obtained":["FaceOfCleric"],"max_hp_gain":0,"max_hp_loss":0,"event_name":"FaceTrader","floor":3,"gold_loss":0},{"damage_healed":0,"gold_gain":0,"player_choice":"Left","damage_taken":0,"max_hp_gain":0,"max_hp_loss":0,"event_name":"betterThird:BetterGoop","floor":7,"gold_loss":45}],"is_beta":false,"boss_relics":[],"items_purged_floors":[],"is_endless":false,"potions_floor_spawned":[5,6],"killed_by":"Lagavulin","ascension_level":15}}