{"host":"xx5zt3jtdyh8iun7","time":1608896972,"event":{"mods":["AchievementEnabler","Act Like it!","BaseMod","Bestiary","Downfall","Minty Spire (QoL Compilation)","Replay The Spire","StSLib"],"gold_per_floor":[166,166,166,19,119,29,29,46,57,68,101,26,44,29,48,48,48,48],"floor_reached":16,"playtime":1393,"items_purged":["ReplayTheSpireMod:Restless Dread"],"score":105,"play_id":"980ed70f-4251-444d-8727-80fc62e35c97","local_time":"20201225124932","is_ascension_mode":true,"campfire_choices":[{"floor":12,"key":"REST"}],"circlet_count":0,"master_deck":["hexamod:Strike","hexamod:Strike","hexamod:Strike","hexamod:Strike","hexamod:Defend","hexamod:Defend","hexamod:Defend","hexamod:Defend","hexamod:Sear","hexamod:Float","hexamod:RecurringNightmare","hexamod:SuperheatedStrike","hexamod:AdvancingGuard","hexamod:WildfireWeapon","hexamod:SkipABeat","hexamod:GhostLash","hexamod:Sear","expansioncontent:SlimeTackle","hexamod:ShieldOfDarkness","hexamod:FastForward","hexamod:CatchUp","hexamod:PhantomCloak","hexamod:BurningTouch","hexamod:PhantomCloak","hexamod:TimeWarp","hexamod:NecessarySacrifice","hexamod:Hexaguard"],"relics":["hexamod:SpiritBrand","downfall:HeartsMalice","Sling","downfall:GremlinSack","Quantum Egg","hexamod:MatchstickCase","downfall:HeartBlessingGreen"],"acts_visited":["Exordium"],"potions_floor_usage":[6,10,10,11,14,16],"damage_taken":[{"damage":0,"enemies":"2 Louse","floor":2,"turns":1},{"damage":0,"enemies":"Cultist","floor":3,"turns":1},{"damage":0,"enemies":"downfall:FleeingMerchant","floor":4,"turns":1},{"damage":32,"enemies":"downfall:FleeingMerchant","floor":5,"turns":5},{"damage":0,"enemies":"downfall:FleeingMerchant","floor":6,"turns":4},{"damage":0,"enemies":"Jaw Worm","floor":8,"turns":3},{"damage":0,"enemies":"Blue Slaver","floor":9,"turns":3},{"damage":18,"enemies":"Exordium Thugs","floor":10,"turns":4},{"damage":6,"enemies":"3 Sentries","floor":11,"turns":12},{"damage":4,"enemies":"Large Slime","floor":13,"turns":6},{"damage":9,"enemies":"downfall:FleeingMerchant","floor":14,"turns":4},{"damage":6,"enemies":"2 Fungi Beasts","floor":15,"turns":3},{"damage":17,"enemies":"downfall:Ironclad","floor":16,"turns":3}],"seed_played":"1441088554100704848","potions_obtained":[{"floor":5,"key":"BlessingOfTheForge"},{"floor":8,"key":"Adrenaline Potion"},{"floor":9,"key":"Toxic Potion"},{"floor":10,"key":"Languid Potion"},{"floor":11,"key":"Fire Potion"},{"floor":15,"key":"BlessingOfTheForge"}],"is_trial":false,"path_per_floor":["R","M","M","$","?","$","T","M","M","M","E","R","M","$","M","B"],"character_chosen":"THE_SPIRIT","items_purchased":["Sling"],"campfire_rested":1,"item_purchase_floors":[4],"current_hp_per_floor":[70,70,70,70,38,38,38,38,38,20,14,35,31,22,16,0,0,0],"gold":48,"neow_bonus":"THREE_ENEMY_KILL","is_daily":false,"chose_seed":false,"campfire_upgraded":0,"win_rate":0.0,"timestamp":1608896972,"path_taken":["R","M","M","$","?","?","T","M","M","M","E","R","M","$","M","BOSS"],"items_purchased_type":["Relic"],"build_version":"2020-12-22","purchased_purges":1,"victory":false,"max_hp_per_floor":[70,70,70,70,70,70,70,70,70,70,70,70,70,70,70,70,70,70],"card_choices":[{"not_picked":["hexamod:SpectralSpark","hexamod:FastForward"],"picked":"hexamod:RecurringNightmare","floor":2},{"not_picked":["hexamod:BurningTouch","hexamod:GhostflameBarrier"],"picked":"hexamod:SuperheatedStrike","floor":3},{"not_picked":["hexamod:BacktrackSmack","hexamod:Hexaguard"],"picked":"hexamod:AdvancingGuard","floor":4},{"not_picked":["hexamod:RadiantFlame","hexamod:GhostLash"],"picked":"hexamod:ShieldOfDarkness","floor":5},{"not_picked":["hexamod:Haunt","hexamod:SpectersWail"],"picked":"hexamod:FastForward","floor":6},{"not_picked":["hexamod:RadiantFlame","hexamod:GhostLash"],"picked":"hexamod:CatchUp","floor":8},{"not_picked":["hexamod:ShieldOfDarkness","hexamod:NightmareStrike"],"picked":"hexamod:PhantomCloak","floor":9},{"not_picked":["hexamod:ChargedBarrage","hexamod:GhostOfSpirePast"],"picked":"hexamod:BurningTouch","floor":10},{"not_picked":["hexamod:ChargedBarrage","hexamod:HauntingEcho"],"picked":"hexamod:PhantomCloak","floor":11},{"not_picked":["hexamod:AdvancingGuard","hexamod:NightmareStrike"],"picked":"hexamod:TimeWarp","floor":13},{"not_picked":["hexamod:NightmareStrike","hexamod:Firestarter"],"picked":"hexamod:NecessarySacrifice","floor":14},{"not_picked":["hexamod:SpectersWail","hexamod:AdvancingGuard"],"picked":"hexamod:Hexaguard","floor":15}],"player_experience":742883,"relics_obtained":[{"floor":5,"key":"downfall:GremlinSack"},{"floor":7,"key":"Quantum Egg"},{"floor":11,"key":"hexamod:MatchstickCase"}],"event_choices":[],"is_beta":false,"boss_relics":[],"items_purged_floors":[6],"is_endless":false,"potions_floor_spawned":[5,8,9,10,11,15],"killed_by":"downfall:Ironclad","ascension_level":1}}