{"host":"oy4pyvr762z5n0bb","time":1608931500,"event":{"mods":["AchievementEnabler","BaseMod","Colored Map","Colored Powertips","Googly Eyes","Key Reminder","Minty Spire (QoL Compilation)","Quick Restart","Relic Sorter","StSLib","SuperFastMode","Unceasing Turn Reminder","slay the spire mod where everything is the same but ironclad has a cowboy hat"],"gold_per_floor":[15,29,29,29,45,72,87,87,139,170,241,211,64,79,79,178,178,191,201,215,215,228,259,274,274,298,298,298,317,317,331,331,331,331],"floor_reached":33,"playtime":612,"items_purged":[],"score":335,"play_id":"bf7c1bcf-d701-46ec-93e0-fe3aec026219","local_time":"20201225132500","is_ascension_mode":true,"campfire_choices":[{"data":"Demon Form","floor":15.0,"key":"SMITH"},{"data":"Seeing Red","floor":25.0,"key":"SMITH"},{"data":"Metallicize","floor":30,"key":"SMITH"},{"data":"True Grit","floor":32,"key":"SMITH"}],"circlet_count":0,"master_deck":["Strike_R","Strike_R","Strike_R","Strike_R","Defend_R","Defend_R","Defend_R","Defend_R","Bash","Fiend Fire+1","Wild Strike","Clothesline","Demon Form+1","Battle Trance","Sword Boomerang","Twin Strike","Seeing Red+1","Reaper","Ghostly Armor","Warcry","Heavy Blade+1","Shrug It Off","Reaper","Metallicize+1","True Grit+1"],"relics":["Burning Blood","Mummified Hand","Tiny Chest","Akabeko","Brimstone","Coffee Dripper","Ornamental Fan","Anchor","keyreminder:keyreminder"],"acts_visited":["Exordium","TheCity"],"potions_floor_usage":[33],"damage_taken":[{"damage":1.0,"enemies":"2 Louse","floor":1.0,"turns":2.0},{"damage":6.0,"enemies":"Small Slimes","floor":2.0,"turns":2.0},{"damage":6.0,"enemies":"Cultist","floor":5.0,"turns":3.0},{"damage":30.0,"enemies":"3 Sentries","floor":6.0,"turns":6.0},{"damage":23.0,"enemies":"Exordium Wildlife","floor":7.0,"turns":4.0},{"damage":25.0,"enemies":"Lagavulin","floor":10.0,"turns":6.0},{"damage":10.0,"enemies":"Blue Slaver","floor":14.0,"turns":2.0},{"damage":30.0,"enemies":"Hexaghost","floor":16.0,"turns":5.0},{"damage":36.0,"enemies":"Shell Parasite","floor":18.0,"turns":3.0},{"damage":13.0,"enemies":"Spheric Guardian","floor":19.0,"turns":3.0},{"damage":39.0,"enemies":"Shelled Parasite and Fungi","floor":20.0,"turns":4.0},{"damage":0.0,"enemies":"Sentry and Sphere","floor":22.0,"turns":2.0},{"damage":59.0,"enemies":"Gremlin Leader","floor":23.0,"turns":4.0},{"damage":0.0,"enemies":"Chosen and Byrds","floor":24.0,"turns":3.0},{"damage":2,"enemies":"Shelled Parasite and Fungi","floor":29,"turns":2},{"damage":12,"enemies":"Snake Plant","floor":31,"turns":3},{"damage":99,"enemies":"Collector","floor":33,"turns":6}],"seed_played":"-6416972015961305382","potions_obtained":[{"floor":6.0,"key":"Dexterity Potion"},{"floor":7.0,"key":"SpeedPotion"},{"floor":12.0,"key":"BloodPotion"},{"floor":14.0,"key":"Dexterity Potion"},{"floor":19.0,"key":"Fire Potion"},{"floor":23.0,"key":"DistilledChaos"},{"floor":29,"key":"SkillPotion"},{"floor":31,"key":"Dexterity Potion"}],"is_trial":false,"path_per_floor":["M","M","?","?","M","E","M","?","T","E","?","?","$","M","R","B",null,"M","M","M","T","M","E","M","R","T","?","?","M","R","M","R","B"],"character_chosen":"IRONCLAD","items_purchased":["Brimstone"],"campfire_rested":0,"item_purchase_floors":[13],"current_hp_per_floor":[80,80,80,80,80,56,39,39,39,20,20,36,36,32,32,8,80,62,59,36,36,42,10,38,38,38,64,64,80,80,80,80,0,0],"gold":331,"neow_bonus":"THREE_RARE_CARDS","is_daily":false,"chose_seed":false,"campfire_upgraded":4,"win_rate":0.0,"timestamp":1608931500,"path_taken":["M","M","?","?","M","E","?","?","T","E","?","?","$","M","R","BOSS","M","?","M","?","M","E","M","R","T","?","?","M","R","?","R","BOSS"],"items_purchased_type":["Relic"],"build_version":"2020-12-22","purchased_purges":0,"victory":false,"max_hp_per_floor":[80,80,80,80,80,80,80,80,80,80,80,80,80,80,80,80,80,80,80,80,80,80,80,80,80,80,80,80,80,80,80,80,80,80],"card_choices":[{"not_picked":["Exhume","Impervious"],"picked":"Fiend Fire","floor":0.0},{"not_picked":["Cleave","Rage"],"picked":"Wild Strike","floor":1.0},{"not_picked":["Sever Soul","Sword Boomerang"],"picked":"Clothesline","floor":2.0},{"not_picked":["Inflame","True Grit"],"picked":"Battle Trance","floor":5.0},{"not_picked":["Body Slam","Clothesline"],"picked":"Sword Boomerang","floor":6.0},{"not_picked":["Whirlwind","Blood for Blood"],"picked":"Twin Strike","floor":7.0},{"not_picked":["Bludgeon","Sever Soul","Bloodletting"],"picked":"SKIP","floor":10.0},{"not_picked":["Clash","Rampage"],"picked":"Seeing Red","floor":14.0},{"not_picked":["Limit Break","Juggernaut"],"picked":"Reaper","floor":16.0},{"not_picked":["Body Slam","Warcry"],"picked":"Ghostly Armor","floor":18.0},{"not_picked":["Iron Wave","Demon Form","Carnage"],"picked":"SKIP","floor":19.0},{"not_picked":["Heavy Blade+1","Iron Wave","Dual Wield+1"],"picked":"SKIP","floor":20.0},{"not_picked":["Infernal Blade","Perfected Strike"],"picked":"Warcry","floor":22.0},{"not_picked":["Pommel Strike+1","Entrench"],"picked":"Heavy Blade+1","floor":23.0},{"not_picked":["Wild Strike","Iron Wave"],"picked":"Shrug It Off","floor":24.0},{"not_picked":["Pummel+1","Sever Soul"],"picked":"Metallicize","floor":29},{"not_picked":["Dropkick","Warcry+1"],"picked":"True Grit","floor":31}],"player_experience":557833,"relics_obtained":[{"floor":6.0,"key":"Mummified Hand"},{"floor":9.0,"key":"Tiny Chest"},{"floor":10.0,"key":"Akabeko"},{"floor":21.0,"key":"Ornamental Fan"},{"floor":23.0,"key":"Anchor"}],"event_choices":[{"damage_healed":0.0,"max_hp_gain":0.0,"max_hp_loss":0.0,"gold_gain":0.0,"event_name":"Living Wall","player_choice":"Grow","floor":3.0,"gold_loss":0.0,"damage_taken":0.0,"cards_upgraded":["Fiend Fire"]},{"damage_healed":0.0,"max_hp_gain":0.0,"max_hp_loss":0.0,"gold_gain":0.0,"cards_transformed":["Strike_R"],"event_name":"Transmorgrifier","player_choice":"Transformed","floor":4.0,"gold_loss":0.0,"damage_taken":0.0,"cards_obtained":["Demon Form"]},{"damage_healed":0.0,"max_hp_gain":0.0,"max_hp_loss":0.0,"gold_gain":0.0,"event_name":"Scrap Ooze","player_choice":"Fled","floor":8.0,"gold_loss":0.0,"damage_taken":0.0},{"damage_healed":0.0,"max_hp_gain":0.0,"max_hp_loss":0.0,"gold_gain":71.0,"event_name":"Golden Wing","player_choice":"Gained Gold","floor":11.0,"gold_loss":0.0,"damage_taken":0.0},{"damage_healed":0.0,"max_hp_gain":0.0,"max_hp_loss":0.0,"gold_gain":0.0,"event_name":"The Woman in Blue","player_choice":"Bought 2 Potions","floor":12.0,"gold_loss":0.0,"damage_taken":0.0},{"damage_healed":26,"gold_gain":0,"player_choice":"Heal","damage_taken":0,"max_hp_gain":0,"max_hp_loss":0,"event_name":"The Library","floor":27,"gold_loss":0},{"damage_healed":0,"gold_gain":0,"player_choice":"Copied","damage_taken":0,"max_hp_gain":0,"max_hp_loss":0,"event_name":"Duplicator","floor":28,"gold_loss":0,"cards_obtained":["Reaper"]}],"is_beta":false,"boss_relics":[{"not_picked":["Black Star","Runic Dome"],"picked":"Coffee Dripper"}],"items_purged_floors":[],"is_endless":false,"potions_floor_spawned":[6,7,14,19,23,29,31],"killed_by":"Collector","ascension_level":4}}