{"host":"t179ovrkr5k1gnfh","time":1608902814,"event":{"mods":["AchievementEnabler","BaseMod","Colored Map","Marisa????????","Minty Spire (QoL Compilation)","StSLib"],"gold_per_floor":[109,181,15,15,15,15,72,72,72,202,202,202,35,140,140,275,275,351,94,94,163,22,22,8,67,67,67,162,162,233,282,282,381,381,469,120,192,266,69,69,89,140,217,302,302,357,395,479,479,503,503,503,18,65,65],"floor_reached":56,"playtime":5239,"items_purged":["Strike_MRS","Strike_MRS","JA","Strike_MRS","Strike_MRS","Defend_MRS"],"score":1612,"play_id":"6dcc2022-4abc-4f4d-8e5e-18d0d797a842","local_time":"20201225142654","is_ascension_mode":true,"campfire_choices":[{"data":"HandOfGreed","floor":6,"key":"SMITH"},{"data":"UpSweep","floor":8,"key":"SMITH"},{"floor":12,"key":"REST"},{"floor":15,"key":"REST"},{"data":"SatelliteIllusion","floor":23,"key":"SMITH"},{"data":"OpenUniverse","floor":29,"key":"SMITH"},{"data":"ManaRampage","floor":32,"key":"SMITH"},{"floor":45,"key":"RECALL"},{"data":"MilkyWay","floor":49,"key":"SMITH"},{"data":"ManaConvection","floor":52,"key":"SMITH"}],"circlet_count":0,"master_deck":["Defend_MRS+1","Defend_MRS","MasterSpark","UpSweep+1","HandOfGreed+1","WitchOfGreed+1","Bandage Up","Robbery+1","MagicChant","ShootingEcho+1","SatelliteIllusion+1","OpenUniverse+1","Parasite","Parasite","MilkyWay+1","Occultation","ManaRampage+1","MeteoricShower","StarDustReverie+1","Orbital+1","MagicAbsorber","Parasite","Orbital+1","ManaConvection+1","UltimateShortwave","Madness","Orbital+1"],"relics":["MiniHakkero","Gambling Chip","HandmadeGrimoire","PreservedInsect","Membership Card","Mango","Snecko Eye","Strange Spoon","White Beast Statue","ShroomBag","Question Card","Pear","AmplifyWand","Mercury Hourglass","Cursed Key","ClockworkSouvenir","HornCleat","Bronze Scales","Whetstone","Letter Opener","TungstenRod","Ice Cream","Molten Egg 2","Anchor","Bottled Lightning","DollysMirror","MagicBroom"],"acts_visited":["Exordium","TheCity","TheBeyond","TheEnding"],"potions_floor_usage":[16,16,18,21,21,28,28,28,30,31,31,33,38,46,48,50,50,54,55,55],"damage_taken":[{"damage":0,"enemies":"Cultist","floor":1,"turns":3},{"damage":7,"enemies":"Small Slimes","floor":2,"turns":4},{"damage":2,"enemies":"Jaw Worm","floor":7,"turns":3},{"damage":35,"enemies":"3 Sentries","floor":10,"turns":8},{"damage":17,"enemies":"Lagavulin","floor":14,"turns":6},{"damage":53,"enemies":"Hexaghost","floor":16,"turns":10},{"damage":7,"enemies":"Chosen","floor":18,"turns":3},{"damage":0,"enemies":"2 Thieves","floor":21,"turns":1},{"damage":18,"enemies":"Gremlin Leader","floor":25,"turns":3},{"damage":2,"enemies":"Book of Stabbing","floor":28,"turns":2},{"damage":25,"enemies":"Centurion and Healer","floor":30,"turns":6},{"damage":7,"enemies":"Gremlin Leader","floor":31,"turns":7},{"damage":30,"enemies":"Collector","floor":33,"turns":5},{"damage":0,"enemies":"3 Shapes","floor":35,"turns":3},{"damage":0,"enemies":"Orb Walker","floor":37,"turns":3},{"damage":12,"enemies":"Maw","floor":38,"turns":6},{"damage":0,"enemies":"Spire Growth","floor":41,"turns":2},{"damage":11,"enemies":"Nemesis","floor":42,"turns":3},{"damage":0,"enemies":"Giant Head","floor":44,"turns":4},{"damage":3,"enemies":"Nemesis","floor":46,"turns":3},{"damage":11,"enemies":"4 Shapes","floor":47,"turns":3},{"damage":14,"enemies":"Reptomancer","floor":48,"turns":3},{"damage":32,"enemies":"Donu and Deca","floor":50,"turns":4},{"damage":0,"enemies":"Shield and Spear","floor":54,"turns":2},{"damage":46,"enemies":"The Heart","floor":55,"turns":7}],"seed_played":"-659615521815643764","potions_obtained":[{"floor":2,"key":"LiquidBronze"},{"floor":7,"key":"Ancient Potion"},{"floor":14,"key":"StarNLove"},{"floor":14,"key":"SkillPotion"},{"floor":16,"key":"SteroidPotion"},{"floor":18,"key":"Fire Potion"},{"floor":18,"key":"BlessingOfTheForge"},{"floor":21,"key":"AttackPotion"},{"floor":25,"key":"BottledSpark"},{"floor":25,"key":"Weak Potion"},{"floor":28,"key":"ColorlessPotion"},{"floor":28,"key":"FearPotion"},{"floor":30,"key":"Block Potion"},{"floor":31,"key":"ColorlessPotion"},{"floor":33,"key":"LiquidMemories"},{"floor":35,"key":"Block Potion"},{"floor":35,"key":"SkillPotion"},{"floor":37,"key":"GamblersBrew"},{"floor":38,"key":"DuplicationPotion"},{"floor":38,"key":"BottledSpark"},{"floor":46,"key":"DuplicationPotion"},{"floor":48,"key":"CultistPotion"},{"floor":54,"key":"DuplicationPotion"}],"is_trial":false,"path_per_floor":["M","M","$","?","$","R","M","R","T","E","?","R","$","E","R","B",null,"M","$","?","M","$","R","$","E","T","?","E","R","M","E","R","B",null,"M","$","M","M","$","?","M","E","T","E","R","E","M","E","R","B",null,"R","$","E","B",null],"character_chosen":"MARISA","items_purchased":["Bandage Up","Membership Card","ShootingEcho","Strange Spoon","White Beast Statue","ShroomBag","MilkyWay","ClockworkSouvenir","HornCleat","Bronze Scales","Whetstone","MagicAbsorber","Anchor","UltimateShortwave","Madness","Bottled Lightning","DollysMirror","PowerPotion"],"campfire_rested":2,"item_purchase_floors":[3,13,13,19,19,22,24,36,36,36,39,39,53,53,53,53,53,53],"current_hp_per_floor":[68,61,61,54,54,54,56,56,56,25,11,31,31,32,56,7,82,79,79,79,79,79,79,79,69,79,79,85,85,72,83,83,59,92,92,92,92,80,80,80,88,87,87,92,92,92,81,77,77,57,92,92,92,92,58],"gold":65,"neow_bonus":"RANDOM_COLORLESS_2","is_daily":false,"chose_seed":false,"campfire_upgraded":7,"win_rate":0.0,"timestamp":1608902814,"path_taken":["M","M","?","?","?","R","?","R","T","E","?","R","$","E","R","BOSS","M","$","?","M","$","R","?","E","T","?","E","R","M","E","R","BOSS","M","$","M","M","$","?","?","E","T","E","R","E","M","E","R","BOSS","R","$","E","BOSS"],"items_purchased_type":["Card","Relic","Card","Relic","Relic","Relic","Card","Relic","Relic","Relic","Relic","Card","Relic","Card","Card","Relic","Relic","Potion"],"build_version":"2020-12-22","purchased_purges":6,"victory":true,"max_hp_per_floor":[68,68,68,68,68,68,68,68,68,68,68,68,68,82,82,82,82,82,82,82,82,82,82,82,82,92,92,92,92,92,92,92,92,92,92,92,92,92,92,92,92,92,92,92,92,92,92,92,92,92,92,92,92,92,92],"card_choices":[{"not_picked":["Panache","Sadistic Nature"],"picked":"HandOfGreed","floor":0},{"not_picked":["WitchLeyline","IllusionStar"],"picked":"WitchOfGreed","floor":1},{"not_picked":["DC","NonDirectionalLaser","SporeBomb"],"picked":"SKIP","floor":2},{"not_picked":["SporeBomb","WitchLeyline"],"picked":"Robbery","floor":7},{"not_picked":["SporeBomb","AsteroidBelt"],"picked":"MagicChant","floor":10},{"not_picked":["PropBag","FairyDestructionRay"],"picked":"JA","floor":14},{"not_picked":["JA","AbsoluteMagnitude"],"picked":"SatelliteIllusion","floor":16},{"not_picked":["IllusionStar","DC"],"picked":"OpenUniverse","floor":18},{"not_picked":["DoubleSpark","GravityBeat","OortCloud"],"picked":"SKIP","floor":21},{"not_picked":["WitchLeyline","AsteroidBelt","UnstableBomb"],"picked":"SKIP","floor":25},{"not_picked":["Acceleration","EnergyFlow","EarthLightRay+1"],"picked":"Occultation","floor":28},{"not_picked":["ShootingEcho","LuminesStrike","UnstableBomb"],"picked":"ManaRampage","floor":30},{"not_picked":["UnstableBomb","PowerUp","PulseMagic"],"picked":"MeteoricShower","floor":31},{"not_picked":["FinalSpark","SatelliteIllusion","BinaryStars"],"picked":"StarDustReverie","floor":33},{"not_picked":["DeepEcoloBomb","WitchOfGreed","LuminesStrike"],"picked":"Orbital+1","floor":35},{"not_picked":["MysteriousBeam","WitchOfGreed+1","Acceleration+1","EnergyFlow+1"],"picked":"SKIP","floor":37},{"not_picked":["GravityBeat+1","GasGiant+1","SprinkleStarSeal+1","PowerUp+1"],"picked":"SKIP","floor":38},{"not_picked":["PowerUp","MysteriousBeam","MachineGunSpark+1","GrandCross+1"],"picked":"SKIP","floor":41},{"not_picked":["6A+1","BlazingStar","WitchOfGreed+1","LuminesStrike"],"picked":"SKIP","floor":42},{"not_picked":["AsteroidBelt+1","GrandCross+1","MachineGunSpark+1","DeepEcoloBomb"],"picked":"SKIP","floor":44},{"not_picked":["RefractionSpark","Occultation","DoubleSpark"],"picked":"Orbital+1","floor":46},{"not_picked":["WitchLeyline","SprinkleStarSeal+1","OneTimeOff"],"picked":"ManaConvection","floor":47},{"not_picked":["SprinkleStarSeal+1","Acceleration","EscapeVelocity","UnstableBomb+1"],"picked":"SKIP","floor":48},{"not_picked":["GravityBeat+1","DoubleSpark+1","ChargingUp+1","MysteriousBeam+1"],"picked":"SKIP","floor":54}],"player_experience":85119,"relics_obtained":[{"floor":9,"key":"HandmadeGrimoire"},{"floor":10,"key":"PreservedInsect"},{"floor":14,"key":"Mango"},{"floor":25,"key":"Question Card"},{"floor":26,"key":"Pear"},{"floor":28,"key":"AmplifyWand"},{"floor":31,"key":"Mercury Hourglass"},{"floor":42,"key":"Letter Opener"},{"floor":44,"key":"TungstenRod"},{"floor":46,"key":"Ice Cream"},{"floor":48,"key":"Molten Egg 2"},{"floor":54,"key":"MagicBroom"}],"event_choices":[{"damage_healed":0,"gold_gain":0,"player_choice":"Success","damage_taken":7,"relics_obtained":["Gambling Chip"],"max_hp_gain":0,"max_hp_loss":0,"event_name":"Scrap Ooze","floor":4,"gold_loss":0},{"damage_healed":0,"gold_gain":0,"player_choice":"Entered Light","damage_taken":14,"max_hp_gain":0,"max_hp_loss":0,"event_name":"Shining Light","floor":11,"gold_loss":0,"cards_upgraded":["Defend_MRS","WitchOfGreed"]},{"cards_removed":["Defend_MRS"],"damage_healed":0,"gold_gain":0,"player_choice":"Purged","damage_taken":0,"max_hp_gain":0,"max_hp_loss":0,"event_name":"Purifier","floor":20,"gold_loss":0},{"damage_healed":0,"gold_gain":0,"player_choice":"Ignored","damage_taken":0,"max_hp_gain":0,"max_hp_loss":0,"event_name":"Ghosts","floor":27,"gold_loss":0},{"damage_healed":0,"gold_gain":0,"player_choice":"Upgraded","damage_taken":0,"max_hp_gain":0,"max_hp_loss":0,"event_name":"Upgrade Shrine","floor":40,"gold_loss":0,"cards_upgraded":["StarDustReverie"]}],"is_beta":false,"boss_relics":[{"not_picked":["Philosopher\u0027s Stone","Empty Cage"],"picked":"Snecko Eye"},{"not_picked":["Tiny House","BewitchedHakkero"],"picked":"Cursed Key"}],"items_purged_floors":[3,19,22,36,39,53],"is_endless":false,"potions_floor_spawned":[14,18,21,25,28,30,31,33,35,37,38,41,42,44,46,47,48,54],"ascension_level":4}}