{"host":"5jn3rki867005t18","time":1608891186,"event":{"mods":["AchievementEnabler","BaseMod","Colored Map","DeckTracker","Highlight Path","Minty Spire (QoL Compilation)","Permanent Neow","Quick Restart","StSLib","SuperFastMode"],"gold_per_floor":[113,126,137,156,172,184,184,196,196,196,196,196],"floor_reached":11,"playtime":321,"items_purged":[],"score":69,"play_id":"60108e66-87b6-4a33-a250-80cd6f175afb","local_time":"20201225191306","is_ascension_mode":false,"campfire_choices":[{"data":"Eruption","floor":7,"key":"SMITH"}],"circlet_count":0,"master_deck":["Strike_P","Strike_P","Strike_P","Strike_P","Defend_P","Defend_P","Defend_P","Defend_P","Eruption+1","Vigilance","FollowUp","FlurryOfBlows","FollowUp","Tantrum","Adaptation","Halt","ForeignInfluence","DeceiveReality"],"relics":["PureWater","Blue Candle","Regal Pillow"],"acts_visited":["Exordium"],"potions_floor_usage":[5],"damage_taken":[{"damage":0,"enemies":"Cultist","floor":1,"turns":2},{"damage":0,"enemies":"2 Louse","floor":2,"turns":1},{"damage":0,"enemies":"Small Slimes","floor":3,"turns":2},{"damage":0,"enemies":"Exordium Thugs","floor":4,"turns":3},{"damage":19,"enemies":"Blue Slaver","floor":5,"turns":2},{"damage":2,"enemies":"Large Slime","floor":6,"turns":4},{"damage":0,"enemies":"Red Slaver","floor":8,"turns":1},{"damage":41,"enemies":"Lagavulin","floor":11,"turns":3}],"seed_played":"-3018225605375019771","potions_obtained":[{"floor":4,"key":"SneckoOil"}],"is_trial":false,"path_per_floor":["M","M","M","M","M","M","R","M","T","?","E"],"character_chosen":"WATCHER","items_purchased":[],"campfire_rested":0,"item_purchase_floors":[],"current_hp_per_floor":[72,72,72,72,53,51,51,51,51,39,0,0],"gold":196,"neow_bonus":"THREE_CARDS","is_daily":false,"chose_seed":false,"campfire_upgraded":1,"win_rate":0.0,"timestamp":1608891186,"path_taken":["M","M","M","?","M","M","R","M","T","?","E"],"items_purchased_type":[],"build_version":"2020-12-22","purchased_purges":0,"victory":false,"max_hp_per_floor":[72,72,72,72,72,72,72,72,72,72,72,72],"card_choices":[{"not_picked":["ClearTheMind","Vengeance"],"picked":"FollowUp","floor":0},{"not_picked":["Consecrate","ClearTheMind"],"picked":"FlurryOfBlows","floor":1},{"not_picked":["Crescendo","FlyingSleeves"],"picked":"FollowUp","floor":2},{"not_picked":["Pray","Protect"],"picked":"Tantrum","floor":3},{"not_picked":["Protect","LikeWater"],"picked":"Adaptation","floor":4},{"not_picked":["Blasphemy","Sanctity"],"picked":"Halt","floor":5},{"not_picked":["ThirdEye","FlyingSleeves"],"picked":"ForeignInfluence","floor":6},{"not_picked":["SashWhip","PathToVictory"],"picked":"DeceiveReality","floor":8}],"player_experience":132630,"relics_obtained":[{"floor":9,"key":"Blue Candle"}],"event_choices":[{"damage_healed":0,"gold_gain":0,"player_choice":"Success","damage_taken":12,"relics_obtained":["Regal Pillow"],"max_hp_gain":0,"max_hp_loss":0,"event_name":"Scrap Ooze","floor":10,"gold_loss":0}],"is_beta":false,"boss_relics":[],"items_purged_floors":[],"is_endless":false,"potions_floor_spawned":[4],"killed_by":"Lagavulin","ascension_level":0}}