{"host":"5c1rfni4ms1ztn71","time":1608876891,"event":{"mods":["AchievementEnabler","BaseMod","ChefMod","Downfall","Duelist Mod","Hermit","Hubris","Infinite Spire","Jorbs\u0027s Wanderer Trilogy","Marisa????????","Minty Spire (QoL Compilation)","Potionbrewer","Replay The Spire","SOS???????","Somnambulant","StSLib","Td1madao Mod","The Administrix","The Animator","The Bladedancer","The Bug Knight","The Construct","The Cursed","The Death Knight","The Disciple","The Forsaken","The Hierophant","The Mystic","The Necromancer","The Poker Player","The Runesmith","The Senshi","The Servant 0.9.4","The Wild Card","???Mod??????Boss"],"gold_per_floor":[116,130,145,245,259,259,270,280,280,280,296,308,30,30,30,30,30],"floor_reached":16,"playtime":1655,"items_purged":[],"score":96,"play_id":"6f79db44-b0a6-402d-896b-e60bc8492599","local_time":"20201225011451","is_ascension_mode":false,"campfire_choices":[{"floor":6,"key":"REST"},{"floor":10,"key":"REST"},{"floor":15,"key":"REST"}],"circlet_count":0,"master_deck":["chefmod:Strike","chefmod:Strike","chefmod:Strike","chefmod:Strike","chefmod:Defend","chefmod:Defend","chefmod:Defend","chefmod:QuickThaw","chefmod:TodaysSpecial","chefmod:DeepFreeze","chefmod:OldCookbook","chefmod:AllYouCanEat","chefmod:Julienne","chefmod:Leftovers","chefmod:Granita","chefmod:Puree","chefmod:Chop","chefmod:LocoMoco","chefmod:SearedScallops+1","chefmod:AlooGobi","chefmod:FreshProduce","chefmod:FullBurn","chefmod:IceCreamCone+1"],"relics":["chefmod:TrustyPot","infinitespire:Lucky Rock"],"acts_visited":["Exordium"],"potions_floor_usage":[16],"damage_taken":[{"damage":6,"enemies":"Jaw Worm","floor":1,"turns":6},{"damage":14,"enemies":"infinitespire:Voidling","floor":2,"turns":5},{"damage":6,"enemies":"Cultist","floor":3,"turns":3},{"damage":22,"enemies":"Large Slime","floor":5,"turns":10},{"damage":10,"enemies":"Looter","floor":7,"turns":2},{"damage":26,"enemies":"Exordium Thugs","floor":8,"turns":3},{"damage":8,"enemies":"Blue Slaver","floor":11,"turns":3},{"damage":0,"enemies":"Large Slime","floor":12,"turns":2},{"damage":111,"enemies":"Fading Forest","floor":16,"turns":9}],"seed_played":"3213950407741127041","potions_obtained":[{"floor":1,"key":"SkillPotion"},{"floor":2,"key":"hexamod:EctoCoolerPotion"},{"floor":5,"key":"SpeedPotion"}],"is_trial":false,"path_per_floor":["M","M","M","?","M","R","M","M","T","R","M","M","$","?","R","B"],"character_chosen":"THE_CHEF","items_purchased":["chefmod:SearedScallops+1","chefmod:AlooGobi","chefmod:FreshProduce","chefmod:FullBurn"],"campfire_rested":3,"item_purchase_floors":[13,13,13,13],"current_hp_per_floor":[70,56,50,50,28,50,40,14,14,36,28,28,28,28,50,0,0],"gold":30,"neow_bonus":"ONE_RANDOM_RARE_CARD","is_daily":false,"chose_seed":false,"campfire_upgraded":0,"win_rate":0.0,"timestamp":1608876891,"path_taken":["M","M","M","?","?","R","M","M","T","R","M","M","$","?","R","BOSS"],"items_purchased_type":["Card","Card","Card","Card"],"build_version":"2020-12-22","purchased_purges":0,"victory":false,"max_hp_per_floor":[76,76,76,76,76,76,76,76,76,76,76,76,76,76,76,76,76],"card_choices":[{"not_picked":["chefmod:BaoBuns","chefmod:DinoKale"],"picked":"chefmod:OldCookbook","floor":1},{"not_picked":["chefmod:FryPan","chefmod:FireUp"],"picked":"chefmod:AllYouCanEat","floor":2},{"not_picked":["chefmod:Granita","chefmod:Gelato"],"picked":"chefmod:Julienne","floor":3},{"not_picked":["chefmod:FullCourseMeal","chefmod:IcePick"],"picked":"chefmod:Leftovers","floor":5},{"not_picked":["chefmod:FireUp","chefmod:IcePick"],"picked":"chefmod:Granita","floor":7},{"not_picked":["chefmod:FireUp","chefmod:Defrost"],"picked":"chefmod:Puree","floor":8},{"not_picked":["chefmod:Sorbet","chefmod:CayenneCloud"],"picked":"chefmod:Chop","floor":11},{"not_picked":["chefmod:Chop","chefmod:FryPan"],"picked":"chefmod:LocoMoco","floor":12}],"player_experience":28363,"relics_obtained":[{"floor":9,"key":"infinitespire:Lucky Rock"}],"event_choices":[{"damage_healed":0,"gold_gain":100,"player_choice":"Pray","damage_taken":0,"max_hp_gain":0,"max_hp_loss":0,"event_name":"Golden Shrine","floor":4,"gold_loss":0}],"is_beta":false,"boss_relics":[],"items_purged_floors":[],"is_endless":false,"potions_floor_spawned":[1,2,5],"killed_by":"Fading Forest","ascension_level":0}}