{"host":"6stms6pip0nke83b","time":1608915630,"event":{"mods":["BaseMod","Hermit","JesterMod","Minty Spire (QoL Compilation)","Quick Restart","Robot Space Explorer","Shade Mod","StSLib","The Cursed","The Death Knight","The Forsaken","The Hierophant","The IronCluck","The Marked","The Runesmith"],"gold_per_floor":[110,122,139,159,175,175,100,100,100,120,150,170,185,204,204,307,307,324,324,341,352,352,352,352,352,378,389,389,389],"floor_reached":28,"playtime":2028,"items_purged":["hermit:Strike_Hermit"],"score":226,"play_id":"c8066d39-6bd5-43c7-977d-21c7302ddfe4","local_time":"20201225180030","is_ascension_mode":false,"campfire_choices":[{"data":"hermit:FlashPowder","floor":6.0,"key":"SMITH"},{"data":"hermit:Manifest","floor":8.0,"key":"SMITH"},{"data":"hermit:PistolWhip","floor":15.0,"key":"SMITH"},{"data":"hermit:Determination","floor":23,"key":"SMITH"},{"data":"hermit:Glare","floor":25,"key":"SMITH"}],"circlet_count":0,"master_deck":["hermit:Strike_Hermit","hermit:Strike_Hermit","hermit:Strike_Hermit","hermit:Defend_Hermit","hermit:Defend_Hermit","hermit:Defend_Hermit+1","hermit:Defend_Hermit+1","hermit:Snapshot","hermit:Covet","hermit:FlashPowder+1","hermit:Ricochet","hermit:Manifest+1","hermit:Glare+1","hermit:PistolWhip+1","hermit:Horror","hermit:Enervate","hermit:Determination+1","hermit:Reprieve","hermit:Midnight","hermit:ShadowCloak"],"relics":["hermit:Momento","NeowsBlessing","Art of War","War Paint","hermit:BartenderGlass","Eternal Feather","hermit:RyeStalk"],"acts_visited":["Exordium","TheCity"],"potions_floor_usage":[21,21,27],"damage_taken":[{"damage":0.0,"enemies":"Cultist","floor":1.0,"turns":1.0},{"damage":0.0,"enemies":"2 Louse","floor":2.0,"turns":1.0},{"damage":0.0,"enemies":"Small Slimes","floor":3.0,"turns":1.0},{"damage":0.0,"enemies":"Blue Slaver","floor":4.0,"turns":2.0},{"damage":0.0,"enemies":"2 Fungi Beasts","floor":5.0,"turns":3.0},{"damage":0.0,"enemies":"Looter","floor":10.0,"turns":2.0},{"damage":25.0,"enemies":"Lagavulin","floor":11.0,"turns":8.0},{"damage":6.0,"enemies":"3 Louse","floor":12.0,"turns":2.0},{"damage":0.0,"enemies":"Red Slaver","floor":13.0,"turns":4.0},{"damage":0.0,"enemies":"Exordium Wildlife","floor":14.0,"turns":3.0},{"damage":8.0,"enemies":"The Guardian","floor":16.0,"turns":11.0},{"damage":9,"enemies":"Shell Parasite","floor":18,"turns":5},{"damage":25,"enemies":"Spheric Guardian","floor":20,"turns":6},{"damage":0,"enemies":"Centurion and Healer","floor":21,"turns":6},{"damage":16,"enemies":"Snecko","floor":27,"turns":6},{"damage":26,"enemies":"3 Cultists","floor":28,"turns":6}],"seed_played":"-8441020420679108287","potions_obtained":[{"floor":2.0,"key":"Swift Potion"},{"floor":3.0,"key":"Weak Potion"},{"floor":5.0,"key":"BlessingOfTheForge"},{"floor":12.0,"key":"Swift Potion"},{"floor":21,"key":"DeathKnight:RimePotion"}],"is_trial":false,"path_per_floor":["M","M","M","M","M","R","$","R","T","M","E","M","M","M","R","B",null,"M","?","M","M","?","R","?","R","T","M","M"],"character_chosen":"HERMIT","items_purchased":[],"campfire_rested":0,"item_purchase_floors":[],"current_hp_per_floor":[75,75,75,75,75,75,75,75,75,75,50,44,44,44,44,36,75,66,50,29,29,29,29,29,38,38,26,0,0],"gold":389,"neow_bonus":"THREE_ENEMY_KILL","is_daily":false,"chose_seed":false,"campfire_upgraded":5,"win_rate":0.0,"timestamp":1608915630,"path_taken":["M","?","?","?","M","R","$","R","T","?","E","M","M","M","R","BOSS","M","?","M","M","?","R","?","R","T","M","M"],"items_purchased_type":[],"build_version":"2020-12-22","purchased_purges":1,"victory":false,"max_hp_per_floor":[75,75,75,75,75,75,75,75,75,75,75,75,75,75,75,75,75,75,75,75,75,75,75,75,75,75,75,75,75],"card_choices":[{"not_picked":["hermit:Vantage","hermit:DeadMansHand"],"picked":"hermit:FlashPowder","floor":1.0},{"not_picked":["hermit:Grudge","hermit:LowProfile"],"picked":"hermit:Ricochet","floor":2.0},{"not_picked":["hermit:Desperado","hermit:Roulette"],"picked":"hermit:Manifest","floor":3.0},{"not_picked":["hermit:Cheat","hermit:EyeOfTheStorm","hermit:HighCaliber"],"picked":"SKIP","floor":4.0},{"not_picked":["hermit:FlashPowder","hermit:Headshot"],"picked":"hermit:Glare","floor":5.0},{"not_picked":["hermit:Feint","hermit:Enervate"],"picked":"hermit:PistolWhip","floor":10.0},{"not_picked":["hermit:Misfire","hermit:Cheat"],"picked":"hermit:Horror","floor":11.0},{"not_picked":["hermit:Quickdraw","hermit:TakeAim","hermit:HoleUp"],"picked":"SKIP","floor":12.0},{"not_picked":["hermit:DeadMansHand","hermit:Quickdraw"],"picked":"hermit:Enervate","floor":13.0},{"not_picked":["hermit:Midnight","hermit:CalledShot"],"picked":"hermit:Determination","floor":14.0},{"not_picked":["hermit:OverwhelmingPower","hermit:FromBeyond"],"picked":"hermit:Reprieve","floor":16.0},{"not_picked":["hermit:TakeAim","hermit:LowProfile+1"],"picked":"hermit:Midnight","floor":18},{"not_picked":["hermit:Roulette","hermit:CursedWeapon","hermit:Misfire+1"],"picked":"SKIP","floor":20},{"not_picked":["hermit:HoleUp","hermit:Virtue+1","hermit:CalledShot+1"],"picked":"SKIP","floor":21},{"not_picked":["hermit:LuckOfTheDraw","hermit:Reprieve"],"picked":"hermit:ShadowCloak","floor":27}],"player_experience":779287,"relics_obtained":[{"floor":9.0,"key":"Art of War"},{"floor":11.0,"key":"War Paint"},{"floor":26,"key":"hermit:RyeStalk"}],"event_choices":[{"damage_healed":0,"gold_gain":0,"player_choice":"Obtained Book","damage_taken":16,"max_hp_gain":0,"max_hp_loss":0,"event_name":"Cursed Tome","floor":19,"gold_loss":0},{"damage_healed":0,"gold_gain":0,"player_choice":"Ignored","damage_taken":0,"max_hp_gain":0,"max_hp_loss":0,"event_name":"Vampires","floor":22,"gold_loss":0},{"damage_healed":0,"gold_gain":0,"player_choice":"Opened","damage_taken":0,"relics_obtained":["Eternal Feather"],"max_hp_gain":0,"max_hp_loss":0,"event_name":"The Mausoleum","floor":24,"gold_loss":0}],"is_beta":false,"boss_relics":[{"not_picked":["SacredBark","SlaversCollar"],"picked":"hermit:BartenderGlass"}],"items_purged_floors":[7],"is_endless":false,"potions_floor_spawned":[2,3,5,12,13,20,21],"killed_by":"3 Cultists","ascension_level":0}}