{"host":"29mhc2ja7u6lu5r0","time":1608933032,"event":{"mods":["AchievementEnabler","BaseMod","Block Reminder","Colored Map","Colored Powertips","Highlight Path","Minty Spire (QoL Compilation)","Quick Restart","SuperFastMode","slay the spire mod where everything is the same but ironclad has a cowboy hat"],"gold_per_floor":[116,129,140,40,40,40,55,87,87,106,106,126,143,160,160,234,234,251,251,269,130,146,146,176,176,257,275,275,119,146,71,71,148,148,158,158,158,118,118,118,143,160,231,245,245,23,23,42,42,42,42],"floor_reached":50,"playtime":2392,"items_purged":["Strike_G","Strike_G"],"score":845,"play_id":"35ba7254-179e-45a5-9ff9-aa11f40bd729","local_time":"20201226005032","is_ascension_mode":true,"campfire_choices":[{"data":"Noxious Fumes","floor":6.0,"key":"SMITH"},{"data":"Neutralize","floor":15.0,"key":"SMITH"},{"data":"Footwork","floor":23.0,"key":"SMITH"},{"floor":25.0,"key":"REST"},{"floor":28.0,"key":"REST"},{"floor":32,"key":"REST"},{"data":"Bouncing Flask","floor":40,"key":"SMITH"},{"floor":47,"key":"REST"},{"floor":49,"key":"REST"}],"circlet_count":0,"master_deck":["AscendersBane","Defend_G","Defend_G","Defend_G","Defend_G","Defend_G","Survivor","Neutralize+1","Flying Knee","Deadly Poison","Noxious Fumes+1","Bane","Footwork+1","Footwork+1","Venomology","Blade Dance","Footwork","PiercingWail","Choke","Crippling Poison","Terror","Corpse Explosion","CurseOfTheBell","Bouncing Flask+1","Envenom"],"relics":["WristBlade","Gremlin Horn","Bottled Flame","Velvet Choker","Akabeko","HornCleat","Strawberry","PreservedInsect","Calling Bell","Nunchaku","Letter Opener","FossilizedHelix","Bottled Lightning","Ornamental Fan","Potion Belt"],"acts_visited":["Exordium","TheCity","TheBeyond"],"potions_floor_usage":[30,35,41,42,50,50,50],"damage_taken":[{"damage":3.0,"enemies":"2 Louse","floor":1.0,"turns":3.0},{"damage":1.0,"enemies":"Cultist","floor":2.0,"turns":5.0},{"damage":0.0,"enemies":"Jaw Worm","floor":3.0,"turns":3.0},{"damage":2.0,"enemies":"2 Fungi Beasts","floor":7.0,"turns":3.0},{"damage":12.0,"enemies":"3 Sentries","floor":8.0,"turns":7.0},{"damage":0.0,"enemies":"Exordium Wildlife","floor":10.0,"turns":4.0},{"damage":0.0,"enemies":"Blue Slaver","floor":12.0,"turns":4.0},{"damage":7.0,"enemies":"3 Louse","floor":13.0,"turns":4.0},{"damage":1.0,"enemies":"Gremlin Gang","floor":14.0,"turns":3.0},{"damage":3.0,"enemies":"Hexaghost","floor":16.0,"turns":9.0},{"damage":1.0,"enemies":"Chosen","floor":18.0,"turns":5.0},{"damage":7.0,"enemies":"Spheric Guardian","floor":20.0,"turns":6.0},{"damage":19.0,"enemies":"Centurion and Healer","floor":22.0,"turns":6.0},{"damage":47.0,"enemies":"Slavers","floor":24.0,"turns":9.0},{"damage":2.0,"enemies":"Snecko","floor":27.0,"turns":6.0},{"damage":35,"enemies":"Book of Stabbing","floor":30,"turns":8},{"damage":12,"enemies":"Automaton","floor":33,"turns":11},{"damage":0,"enemies":"3 Shapes","floor":35,"turns":5},{"damage":48,"enemies":"Giant Head","floor":41,"turns":8},{"damage":7,"enemies":"3 Darklings","floor":42,"turns":3},{"damage":0,"enemies":"4 Shapes","floor":44,"turns":4},{"damage":53,"enemies":"Writhing Mass","floor":48,"turns":7},{"damage":49,"enemies":"Awakened One","floor":50,"turns":7}],"seed_played":"1911600386816872984","potions_obtained":[{"floor":1.0,"key":"AttackPotion"},{"floor":2.0,"key":"Regen Potion"},{"floor":8.0,"key":"Explosive Potion"},{"floor":14.0,"key":"Poison Potion"},{"floor":16.0,"key":"Swift Potion"},{"floor":22.0,"key":"Fruit Juice"},{"floor":24.0,"key":"FairyPotion"},{"floor":30,"key":"Block Potion"},{"floor":44,"key":"ColorlessPotion"}],"is_trial":false,"path_per_floor":["M","M","M","$","?","R","M","E","T","M","?","M","M","M","R","B",null,"M","?","M","$","M","R","E","R","T","M","R","$","E","$","R","B",null,"M","?","?","$","?","R","E","M","T","M","?","$","R","M","R","B"],"character_chosen":"THE_SILENT","items_purchased":["Bane","Footwork","Strawberry","Terror","Bouncing Flask","Potion Belt","DistilledChaos"],"campfire_rested":5,"item_purchase_floors":[4,21,29,31,38,46,46],"current_hp_per_floor":[60,59,59,59,52,52,50,38,38,38,38,38,31,30,30,27,59,58,58,51,51,52,52,5,27,27,25,47,54,19,19,43,31,69,69,69,69,69,69,69,21,14,14,14,14,14,37,23,46,0,0],"gold":42,"neow_bonus":"BOSS_RELIC","is_daily":false,"chose_seed":false,"campfire_upgraded":4,"win_rate":0.0,"timestamp":1608933032,"path_taken":["M","M","M","$","?","R","M","E","T","M","?","M","M","?","R","BOSS","M","?","M","$","M","R","E","R","T","M","R","?","E","?","R","BOSS","M","?","?","$","?","R","E","M","T","M","?","$","R","?","R","BOSS"],"items_purchased_type":["Card","Card","Relic","Card","Card","Relic","Potion"],"build_version":"2020-12-22","purchased_purges":2,"victory":false,"max_hp_per_floor":[70,70,70,70,70,70,70,70,70,70,70,70,70,70,70,70,70,70,70,70,70,75,75,75,75,75,75,75,82,82,82,82,82,82,82,82,78,78,78,78,78,78,78,78,78,78,78,78,78,78,78],"card_choices":[{"not_picked":["Tactician","Outmaneuver"],"picked":"Flying Knee","floor":1.0},{"not_picked":["Blur","Acrobatics"],"picked":"Deadly Poison","floor":2.0},{"not_picked":["Skewer","Flying Knee"],"picked":"Noxious Fumes","floor":3.0},{"not_picked":["Predator","Sucker Punch"],"picked":"Footwork","floor":7.0},{"not_picked":["Bane","Quick Slash","Dodge and Roll"],"picked":"SKIP","floor":8.0},{"not_picked":["Choke","Night Terror","Accuracy"],"picked":"SKIP","floor":10.0},{"not_picked":["Dodge and Roll","Acrobatics"],"picked":"Footwork","floor":12.0},{"not_picked":["Accuracy","Cloak And Dagger","Expertise"],"picked":"SKIP","floor":13.0},{"not_picked":["Flying Knee","Eviscerate","Dodge and Roll"],"picked":"SKIP","floor":14.0},{"not_picked":["Adrenaline","After Image"],"picked":"Venomology","floor":16.0},{"not_picked":["PiercingWail","Blur"],"picked":"Blade Dance","floor":18.0},{"not_picked":["Blade Dance","Blur","Expertise"],"picked":"SKIP","floor":20.0},{"not_picked":["Well Laid Plans+1","Quick Slash"],"picked":"PiercingWail","floor":22.0},{"not_picked":["Caltrops","All Out Attack"],"picked":"Choke","floor":24.0},{"not_picked":["PiercingWail","Dagger Spray"],"picked":"Crippling Poison","floor":27.0},{"not_picked":["Slice","Quick Slash","Skewer"],"picked":"SKIP","floor":30},{"not_picked":["Storm of Steel","Malaise"],"picked":"Corpse Explosion","floor":33},{"not_picked":["Bane+1","Dash","Poisoned Stab"],"picked":"SKIP","floor":35},{"not_picked":["Blade Dance","Sucker Punch","Acrobatics"],"picked":"SKIP","floor":41},{"not_picked":["Riddle With Holes+1","Acrobatics","Reflex"],"picked":"SKIP","floor":42},{"not_picked":["Acrobatics","Dodge and Roll","All Out Attack"],"picked":"SKIP","floor":44},{"not_picked":["Outmaneuver+1","Deadly Poison"],"picked":"Envenom","floor":48}],"player_experience":983714,"relics_obtained":[{"floor":8.0,"key":"Gremlin Horn"},{"floor":9.0,"key":"Bottled Flame"},{"floor":24.0,"key":"Akabeko"},{"floor":26.0,"key":"HornCleat"},{"floor":30,"key":"PreservedInsect"},{"floor":34,"key":"Nunchaku"},{"floor":34,"key":"Letter Opener"},{"floor":34,"key":"FossilizedHelix"},{"floor":41,"key":"Bottled Lightning"},{"floor":43,"key":"Ornamental Fan"}],"event_choices":[{"cards_removed":["Strike_G"],"damage_healed":0.0,"max_hp_gain":0.0,"max_hp_loss":0.0,"gold_gain":0.0,"event_name":"Golden Wing","player_choice":"Card Removal","floor":5.0,"gold_loss":0.0,"damage_taken":7.0},{"damage_healed":0.0,"max_hp_gain":0.0,"max_hp_loss":0.0,"gold_gain":0.0,"event_name":"Upgrade Shrine","player_choice":"Upgraded","floor":11.0,"gold_loss":0.0,"damage_taken":0.0,"cards_upgraded":["Footwork"]},{"damage_healed":0.0,"max_hp_gain":0.0,"max_hp_loss":0.0,"gold_gain":0.0,"event_name":"N\u0027loth","player_choice":"Ignored","floor":19.0,"gold_loss":0.0,"damage_taken":0.0},{"damage_healed":0,"gold_gain":0,"player_choice":"Ignored","damage_taken":0,"max_hp_gain":0,"max_hp_loss":0,"event_name":"Tomb of Lord Red Mask","floor":36,"gold_loss":0},{"damage_healed":0,"gold_gain":0,"player_choice":"Max HP","damage_taken":0,"max_hp_gain":0,"max_hp_loss":4,"event_name":"Winding Halls","floor":37,"gold_loss":0},{"cards_removed":["Strike_G"],"damage_healed":0,"gold_gain":0,"player_choice":"Removed Attack","damage_taken":0,"max_hp_gain":0,"max_hp_loss":0,"event_name":"Falling","floor":39,"gold_loss":0},{"cards_removed":["Strike_G"],"damage_healed":0,"gold_gain":0,"player_choice":"Purged","damage_taken":0,"max_hp_gain":0,"max_hp_loss":0,"event_name":"Purifier","floor":45,"gold_loss":0}],"is_beta":false,"boss_relics":[{"not_picked":["Ectoplasm","Black Star"],"picked":"Velvet Choker"},{"not_picked":["Cursed Key","Pandora\u0027s Box"],"picked":"Calling Bell"}],"items_purged_floors":[4,21],"is_endless":false,"potions_floor_spawned":[1,2,8,13,14,16,22,24,30,44],"killed_by":"Awakened One","ascension_level":13}}