{"host":"p6s16n2sj7zvsuor","time":1608904392,"event":{"mods":["BaseMod","Minty Spire (QoL Compilation)"],"gold_per_floor":[117,137,156,2,29,29,58,58,108,108,108,124,124,145,145,145,145],"floor_reached":16,"playtime":804,"items_purged":[],"score":118,"play_id":"6871033d-9b9c-4f6e-bc01-e2dfeecf92a7","local_time":"20201225155312","is_ascension_mode":true,"campfire_choices":[{"data":"Neutralize","floor":6,"key":"SMITH"},{"data":"Reflex","floor":8,"key":"SMITH"},{"data":"Flechettes","floor":11,"key":"SMITH"},{"floor":13,"key":"REST"},{"data":"Backflip","floor":15,"key":"SMITH"}],"circlet_count":0,"master_deck":["Strike_G","Strike_G","Strike_G","Strike_G","Strike_G","Defend_G","Defend_G","Defend_G","Defend_G","Defend_G","Survivor","Neutralize+1","Prepared","Flying Knee","Reflex+1","Prepared","Flechettes+1","Backflip+1"],"relics":["Ring of the Snake","CeramicFish","Sundial"],"acts_visited":["Exordium"],"potions_floor_usage":[16],"damage_taken":[{"damage":10,"enemies":"Jaw Worm","floor":1,"turns":5},{"damage":9,"enemies":"Cultist","floor":2,"turns":6},{"damage":1,"enemies":"2 Louse","floor":3,"turns":3},{"damage":7,"enemies":"Looter","floor":5,"turns":4},{"damage":7,"enemies":"3 Louse","floor":7,"turns":3},{"damage":18,"enemies":"Gremlin Gang","floor":12,"turns":6},{"damage":8,"enemies":"Exordium Wildlife","floor":14,"turns":2},{"damage":40,"enemies":"Slime Boss","floor":16,"turns":7}],"seed_played":"6506507584324002487","potions_obtained":[{"floor":3,"key":"Weak Potion"},{"floor":5,"key":"SpeedPotion"},{"floor":14,"key":"SpeedPotion"}],"is_trial":false,"path_per_floor":["M","M","M","$","M","R","M","R","T","?","R","M","R","M","R","B"],"character_chosen":"THE_SILENT","items_purchased":["CeramicFish"],"campfire_rested":1,"item_purchase_floors":[4],"current_hp_per_floor":[53,44,43,43,36,36,29,29,29,26,26,8,33,25,25,0,0],"gold":145,"neow_bonus":"TWENTY_PERCENT_HP_BONUS","is_daily":false,"chose_seed":false,"campfire_upgraded":4,"win_rate":0.0,"timestamp":1608904392,"path_taken":["M","M","M","$","M","R","M","R","T","?","R","M","R","M","R","BOSS"],"items_purchased_type":["Relic"],"build_version":"2020-12-22","purchased_purges":0,"victory":false,"max_hp_per_floor":[84,84,84,84,84,84,84,84,84,84,84,84,84,84,84,84,84],"card_choices":[{"not_picked":["Dagger Throw","Distraction"],"picked":"Prepared","floor":1},{"not_picked":["Prepared","Bane"],"picked":"Flying Knee","floor":2},{"not_picked":["Slice","Prepared"],"picked":"Reflex","floor":3},{"not_picked":["Expertise","Poisoned Stab"],"picked":"Prepared","floor":5},{"not_picked":["All Out Attack","Dagger Spray"],"picked":"Flechettes","floor":7},{"not_picked":["Dagger Throw","Crippling Poison","Outmaneuver"],"picked":"SKIP","floor":12},{"not_picked":["Tools of the Trade","PiercingWail"],"picked":"Backflip","floor":14}],"player_experience":764492,"relics_obtained":[],"event_choices":[{"damage_healed":0,"gold_gain":0,"player_choice":"Success","damage_taken":3,"relics_obtained":["Sundial"],"max_hp_gain":0,"max_hp_loss":0,"event_name":"Scrap Ooze","floor":10,"gold_loss":0}],"is_beta":false,"boss_relics":[],"items_purged_floors":[],"is_endless":false,"potions_floor_spawned":[3,5,14],"killed_by":"Slime Boss","ascension_level":5}}