{"host":"2461dio7vetlq1z3","time":1608897372,"event":{"mods":["2.2 Compatiblity","AchievementEnabler","Aspiration","BaseMod","Better Third Choice","Hermit","Minty Spire (QoL Compilation)","Relic Stats","Spicy Shops","StSLib","The Runesmith","Waifu the Spire"],"gold_per_floor":[111,129,129,129,142,142,169,181,181,181,34,47,47,67,67,144,144,160,160,85,0,14,14,44,44,44,79,29,29,43,55,55,131,131,151,151,170,195,212,249,249,249,249],"floor_reached":42,"playtime":1727,"items_purged":["Strike_G","Strike_G"],"score":932,"play_id":"a1f79d2a-c694-4439-9adc-4decf0fef640","local_time":"20201225125612","is_ascension_mode":true,"campfire_choices":[{"data":"Neutralize","floor":6,"key":"SMITH"},{"data":"Cloak And Dagger","floor":10,"key":"SMITH"},{"data":"Panache","floor":13,"key":"SMITH"},{"data":"Dagger Spray","floor":15,"key":"SMITH"},{"floor":23,"key":"REST"},{"floor":25,"key":"REST"},{"floor":29,"key":"REST"},{"data":"Burst","floor":32,"key":"SMITH"},{"floor":41,"key":"REST"}],"circlet_count":0,"master_deck":["AscendersBane","Strike_G","Defend_G","Defend_G","Defend_G","Defend_G","Defend_G","Survivor","Neutralize+1","Dash","Poisoned Stab","Skewer","Dagger Spray+1","Cloak And Dagger+1","Panache+1","Slice","Backstab","Dash","Burst+1","Noxious Fumes","Dash+1","Expertise+1","Blade Dance","Finisher","Backflip","Noxious Fumes","Choke+1","PiercingWail","Footwork","Prepared+1"],"relics":["Ring of the Serpent","aspiration:Lifesprig","Singing Bowl","Gremlin Horn","Happy Flower","Smiling Mask","Ice Cream","Bottled Flame","aspiration:FutureDiary","Unceasing Top","CeramicFish"],"acts_visited":["Exordium","TheCity","TheBeyond"],"potions_floor_usage":[7,16,24,24,27,33,33,40,40],"damage_taken":[{"damage":1,"enemies":"Cultist","floor":1,"turns":4},{"damage":0,"enemies":"2 Louse","floor":2,"turns":4},{"damage":1,"enemies":"Jaw Worm","floor":5,"turns":4},{"damage":13,"enemies":"Lagavulin","floor":7,"turns":7},{"damage":0,"enemies":"Exordium Wildlife","floor":8,"turns":3},{"damage":0,"enemies":"2 Fungi Beasts","floor":12,"turns":2},{"damage":0,"enemies":"3 Louse","floor":14,"turns":2},{"damage":31,"enemies":"Slime Boss","floor":16,"turns":8},{"damage":14,"enemies":"Chosen","floor":18,"turns":4},{"damage":16,"enemies":"Shell Parasite","floor":22,"turns":6},{"damage":22,"enemies":"Slavers","floor":24,"turns":5},{"damage":11,"enemies":"Book of Stabbing","floor":27,"turns":5},{"damage":2,"enemies":"Snecko","floor":30,"turns":4},{"damage":0,"enemies":"3 Cultists","floor":31,"turns":4},{"damage":45,"enemies":"Champ","floor":33,"turns":10},{"damage":0,"enemies":"3 Darklings","floor":35,"turns":2},{"damage":9,"enemies":"Orb Walker","floor":37,"turns":4},{"damage":0,"enemies":"Mind Bloom Boss Battle","floor":38,"turns":4},{"damage":24,"enemies":"Maw","floor":39,"turns":7},{"damage":26,"enemies":"Reptomancer","floor":40,"turns":7},{"damage":30,"enemies":"Nemesis","floor":42,"turns":6}],"seed_played":"-6371852279517061990","potions_obtained":[{"floor":1,"key":"Fruit Juice"},{"floor":5,"key":"Poison Potion"},{"floor":8,"key":"LiquidMemories"},{"floor":22,"key":"AttackPotion"},{"floor":24,"key":"Strength Potion"},{"floor":27,"key":"Swift Potion"},{"floor":30,"key":"Dexterity Potion"},{"floor":35,"key":"Poison Potion"},{"floor":37,"key":"Poison Potion"},{"floor":38,"key":"Swift Potion"}],"is_trial":false,"path_per_floor":["M","M","T","?","M","R","E","M","T","R","$","M","R","M","R","B",null,"M","?","?","?","M","R","E","R","T","E","$","R","M","M","R","B",null,"M","?","M","?","M","E","R","E"],"character_chosen":"THE_SILENT","items_purchased":["Panache","Slice"],"campfire_rested":4,"item_purchase_floors":[11,11],"current_hp_per_floor":[64,64,64,57,56,56,43,43,43,43,43,43,43,43,43,12,57,43,23,23,23,7,30,13,37,37,26,26,50,48,48,48,5,64,64,64,55,55,31,5,29,0,0],"gold":249,"neow_bonus":"TEN_PERCENT_HP_BONUS","is_daily":false,"chose_seed":false,"campfire_upgraded":5,"win_rate":0.0,"timestamp":1608897372,"path_taken":["M","M","?","?","M","R","E","M","T","R","?","?","R","M","R","BOSS","M","?","?","?","M","R","E","R","T","E","$","R","M","M","R","BOSS","M","?","M","?","M","E","R","E"],"items_purchased_type":["Card","Card"],"build_version":"2020-12-22","purchased_purges":2,"victory":false,"max_hp_per_floor":[72,72,72,72,72,72,72,72,72,72,72,72,72,72,72,72,72,72,77,77,77,77,77,82,82,82,82,82,82,82,82,82,84,84,84,80,80,80,80,80,80,80,80],"relic_stats":{"Singing Bowl":2,"Gremlin Horn":[13,13],"Happy Flower":[21],"counters":[21,102],"CeramicFish":9,"Smiling Mask":50,"obtain_stats":[{"Ice Cream":26,"aspiration:Lifesprig":3,"Bottled Flame":27,"Singing Bowl":7,"Gremlin Horn":9,"Happy Flower":21,"CeramicFish":40,"aspiration:FutureDiary":34,"Smiling Mask":24,"Ring of the Serpent":17,"Unceasing Top":38,"Ring of the Snake":0},{"Ice Cream":11,"aspiration:Lifesprig":2,"Bottled Flame":12,"Singing Bowl":4,"Gremlin Horn":5,"Happy Flower":9,"CeramicFish":20,"aspiration:FutureDiary":15,"Smiling Mask":11,"Ring of the Serpent":8,"Unceasing Top":18,"Ring of the Snake":0},{"Ice Cream":49,"aspiration:Lifesprig":8,"Bottled Flame":54,"Singing Bowl":19,"Gremlin Horn":22,"Happy Flower":38,"CeramicFish":96,"aspiration:FutureDiary":72,"Smiling Mask":49,"Ring of the Serpent":34,"Unceasing Top":82,"Ring of the Snake":0}],"Unceasing Top":[9]},"card_choices":[{"not_picked":["Concentrate","Dodge and Roll"],"picked":"Dash","floor":1},{"not_picked":["Sucker Punch","Distraction"],"picked":"Poisoned Stab","floor":2},{"not_picked":["Sucker Punch","Outmaneuver"],"picked":"Skewer","floor":5},{"not_picked":["Slice","Accuracy"],"picked":"Dagger Spray","floor":7},{"not_picked":["Eviscerate","Well Laid Plans"],"picked":"Cloak And Dagger","floor":8},{"not_picked":["Prepared","Outmaneuver"],"picked":"Backstab","floor":12},{"not_picked":["Storm of Steel","Catalyst"],"picked":"Dash","floor":14},{"not_picked":["Glass Knife","Tools of the Trade"],"picked":"Burst","floor":16},{"not_picked":["Outmaneuver","Dagger Throw+1"],"picked":"Noxious Fumes","floor":18},{"not_picked":["Prepared","All Out Attack"],"picked":"Dash+1","floor":22},{"not_picked":["Flying Knee","Cloak And Dagger"],"picked":"Expertise+1","floor":24},{"not_picked":["Crippling Poison","PiercingWail"],"picked":"Blade Dance","floor":27},{"not_picked":["Dagger Throw","Catalyst"],"picked":"Finisher","floor":30},{"not_picked":["Sucker Punch","Bane"],"picked":"Backflip","floor":31},{"not_picked":["Phantasmal Killer","Unload","Glass Knife"],"picked":"Singing Bowl","floor":33},{"not_picked":["Dagger Throw","Deflect"],"picked":"Noxious Fumes","floor":35},{"not_picked":["Dodge and Roll","Masterful Stab"],"picked":"Choke+1","floor":37},{"not_picked":["Terror","Dodge and Roll"],"picked":"PiercingWail","floor":38},{"not_picked":["Heel Hook","Blade Dance"],"picked":"Footwork","floor":39},{"not_picked":["Phantasmal Killer","Poisoned Stab"],"picked":"Prepared+1","floor":40}],"player_experience":926146,"relics_obtained":[{"floor":3,"key":"aspiration:Lifesprig"},{"floor":7,"key":"Singing Bowl"},{"floor":9,"key":"Gremlin Horn"},{"floor":24,"key":"Smiling Mask"},{"floor":26,"key":"Ice Cream"},{"floor":27,"key":"Bottled Flame"},{"floor":38,"key":"Unceasing Top"},{"floor":40,"key":"CeramicFish"}],"event_choices":[{"cards_removed":["Strike_G"],"damage_healed":0,"gold_gain":0,"player_choice":"Card Removal","damage_taken":7,"max_hp_gain":0,"max_hp_loss":0,"event_name":"Golden Wing","floor":4,"gold_loss":0},{"damage_healed":0,"gold_gain":0,"player_choice":"Shed Blood","damage_taken":25,"max_hp_gain":5,"max_hp_loss":0,"event_name":"Forgotten Altar","floor":19,"gold_loss":0},{"cards_removed":["Strike_G"],"damage_healed":0,"gold_gain":0,"player_choice":"Gave Gold","damage_taken":0,"max_hp_gain":0,"max_hp_loss":0,"event_name":"Beggar","floor":20,"gold_loss":75},{"damage_healed":0,"gold_gain":0,"player_choice":"Obtained Relic","damage_taken":0,"relics_obtained":["Happy Flower"],"max_hp_gain":0,"max_hp_loss":0,"event_name":"Addict","floor":21,"gold_loss":85},{"damage_healed":0,"gold_gain":0,"player_choice":"Max HP","damage_taken":0,"max_hp_gain":0,"max_hp_loss":4,"event_name":"Winding Halls","floor":36,"gold_loss":0},{"damage_healed":0,"gold_gain":0,"player_choice":"Fight","damage_taken":0,"max_hp_gain":0,"max_hp_loss":0,"event_name":"MindBloom","floor":38,"gold_loss":0}],"is_beta":false,"boss_relics":[{"not_picked":["Calling Bell","aspiration:RitualDagger"],"picked":"Ring of the Serpent"},{"not_picked":["Runic Pyramid","Pandora\u0027s Box"],"picked":"aspiration:FutureDiary"}],"items_purged_floors":[11,28],"is_endless":false,"potions_floor_spawned":[1,5,8,22,24,27,30,35,37,38],"killed_by":"Nemesis","ascension_level":20}}