{"host":"ryuep8ewa00k39z9","time":1608913843,"event":{"mods":["AchievementEnabler","BaseMod","Best Route Mod","Colored Map","Colored Powertips","Displayed Cursed Tome","Highlight Path","Minty Spire (QoL Compilation)","Quick Restart","SuperFastMode"],"gold_per_floor":[110,110,110,285,310,310,345,362,362,379,8,8,83,100,100,196,196,207,132,150,70,70,70,81,81,81,94,109,109,109,125,125,220,220,237,251,102,115,115,115,140,155,155,169,189,189,189,204,204,204,204],"floor_reached":50,"playtime":7445,"items_purged":["Regret"],"score":549,"play_id":"d0ce9a50-3fab-49d3-88b2-147889a1bf48","local_time":"20201225103043","is_ascension_mode":true,"campfire_choices":[{"data":"Doom and Gloom","floor":6.0,"key":"SMITH"},{"data":"Capacitor","floor":12.0,"key":"SMITH"},{"data":"Loop","floor":15.0,"key":"SMITH"},{"data":"Thunder Strike","floor":23.0,"key":"SMITH"},{"floor":25.0,"key":"REST"},{"floor":32.0,"key":"REST"},{"floor":40.0,"key":"REST"},{"floor":46.0,"key":"RECALL"},{"floor":49.0,"key":"REST"}],"circlet_count":0,"master_deck":["Strike_B+1","Strike_B+1","Strike_B+1","Defend_B+1","Defend_B","Zap","Dualcast","Doom and Gloom+1","Capacitor+1","Consume","Loop+1","Electrodynamics","Turbo+1","Redo+1","Thunder Strike+1","RitualDagger","Echo Form+1","Conserve Battery+1","Lockon","Biased Cognition","Sunder","Leap+1","Machine Learning","Undo","Loop","Loop+1","Conserve Battery+1"],"relics":["Cracked Core","NeowsBlessing","Shuriken","Whetstone","Lizard Tail","Gambling Chip","DataDisk","Chemical X","Sozu","Meat on the Bone","Empty Cage","StrikeDummy","CaptainsWheel"],"acts_visited":["Exordium","TheCity","TheBeyond"],"potions_floor_usage":[],"damage_taken":[{"damage":0.0,"enemies":"Jaw Worm","floor":1.0,"turns":1.0},{"damage":0.0,"enemies":"Lagavulin","floor":7.0,"turns":1.0},{"damage":0.0,"enemies":"Small Slimes","floor":8.0,"turns":1.0},{"damage":0.0,"enemies":"2 Louse","floor":10.0,"turns":1.0},{"damage":0.0,"enemies":"Looter","floor":14.0,"turns":3.0},{"damage":42.0,"enemies":"Hexaghost","floor":16.0,"turns":8.0},{"damage":11.0,"enemies":"Spheric Guardian","floor":18.0,"turns":3.0},{"damage":27.0,"enemies":"3 Byrds","floor":20.0,"turns":3.0},{"damage":17.0,"enemies":"Centurion and Healer","floor":24.0,"turns":3.0},{"damage":6.0,"enemies":"Sentry and Sphere","floor":27.0,"turns":3.0},{"damage":0.0,"enemies":"3 Cultists","floor":28.0,"turns":2.0},{"damage":0.0,"enemies":"Centurion and Healer","floor":31.0,"turns":3.0},{"damage":61.0,"enemies":"Automaton","floor":33.0,"turns":7.0},{"damage":40.0,"enemies":"3 Darklings","floor":35.0,"turns":3.0},{"damage":0.0,"enemies":"3 Shapes","floor":36.0,"turns":3.0},{"damage":20.0,"enemies":"Spire Growth","floor":38.0,"turns":4.0},{"damage":48.0,"enemies":"Giant Head","floor":41.0,"turns":7.0},{"damage":11.0,"enemies":"Sphere and 2 Shapes","floor":42.0,"turns":3.0},{"damage":16.0,"enemies":"Maw","floor":44.0,"turns":5.0},{"damage":23.0,"enemies":"Transient","floor":45.0,"turns":5.0},{"damage":14.0,"enemies":"Sphere and 2 Shapes","floor":48.0,"turns":3.0},{"damage":74,"enemies":"Awakened One","floor":50,"turns":5}],"seed_played":"3302444786298867132","potions_obtained":[{"floor":7.0,"key":"Block Potion"},{"floor":14.0,"key":"EssenceOfSteel"}],"is_trial":false,"path_per_floor":["M","?","?","?","T","R","E","M","T","M","$","R","?","M","R","B",null,"M","?","M","$","?","R","M","R","T","M","M","?","T","M","R","B",null,"M","M","$","M","?","R","E","M","T","M","M","R","?","M","R","B"],"character_chosen":"DEFECT","items_purchased":["DataDisk","Chemical X","Thunder Strike","Machine Learning","Undo"],"campfire_rested":4,"item_purchase_floors":[11,11,21,37,37],"current_hp_per_floor":[75,75,60,60,60,60,60,60,60,60,60,60,49,49,49,7,75,64,64,37,37,31,31,14,36,36,30,30,30,30,42,64,15,75,47,47,47,39,39,61,25,26,26,22,49,49,49,47,69,0,0],"gold":204,"neow_bonus":"THREE_ENEMY_KILL","is_daily":false,"chose_seed":false,"campfire_upgraded":4,"win_rate":0.0,"timestamp":1608913843,"path_taken":["M","?","?","?","?","R","E","M","T","?","$","R","?","M","R","BOSS","M","?","M","$","?","R","M","R","T","M","M","?","?","M","R","BOSS","M","M","$","M","?","R","E","M","T","?","M","R","?","M","R","BOSS"],"items_purchased_type":["Relic","Relic","Card","Card","Card"],"build_version":"2020-12-22","purchased_purges":1,"victory":false,"max_hp_per_floor":[75,75,75,75,75,75,75,75,75,75,75,75,75,75,75,75,75,75,75,75,75,75,75,75,75,75,75,75,75,75,75,75,75,75,75,75,75,75,75,75,75,75,75,75,75,75,75,75,75,75,75],"card_choices":[{"not_picked":["Compile Driver","Barrage"],"picked":"Doom and Gloom","floor":1.0},{"not_picked":["Hologram","Stack"],"picked":"Capacitor","floor":7.0},{"not_picked":["Beam Cell","Conserve Battery"],"picked":"Consume","floor":8.0},{"not_picked":["Blizzard","Stack","Turbo"],"picked":"SKIP","floor":10.0},{"not_picked":["Redo","Reprogram"],"picked":"Loop","floor":14.0},{"not_picked":["Multi-Cast","Echo Form"],"picked":"Electrodynamics","floor":16.0},{"not_picked":["Barrage","Compile Driver+1"],"picked":"Turbo+1","floor":18.0},{"not_picked":["Leap","Compile Driver"],"picked":"Redo+1","floor":20.0},{"not_picked":["Rebound+1","Darkness"],"picked":"Echo Form","floor":24.0},{"not_picked":["Streamline","Rebound"],"picked":"Conserve Battery+1","floor":27.0},{"not_picked":["Steam","Genetic Algorithm+1"],"picked":"Lockon","floor":28.0},{"not_picked":["Turbo+1","Redo","Aggregate"],"picked":"SKIP","floor":31.0},{"not_picked":["Core Surge","Buffer"],"picked":"Biased Cognition","floor":33.0},{"not_picked":["Conserve Battery","Barrage+1"],"picked":"Sunder","floor":35.0},{"not_picked":["Coolheaded+1","Beam Cell+1"],"picked":"Leap+1","floor":36.0},{"not_picked":["Redo+1","Stack","Doom and Gloom+1"],"picked":"SKIP","floor":38.0},{"not_picked":["Creative AI","Heatsinks","Streamline"],"picked":"SKIP","floor":41.0},{"not_picked":["Steam","Steam Power+1"],"picked":"Loop","floor":42.0},{"not_picked":["Beam Cell+1","Gash+1"],"picked":"Loop+1","floor":44.0},{"not_picked":["Cold Snap+1","Sweeping Beam"],"picked":"Conserve Battery+1","floor":45.0},{"not_picked":["Streamline","Beam Cell","Rebound+1"],"picked":"SKIP","floor":48.0}],"player_experience":3536963,"relics_obtained":[{"floor":5.0,"key":"Whetstone"},{"floor":7.0,"key":"Lizard Tail"},{"floor":9.0,"key":"Gambling Chip"},{"floor":30.0,"key":"Meat on the Bone"},{"floor":41.0,"key":"StrikeDummy"},{"floor":43.0,"key":"CaptainsWheel"}],"event_choices":[{"damage_healed":0.0,"max_hp_gain":0.0,"max_hp_loss":0.0,"gold_gain":0.0,"event_name":"Big Fish","player_choice":"Box","floor":2.0,"gold_loss":0.0,"damage_taken":0.0,"relics_obtained":["Shuriken"],"cards_obtained":["Regret"]},{"damage_healed":0.0,"max_hp_gain":0.0,"max_hp_loss":0.0,"gold_gain":0.0,"event_name":"Shining Light","player_choice":"Entered Light","floor":3.0,"gold_loss":0.0,"damage_taken":15.0,"cards_upgraded":["Strike_B","Defend_B"]},{"damage_healed":0.0,"max_hp_gain":0.0,"max_hp_loss":0.0,"gold_gain":175.0,"event_name":"Liars Game","player_choice":"AGREE","floor":4.0,"gold_loss":0.0,"damage_taken":0.0,"cards_obtained":["Doubt"]},{"damage_healed":0.0,"max_hp_gain":0.0,"max_hp_loss":0.0,"gold_gain":75.0,"event_name":"World of Goop","player_choice":"Gather Gold","floor":13.0,"gold_loss":0.0,"damage_taken":11.0},{"cards_removed":["Doubt"],"damage_healed":0.0,"max_hp_gain":0.0,"max_hp_loss":0.0,"gold_gain":0.0,"event_name":"Beggar","player_choice":"Gave Gold","floor":19.0,"gold_loss":75.0,"damage_taken":0.0},{"damage_healed":0.0,"max_hp_gain":0.0,"max_hp_loss":0.0,"gold_gain":0.0,"event_name":"Nest","player_choice":"Joined the Cult","floor":22.0,"gold_loss":0.0,"damage_taken":6.0,"cards_obtained":["RitualDagger"]},{"cards_removed":["Strike_B"],"damage_healed":0.0,"max_hp_gain":0.0,"max_hp_loss":0.0,"gold_gain":0.0,"event_name":"Back to Basics","player_choice":"Elegance","floor":29.0,"gold_loss":0.0,"damage_taken":0.0},{"damage_healed":0.0,"max_hp_gain":0.0,"max_hp_loss":0.0,"gold_gain":0.0,"event_name":"Accursed Blacksmith","player_choice":"Forge","floor":39.0,"gold_loss":0.0,"damage_taken":0.0,"cards_upgraded":["Echo Form"]},{"damage_healed":0.0,"max_hp_gain":0.0,"max_hp_loss":0.0,"gold_gain":0.0,"event_name":"SensoryStone","player_choice":"Memory 1","floor":47.0,"gold_loss":0.0,"damage_taken":0.0}],"is_beta":false,"boss_relics":[{"not_picked":["Philosopher\u0027s Stone","Runic Dome"],"picked":"Sozu"},{"not_picked":["FrozenCore","Cursed Key"],"picked":"Empty Cage"}],"items_purged_floors":[11],"is_endless":false,"potions_floor_spawned":[7,14,18,27,28,35,41],"killed_by":"Awakened One","ascension_level":2}}