{"host":"0fm1w3v00gid44jl","time":1608863650,"event":{"mods":["AchievementEnabler","BaseMod","Colored Map","Colored Powertips","Displayed Cursed Tome","Downfall","Googly Eyes","Highlight Path","Minty Spire (QoL Compilation)","Permanent Neow","Relic Stats","StSLib","SuperFastMode","slay the spire mod where everything is the same but ironclad has a cowboy hat"],"gold_per_floor":[99,109,124,135,135,152,152,170,170,170,170],"floor_reached":9,"playtime":527,"items_purged":[],"score":61,"play_id":"1792a170-bb31-4410-8d62-955b55cce651","local_time":"20201224203410","is_ascension_mode":true,"campfire_choices":[{"data":"champ:SteelEdge","floor":1.0,"key":"SMITH"}],"circlet_count":0,"master_deck":["champ:Strike","champ:Strike","champ:Strike","champ:Strike","champ:Defend","champ:Defend","champ:Defend","champ:Defend","champ:Execute","champ:Taunt","champ:SteelEdge+1","champ:FocusedBerserking","champ:AdrenalArmor","champ:FocusedBerserking","champ:HeartStrike","champ:BerserkersShout"],"relics":["champ:ChampionCrown","Tiny Chest"],"acts_visited":["Exordium"],"potions_floor_usage":[],"damage_taken":[{"damage":5.0,"enemies":"2 Louse","floor":2.0,"turns":2.0},{"damage":10.0,"enemies":"Cultist","floor":3.0,"turns":3.0},{"damage":13.0,"enemies":"Small Slimes","floor":4.0,"turns":4.0},{"damage":28.0,"enemies":"3 Louse","floor":6.0,"turns":4.0},{"damage":53,"enemies":"Gremlin Gang","floor":8,"turns":7},{"damage":89,"enemies":"Lagavulin","floor":9,"turns":10}],"seed_played":"6309924703306469439","potions_obtained":[{"floor":2.0,"key":"SkillPotion"},{"floor":4.0,"key":"Guardian:BlockOnCardUsePotion"},{"floor":8,"key":"BlessingOfTheForge"}],"is_trial":false,"path_per_floor":["R","M","M","M","?","M","T","M","E"],"character_chosen":"THE_CHAMP","items_purchased":[],"campfire_rested":0,"item_purchase_floors":[],"current_hp_per_floor":[90,90,90,90,90,78,78,51,0,0,0],"gold":170,"neow_bonus":"ONE_RANDOM_RARE_CARD","is_daily":false,"chose_seed":false,"campfire_upgraded":1,"win_rate":0.0,"timestamp":1608863650,"path_taken":["R","M","M","M","?","M","T","M","E"],"items_purchased_type":[],"build_version":"2020-12-22","purchased_purges":0,"victory":false,"max_hp_per_floor":[90,90,90,90,90,90,90,90,90,90,90],"relic_stats":{"counters":[6,30],"Tiny Chest":0,"obtain_stats":[{"champ:ChampionCrown":0,"Tiny Chest":7},{"champ:ChampionCrown":0,"Tiny Chest":4},{"champ:ChampionCrown":0,"Tiny Chest":13}]},"card_choices":[{"not_picked":["champ:BringItOn","champ:DefensiveShout"],"picked":"champ:FocusedBerserking","floor":2.0},{"not_picked":["champ:Circumvent","champ:Haymaker"],"picked":"champ:AdrenalArmor","floor":3.0},{"not_picked":["champ:Haymaker","champ:Circumvent"],"picked":"champ:FocusedBerserking","floor":4.0},{"not_picked":["champ:FightOn","champ:EnchantShield","champ:TornadoPunch"],"picked":"SKIP","floor":6.0},{"not_picked":["champ:TornadoPunch","champ:Circumvent"],"picked":"champ:BerserkersShout","floor":8}],"player_experience":1449043,"relics_obtained":[{"floor":7.0,"key":"Tiny Chest"}],"event_choices":[],"is_beta":false,"boss_relics":[],"items_purged_floors":[],"is_endless":false,"potions_floor_spawned":[2,4,8],"killed_by":"Lagavulin","ascension_level":2}}