{"host":"2461dio7vetlq1z3","time":1608908960,"event":{"mods":["2.2 Compatiblity","AchievementEnabler","Aspiration","BaseMod","Better Third Choice","Hermit","Minty Spire (QoL Compilation)","Relic Stats","Spicy Shops","StSLib","The Runesmith","Waifu the Spire"],"gold_per_floor":[114,114,39,53,72,72,102,117,117,117,128,128,128],"floor_reached":12,"playtime":418,"items_purged":["Decay"],"score":160,"play_id":"81f5df45-0bf8-4678-86a8-9661416fc5cb","local_time":"20201225160920","is_ascension_mode":true,"campfire_choices":[{"data":"Bash","floor":6,"key":"SMITH"},{"data":"Hemokinesis","floor":10,"key":"SMITH"}],"circlet_count":0,"master_deck":["AscendersBane","Strike_R","Strike_R","Strike_R","Strike_R","Strike_R","Defend_R","Defend_R","Defend_R","Defend_R","Bash+1","Feel No Pain","Havoc","Sword Boomerang","Hemokinesis+1","Shrug It Off","Sever Soul"],"relics":["Burning Blood","Blue Candle","Letter Opener"],"acts_visited":["Exordium"],"potions_floor_usage":[7,7,11],"damage_taken":[{"damage":9,"enemies":"Jaw Worm","floor":1,"turns":5},{"damage":12,"enemies":"Cultist","floor":4,"turns":4},{"damage":7,"enemies":"Small Slimes","floor":5,"turns":4},{"damage":25,"enemies":"Gremlin Nob","floor":7,"turns":5},{"damage":21,"enemies":"3 Louse","floor":8,"turns":4},{"damage":35,"enemies":"Gremlin Gang","floor":11,"turns":8},{"damage":18,"enemies":"Lagavulin","floor":12,"turns":5}],"seed_played":"-8859322244228539135","potions_obtained":[{"floor":1,"key":"Ancient Potion"},{"floor":5,"key":"Block Potion"},{"floor":7,"key":"Regen Potion"}],"is_trial":false,"path_per_floor":["M","?","$","M","M","R","E","M","T","R","M","E"],"character_chosen":"IRONCLAD","items_purchased":[],"campfire_rested":0,"item_purchase_floors":[],"current_hp_per_floor":[72,72,72,66,65,65,46,31,31,31,16,0,0],"gold":128,"neow_bonus":"TEN_PERCENT_HP_BONUS","is_daily":false,"chose_seed":false,"campfire_upgraded":2,"win_rate":0.0,"timestamp":1608908960,"path_taken":["M","?","?","M","M","R","E","M","T","R","M","E"],"items_purchased_type":[],"build_version":"2020-12-22","purchased_purges":1,"victory":false,"max_hp_per_floor":[82,82,82,82,82,82,82,82,82,82,82,82,82],"relic_stats":{"counters":[7,35],"Blue Candle":[0],"Letter Opener":[0],"obtain_stats":[{"Blue Candle":7,"Letter Opener":9,"Burning Blood":0},{"Blue Candle":4,"Letter Opener":5,"Burning Blood":0},{"Blue Candle":18,"Letter Opener":22,"Burning Blood":0}],"Burning Blood":36},"card_choices":[{"not_picked":["Flex","Warcry"],"picked":"Feel No Pain","floor":1},{"not_picked":["Shrug It Off","Entrench"],"picked":"Havoc","floor":4},{"not_picked":["Searing Blow","Iron Wave"],"picked":"Sword Boomerang","floor":5},{"not_picked":["Evolve","Body Slam"],"picked":"Hemokinesis","floor":7},{"not_picked":["Perfected Strike","Searing Blow"],"picked":"Shrug It Off","floor":8},{"not_picked":["Clothesline","Cleave"],"picked":"Sever Soul","floor":11}],"player_experience":938820,"relics_obtained":[{"floor":7,"key":"Blue Candle"},{"floor":9,"key":"Letter Opener"}],"event_choices":[{"damage_healed":0,"gold_gain":0,"player_choice":"Cursed","damage_taken":0,"max_hp_gain":0,"max_hp_loss":0,"event_name":"Wheel of Change","floor":2,"gold_loss":0,"cards_obtained":["Decay"]}],"is_beta":false,"boss_relics":[],"items_purged_floors":[3],"is_endless":false,"potions_floor_spawned":[1,5,7],"killed_by":"Lagavulin","ascension_level":20}}