{"host":"g6de5jjas85bb8qt","time":1608920625,"event":{"mods":["2.2 Compatiblity","BaseMod","BetterRewards","Colored Map","Infinite Spire","Minty Spire (QoL Compilation)","StSLib","The Animator"],"gold_per_floor":[118,130,4,23,38,73,73,73,154,154,181,199,219,319,319,417,417,429,443,443,463,212,212,232,232,232,107,127,158,158,169,169,273,273,283,383,402,416,431,443,443,443,443,293,305,353,353,353,353,353],"floor_reached":51,"playtime":3128,"items_purged":["Strike_B","FTL","Zap","Strike_B","Strike_B"],"score":931,"play_id":"5ff08c89-91a8-4e1c-bc75-ba92d8ea08cd","local_time":"20201225202345","is_ascension_mode":false,"campfire_choices":[{"data":"Beam Cell","floor":10,"key":"SMITH"},{"floor":15,"key":"REST"},{"data":"Creative AI","floor":23,"key":"SMITH"},{"data":"Footwork","floor":25,"key":"SMITH"},{"data":"infinitespire:Oblivion","floor":30,"key":"SMITH"},{"data":"Reboot","floor":32,"key":"SMITH"},{"floor":41,"key":"REST"},{"data":"infinitespire:Oblivion","floor":47,"key":"SMITH"},{"data":"animator:PinaCoLada","floor":49,"key":"SMITH"}],"circlet_count":0,"master_deck":["Strike_B","Defend_B","Defend_B","Dualcast","Turbo","Beam Cell+1","Steam","Go for the Eyes","Conserve Battery","Chill","Hologram+1","Creative AI+1","Reinforced Body","Reboot+1","White Noise","infinitespire:Oblivion+1","Footwork+1","animator:PinaCoLada+1","infinitespire:Oblivion+1","animator:Tatsumaki+1","animator:Darkness+1"],"relics":["Cracked Core","Shuriken","Mango","infinitespire:ShieldingShard","Art of War","Snecko Eye","Sozu","PrismaticShard","Singing Bowl","Eternal Feather","Nuclear Battery","Girya","Question Card","Pocketwatch"],"acts_visited":["Exordium","TheCity","TheBeyond"],"potions_floor_usage":[11,15],"damage_taken":[{"damage":3,"enemies":"2 Louse","floor":1,"turns":3},{"damage":0,"enemies":"Cultist","floor":2,"turns":3},{"damage":0,"enemies":"Jaw Worm","floor":4,"turns":3},{"damage":2,"enemies":"Red Slaver","floor":5,"turns":3},{"damage":27,"enemies":"Gremlin Nob","floor":6,"turns":5},{"damage":1,"enemies":"3 Sentries","floor":11,"turns":9},{"damage":1,"enemies":"Blue Slaver","floor":12,"turns":4},{"damage":13,"enemies":"Exordium Wildlife","floor":13,"turns":3},{"damage":27,"enemies":"Hexaghost","floor":16,"turns":9},{"damage":19,"enemies":"Spheric Guardian","floor":18,"turns":6},{"damage":3,"enemies":"Chosen","floor":19,"turns":7},{"damage":4,"enemies":"Centurion and Healer","floor":21,"turns":6},{"damage":0,"enemies":"Shelled Parasite and Fungi","floor":24,"turns":5},{"damage":0,"enemies":"Snake Plant","floor":28,"turns":5},{"damage":10,"enemies":"Book of Stabbing","floor":29,"turns":7},{"damage":0,"enemies":"Centurion and Healer","floor":31,"turns":7},{"damage":0,"enemies":"Collector","floor":33,"turns":9},{"damage":8,"enemies":"3 Shapes","floor":35,"turns":5},{"damage":12,"enemies":"infinitespire:Three Voidlings","floor":36,"turns":5},{"damage":66,"enemies":"Nightmare_Alpha","floor":36,"turns":11},{"damage":10,"enemies":"3 Darklings","floor":37,"turns":4},{"damage":1,"enemies":"Writhing Mass","floor":38,"turns":5},{"damage":1,"enemies":"Sphere and 2 Shapes","floor":39,"turns":5},{"damage":0,"enemies":"Jaw Worm Horde","floor":40,"turns":3},{"damage":2,"enemies":"Maw","floor":45,"turns":6},{"damage":0,"enemies":"2 Orb Walkers","floor":46,"turns":5},{"damage":11,"enemies":"Time Eater","floor":50,"turns":10}],"seed_played":"2486492116530293606","potions_obtained":[{"floor":2,"key":"BlessingOfTheForge"},{"floor":13,"key":"Fruit Juice"}],"is_trial":false,"path_per_floor":["M","M","$","M","M","E","?","?","T","R","E","M","M","?","R","B",null,"M","M","AVR","M","$","R","M","R","T","$","M","E","R","M","R","B",null,"M","?","M","M","M","M","R","?","T","$","M","?","R","?","R","B",null],"character_chosen":"DEFECT","items_purchased":["Shuriken","Turbo","Beam Cell","Steam","FTL","Conserve Battery","PrismaticShard"],"campfire_rested":2,"item_purchase_floors":[0,0,0,0,3,3,22],"current_hp_per_floor":[64,64,64,64,62,49,49,49,49,49,48,47,34,34,64,37,89,70,67,67,63,63,63,63,63,63,63,65,57,66,68,77,77,95,89,17,7,8,9,9,51,51,51,51,51,53,65,65,77,66],"gold":353,"neow_bonus":"","is_daily":false,"chose_seed":false,"campfire_upgraded":7,"win_rate":0.0,"timestamp":1608920625,"path_taken":["M","M","$","M","M","E","?","?","T","R","E","M","?","?","R","BOSS","M","M","AVR","M","$","R","M","R","T","$","M","E","R","M","R","BOSS","M","?","M","M","M","M","R","?","T","?","M","?","R","?","R","BOSS"],"items_purchased_type":["Relic","Card","Card","Card","Card","Card","Relic"],"build_version":"2020-12-22","purchased_purges":5,"victory":true,"max_hp_per_floor":[70,70,70,70,70,84,84,84,84,84,84,84,84,84,89,89,89,89,89,89,89,89,89,89,89,89,89,91,93,93,95,95,95,95,97,99,99,101,103,103,103,103,103,103,105,107,107,102,102,102],"card_choices":[{"not_picked":["Chaos","Rebound"],"picked":"Go for the Eyes","floor":1},{"not_picked":["Compile Driver","Leap","Skim"],"picked":"SKIP","floor":2},{"not_picked":["Rebound","Lockon","Steam"],"picked":"SKIP","floor":4},{"not_picked":["Scrape","Rainbow"],"picked":"Chill","floor":5},{"not_picked":["Sweeping Beam","Consume"],"picked":"Hologram","floor":6},{"not_picked":["Aggregate","Beam Cell"],"picked":"Creative AI","floor":11},{"not_picked":["Beam Cell","Aggregate","Chaos"],"picked":"SKIP","floor":12},{"not_picked":["Streamline","Stack"],"picked":"Reinforced Body","floor":13},{"not_picked":["Thunder Strike","Electrodynamics"],"picked":"Reboot","floor":16},{"not_picked":["Beam Cell+1","Steam Power","Undo+1"],"picked":"SKIP","floor":18},{"not_picked":["Compile Driver+1","Gash"],"picked":"White Noise","floor":19},{"not_picked":["Steam Power","Leap+1","Conserve Battery"],"picked":"SKIP","floor":21},{"not_picked":["animator:ElricEdward","Prostrate"],"picked":"Footwork","floor":24},{"not_picked":["animator:Spearman","Entrench","Cleave"],"picked":"Singing Bowl","floor":28},{"not_picked":["Transmutation","animator:HarukoHaruhara","Tempest"],"picked":"Singing Bowl","floor":29},{"not_picked":["animator:Millim","animator:Kaijin","Discovery"],"picked":"Singing Bowl","floor":31},{"not_picked":["Burst","Bullet Time"],"picked":"animator:PinaCoLada","floor":33},{"not_picked":["Poisoned Stab","FlurryOfBlows","CarveReality"],"picked":"Singing Bowl","floor":35},{"not_picked":["infinitespire:TheBestDefense","infinitespire:Gouge"],"picked":"infinitespire:Oblivion","floor":36},{"not_picked":["Flex+1","Reflex","animator:Rider"],"picked":"Singing Bowl","floor":36},{"not_picked":["Dropkick+1","Armaments"],"picked":"animator:Tatsumaki+1","floor":37},{"not_picked":["animator:Tet+1","animator:Chung","animator:Kuroyukihime+1"],"picked":"Singing Bowl","floor":38},{"not_picked":["animator:Shion","Brutality","Infinite Blades+1"],"picked":"Singing Bowl","floor":39},{"not_picked":["animator:Guy+1","Thunderclap"],"picked":"animator:Darkness+1","floor":40},{"not_picked":["Headbutt","animator:LeleiLaLalena","animator:Kaijin+1","animator:IrohaTamaki+1"],"picked":"Singing Bowl","floor":45},{"not_picked":["animator:Shigure+1","Skewer","Shrug It Off","animator:Elsword"],"picked":"Singing Bowl","floor":46}],"player_experience":446219,"relics_obtained":[{"floor":6,"key":"Mango"},{"floor":9,"key":"infinitespire:ShieldingShard"},{"floor":11,"key":"Art of War"},{"floor":26,"key":"Singing Bowl"},{"floor":29,"key":"Eternal Feather"},{"floor":36,"key":"Girya"},{"floor":43,"key":"Question Card"},{"floor":46,"key":"Pocketwatch"}],"event_choices":[{"cards_removed":["Defend_B"],"damage_healed":0,"gold_gain":0,"player_choice":"Forget","damage_taken":0,"max_hp_gain":0,"max_hp_loss":0,"event_name":"Living Wall","floor":7,"gold_loss":0},{"damage_healed":0,"gold_gain":0,"player_choice":"Forge","damage_taken":0,"max_hp_gain":0,"max_hp_loss":0,"event_name":"Accursed Blacksmith","floor":8,"gold_loss":0,"cards_upgraded":["Hologram"]},{"damage_healed":0,"gold_gain":100,"player_choice":"Gold","damage_taken":0,"max_hp_gain":0,"max_hp_loss":0,"event_name":"Wheel of Change","floor":14,"gold_loss":0},{"cards_removed":["Defend_B"],"damage_healed":0,"gold_gain":0,"player_choice":"Removed Skill","damage_taken":0,"max_hp_gain":0,"max_hp_loss":0,"event_name":"Falling","floor":42,"gold_loss":0},{"damage_healed":0,"gold_gain":0,"player_choice":"Fight","damage_taken":0,"max_hp_gain":0,"max_hp_loss":0,"event_name":"Mysterious Sphere","floor":46,"gold_loss":0},{"damage_healed":0,"gold_gain":0,"player_choice":"Max HP","damage_taken":0,"max_hp_gain":0,"max_hp_loss":5,"event_name":"Winding Halls","floor":48,"gold_loss":0}],"is_beta":false,"boss_relics":[{"not_picked":["Tiny House","Empty Cage"],"picked":"Snecko Eye"},{"not_picked":["SacredBark","FrozenCore"],"picked":"Nuclear Battery"}],"items_purged_floors":[0,20,22,27,44],"is_endless":false,"potions_floor_spawned":[2,5,13,21,24,29,33,35,36,39,40],"ascension_level":0}}