{"host":"tiwza2kisyyrpq7h","time":1608914690,"event":{"mods":["BaseMod","Better-Laid Plans","BetterRewards","Colored Powertips","Downfall","Minty Spire (QoL Compilation)","Quick Restart","Rare Cards Sparkle","Shop Mod","StSLib","SuperFastMode","The Servant 0.9.4","óô»ðÖ¸ÄÏ"],"gold_per_floor":[99,114,124,124,124,149,203,203,0,100,100,100,100],"floor_reached":11,"playtime":434,"items_purged":["Regret"],"score":83,"play_id":"da55d5da-a386-4fe8-945f-ba8f5b98ce7a","local_time":"20201226004450","is_ascension_mode":true,"campfire_choices":[{"data":"Slimebound:Split","floor":1.0,"key":"SMITH"}],"circlet_count":0,"master_deck":["Slimebound:Strike_Slimebound","Slimebound:Strike_Slimebound","Slimebound:Tackle","Slimebound:Defend_Slimebound","Slimebound:Defend_Slimebound","Slimebound:Defend_Slimebound","Slimebound:Split+1","Slimebound:CorrosiveSpit","Slimebound:Recollect","Slimebound:Gluttony","Slimebound:SplitLeeching","Slimebound:Prepare","Slimebound:OozeBath+1","Slimebound:Replication"],"relics":["SlaversCollar","Bag of Preparation","Bird Faced Urn","Strawberry","Ancient Tea Set","Slimebound:GreedOozeRelic"],"acts_visited":["Exordium"],"potions_floor_usage":[10],"damage_taken":[{"damage":11.0,"enemies":"Jaw Worm","floor":2.0,"turns":3.0},{"damage":0.0,"enemies":"2 Louse","floor":3.0,"turns":2.0},{"damage":57,"enemies":"Gremlin Nob","floor":6,"turns":4},{"damage":27,"enemies":"downfall:Heads","floor":10,"turns":5},{"damage":30,"enemies":"3 Sentries","floor":11,"turns":2}],"seed_played":"-531092561930343630","potions_obtained":[{"floor":6,"key":"DuplicationPotion"}],"is_trial":false,"path_per_floor":["R","M","M","?","?","E","T","?","R","?","E"],"character_chosen":"SLIMEBOUND","items_purchased":["Slimebound:Prepare"],"campfire_rested":0,"item_purchase_floors":[9],"current_hp_per_floor":[60,57,57,57,54,22,22,22,22,17,0,0,0],"gold":100,"neow_bonus":"BOSS_RELIC","is_daily":false,"chose_seed":false,"campfire_upgraded":1,"win_rate":0.0,"timestamp":1608914690,"path_taken":["R","M","M","?","?","E","T","?","R","?","E"],"items_purchased_type":["Card"],"build_version":"2020-12-22","purchased_purges":1,"victory":false,"max_hp_per_floor":[60,60,60,60,60,67,67,67,67,67,67,67,67],"card_choices":[{"not_picked":["Slimebound:GrowthPunch","Slimebound:Repurpose"],"picked":"Slimebound:Recollect","floor":2.0},{"not_picked":["Slimebound:ViciousTackle","Slimebound:ComboTackle"],"picked":"Slimebound:Gluttony","floor":3.0},{"not_picked":["Slimebound:PressTheAttack","Slimebound:ComboTackle"],"picked":"Slimebound:SplitLeeching","floor":6},{"not_picked":["Slimebound:GoopSpray","Slimebound:OozeBath"],"picked":"Slimebound:Replication","floor":10}],"player_experience":930775,"relics_obtained":[{"floor":6,"key":"Strawberry"},{"floor":7,"key":"Ancient Tea Set"}],"event_choices":[{"damage_healed":0.0,"max_hp_gain":0.0,"max_hp_loss":0.0,"gold_gain":0.0,"event_name":"Big Fish","player_choice":"Box","floor":4.0,"gold_loss":0.0,"damage_taken":0.0,"relics_obtained":["Bag of Preparation"],"cards_obtained":["Regret"]},{"damage_healed":0.0,"max_hp_gain":0.0,"max_hp_loss":0.0,"gold_gain":0.0,"event_name":"Scrap Ooze","player_choice":"Success","floor":5.0,"gold_loss":0.0,"damage_taken":3.0,"relics_obtained":["Bird Faced Urn"]}],"is_beta":false,"boss_relics":[],"items_purged_floors":[9],"is_endless":false,"potions_floor_spawned":[6],"killed_by":"3 Sentries","ascension_level":4}}