{"host":"wkq136ike0ligh15","time":1608872237,"event":{"mods":["Bard","BaseMod","Clockwork Mod","Minty Spire (QoL Compilation)","StSLib"],"gold_per_floor":[119,119,294,1,1,31,46,77,77,27,60,60,74,86,86,181,181,193,207,223,223,235,267,38,38,38,56,71,82,82,82,82],"floor_reached":31,"playtime":1022,"items_purged":["Doubt"],"score":302,"play_id":"a3ecfe56-5700-4900-a262-1ac6bf5cefb9","local_time":"20201224235717","is_ascension_mode":false,"campfire_choices":[{"floor":12,"key":"REST"},{"floor":15,"key":"REST"},{"floor":25,"key":"REST"},{"floor":30,"key":"RECALL"}],"circlet_count":0,"master_deck":["Strike_B","Strike_B","Strike_B+1","Strike_B+1","Defend_B","Defend_B","Defend_B","Defend_B","Zap","Dualcast","Chill","Lockon+1","Scrape+1","Rainbow","Ball Lightning+1","Buffer","White Noise","Self Repair","Echo Form","Force Field","Cold Snap+1","Undo","White Noise","Sweeping Beam+1","Stack+1","Streamline+1","Conserve Battery","Melter+1","Rebound+1","Static Discharge"],"relics":["Black Star","Molten Egg 2","Happy Flower","WingedGreaves","Calipers","FossilizedHelix","Toy Ornithopter","Boot","Tiny Chest","Singing Bowl","Whetstone","Fusion Hammer","Bronze Scales","Bottled Lightning","MealTicket","Shovel"],"acts_visited":["Exordium","TheCity"],"potions_floor_usage":[14,16,22,27,31],"damage_taken":[{"damage":0,"enemies":"Small Slimes","floor":1,"turns":3},{"damage":20,"enemies":"3 Sentries","floor":6,"turns":11},{"damage":0,"enemies":"2 Louse","floor":7,"turns":2},{"damage":25,"enemies":"Gremlin Nob","floor":8,"turns":4},{"damage":0,"enemies":"3 Sentries","floor":11,"turns":4},{"damage":0,"enemies":"Jaw Worm","floor":13,"turns":3},{"damage":0,"enemies":"Lots of Slimes","floor":14,"turns":1},{"damage":53,"enemies":"The Guardian","floor":16,"turns":11},{"damage":20,"enemies":"3 Byrds","floor":18,"turns":5},{"damage":18,"enemies":"Shell Parasite","floor":19,"turns":5},{"damage":10,"enemies":"Centurion and Healer","floor":20,"turns":8},{"damage":0,"enemies":"Snecko","floor":22,"turns":4},{"damage":44,"enemies":"Slavers","floor":23,"turns":6},{"damage":17,"enemies":"Snake Plant","floor":27,"turns":4},{"damage":0,"enemies":"Cultist and Chosen","floor":28,"turns":6},{"damage":0,"enemies":"Snecko","floor":29,"turns":4},{"damage":51,"enemies":"Gremlin Leader","floor":31,"turns":5}],"seed_played":"-3176658795391244030","potions_obtained":[{"floor":8,"key":"SkillPotion"},{"floor":11,"key":"LiquidMemories"},{"floor":13,"key":"Regen Potion"},{"floor":16,"key":"Weak Potion"},{"floor":23,"key":"Swift Potion"},{"floor":29,"key":"AttackPotion"}],"is_trial":false,"path_per_floor":["M","?","?","$","?","E","M","E","T","$","E","R","M","M","R","B",null,"M","M","M","?","M","E","$","R","T","M","M","M","R","E"],"character_chosen":"DEFECT","items_purchased":["Happy Flower","Chill","Ball Lightning+1","MealTicket","Streamline+1","Conserve Battery"],"campfire_rested":3,"item_purchase_floors":[4,4,10,24,24,24],"current_hp_per_floor":[75,57,57,57,57,37,37,12,12,12,12,34,34,39,61,20,75,62,44,41,41,53,9,9,31,31,26,33,40,40,0,0],"gold":82,"neow_bonus":"BOSS_RELIC","is_daily":false,"chose_seed":false,"campfire_upgraded":0,"win_rate":0.0,"timestamp":1608872237,"path_taken":["M","?","?","$","?","E","?","E","T","$","E","R","M","M","R","BOSS","M","?","M","?","M","E","$","R","T","M","M","?","R","E"],"items_purchased_type":["Relic","Card","Card","Relic","Card","Card"],"build_version":"2020-12-22","purchased_purges":1,"victory":false,"max_hp_per_floor":[75,75,75,75,75,75,75,75,75,75,75,75,75,75,75,75,75,75,75,75,75,75,75,75,75,75,75,75,75,75,75,75],"card_choices":[{"not_picked":["Barrage","Self Repair"],"picked":"Ball Lightning","floor":1},{"not_picked":["Turbo","Coolheaded"],"picked":"Lockon+1","floor":6},{"not_picked":["Gash+1","Streamline+1"],"picked":"Scrape+1","floor":7},{"not_picked":["Steam","BootSequence"],"picked":"Rainbow","floor":8},{"not_picked":["Coolheaded","Meteor Strike+1"],"picked":"Buffer","floor":11},{"not_picked":["Beam Cell+1","Consume"],"picked":"White Noise","floor":13},{"not_picked":["Go for the Eyes+1","Defragment"],"picked":"Self Repair","floor":14},{"not_picked":["Buffer","Creative AI"],"picked":"Echo Form","floor":16},{"not_picked":["Consume","BootSequence"],"picked":"Force Field","floor":18},{"not_picked":["Self Repair","Streamline+1"],"picked":"Cold Snap+1","floor":19},{"not_picked":["Cold Snap+1","Blizzard+1"],"picked":"Undo","floor":20},{"not_picked":["Stack","Go for the Eyes+1"],"picked":"Sweeping Beam+1","floor":22},{"not_picked":["Leap+1","Consume"],"picked":"Stack+1","floor":23},{"not_picked":["BootSequence+1","Cold Snap+1"],"picked":"Melter+1","floor":27},{"not_picked":["Compile Driver+1","Chill"],"picked":"Rebound+1","floor":28},{"not_picked":["Reinforced Body","Loop"],"picked":"Static Discharge","floor":29}],"player_experience":237033,"relics_obtained":[{"floor":6,"key":"Calipers"},{"floor":6,"key":"FossilizedHelix"},{"floor":8,"key":"Toy Ornithopter"},{"floor":8,"key":"Boot"},{"floor":9,"key":"Tiny Chest"},{"floor":11,"key":"Singing Bowl"},{"floor":11,"key":"Whetstone"},{"floor":23,"key":"Bronze Scales"},{"floor":23,"key":"Bottled Lightning"},{"floor":26,"key":"Shovel"}],"event_choices":[{"damage_healed":0,"gold_gain":0,"player_choice":"Success","damage_taken":18,"relics_obtained":["Molten Egg 2"],"max_hp_gain":0,"max_hp_loss":0,"event_name":"Scrap Ooze","floor":2,"gold_loss":0},{"damage_healed":0,"gold_gain":175,"player_choice":"AGREE","damage_taken":0,"max_hp_gain":0,"max_hp_loss":0,"event_name":"Liars Game","floor":3,"gold_loss":0,"cards_obtained":["Doubt"]},{"cards_removed":["Ball Lightning"],"damage_healed":0,"gold_gain":0,"player_choice":"Gave Card","damage_taken":0,"relics_obtained":["WingedGreaves"],"max_hp_gain":0,"max_hp_loss":0,"event_name":"WeMeetAgain","floor":5,"gold_loss":0},{"damage_healed":0,"gold_gain":0,"player_choice":"Copied","damage_taken":0,"max_hp_gain":0,"max_hp_loss":0,"event_name":"Duplicator","floor":21,"gold_loss":0,"cards_obtained":["White Noise"]}],"is_beta":false,"boss_relics":[{"not_picked":["Coffee Dripper","Philosopher\u0027s Stone"],"picked":"Fusion Hammer"}],"items_purged_floors":[4],"is_endless":false,"potions_floor_spawned":[8,11,13,16,23,29],"killed_by":"Gremlin Leader","ascension_level":0}}