{"host":"y76clbnovzmw9ubx","time":1608937062,"event":{"mods":["AchievementEnabler","BaseMod","Minty Spire (QoL Compilation)","Permanent Neow","Relic Stats"],"gold_per_floor":[119,132,7,18,34,34,61,26,79,122,134,146,176,203,215,300,312,224,249,261,273,297,334,346,358,358],"floor_reached":25,"playtime":4982,"items_purged":["Defend_R"],"score":462,"play_id":"6b49f21a-5e69-4660-970c-b3dc1fa29e31","local_time":"20201225175742","is_ascension_mode":true,"campfire_choices":[{"data":"True Grit","floor":6.0,"key":"SMITH"},{"floor":15.0,"key":"REST"},{"floor":24,"key":"REST"}],"circlet_count":0,"master_deck":["AscendersBane","Strike_R","Strike_R","Defend_R","Defend_R","Bash","Entrench+1","Wild Strike+1","Metallicize+1","Power Through","True Grit+1","Carnage","Rampage","Burning Pact","Armaments","Sword Boomerang","Reaper","Twin Strike","Shockwave","Juggernaut"],"relics":["Astrolabe","InkBottle","MawBank","Vajra","HornCleat","Snecko Eye","Lizard Tail"],"acts_visited":["Exordium","TheCity"],"potions_floor_usage":[25],"damage_taken":[{"damage":10.0,"enemies":"Small Slimes","floor":1.0,"turns":3.0},{"damage":12.0,"enemies":"Jaw Worm","floor":2.0,"turns":2.0},{"damage":12.0,"enemies":"Cultist","floor":4.0,"turns":8.0},{"damage":3.0,"enemies":"3 Louse","floor":5.0,"turns":4.0},{"damage":11.0,"enemies":"Lagavulin","floor":7.0,"turns":8.0},{"damage":49.0,"enemies":"Gremlin Nob","floor":10.0,"turns":5.0},{"damage":0.0,"enemies":"Blue Slaver","floor":13.0,"turns":3.0},{"damage":0.0,"enemies":"Looter","floor":14.0,"turns":3.0},{"damage":18.0,"enemies":"The Guardian","floor":16.0,"turns":13.0},{"damage":12.0,"enemies":"2 Thieves","floor":18.0,"turns":5.0},{"damage":0.0,"enemies":"Spheric Guardian","floor":19.0,"turns":3.0},{"damage":8,"enemies":"Centurion and Healer","floor":22,"turns":5},{"damage":48,"enemies":"Book of Stabbing","floor":23,"turns":6},{"damage":103,"enemies":"Slavers","floor":25,"turns":9}],"seed_played":"-8234420757378378645","potions_obtained":[{"floor":2.0,"key":"BloodPotion"},{"floor":13.0,"key":"AttackPotion"},{"floor":14.0,"key":"Ancient Potion"},{"floor":19.0,"key":"SmokeBomb"},{"floor":23,"key":"Weak Potion"}],"is_trial":false,"path_per_floor":["M","M","$","M","M","R","E","?","T","E","?","T","M","M","R","B",null,"M","M","?","?","M","E","R","E"],"character_chosen":"IRONCLAD","items_purchased":["True Grit"],"campfire_rested":2,"item_purchase_floors":[3],"current_hp_per_floor":[58,46,46,34,31,31,20,38,38,4,4,4,4,4,26,8,58,56,56,56,56,63,22,44,0,0],"gold":358,"neow_bonus":"BOSS_RELIC","is_daily":false,"chose_seed":false,"campfire_upgraded":1,"win_rate":0.0,"timestamp":1608937062,"path_taken":["M","M","$","M","M","R","E","?","T","E","?","?","M","M","R","BOSS","M","?","?","?","M","E","R","E"],"items_purchased_type":["Card"],"build_version":"2020-12-22","purchased_purges":1,"victory":false,"max_hp_per_floor":[75,75,75,75,75,75,75,75,75,75,75,75,75,75,75,75,75,75,75,75,75,75,75,75,75,75],"relic_stats":{"Lizard Tail":37,"counters":[14,77],"Astrolabe":["Entrench","Wild Strike","Metallicize"],"Snecko Eye":[49,39,45,39],"MawBank":192,"obtain_stats":[{"Lizard Tail":23,"HornCleat":12,"Astrolabe":0,"Vajra":10,"Snecko Eye":17,"MawBank":9,"Burning Blood":0,"InkBottle":7},{"Lizard Tail":13,"HornCleat":6,"Astrolabe":0,"Vajra":6,"Snecko Eye":9,"MawBank":5,"Burning Blood":0,"InkBottle":5},{"Lizard Tail":68,"HornCleat":30,"Astrolabe":0,"Vajra":30,"Snecko Eye":49,"MawBank":25,"Burning Blood":0,"InkBottle":25}],"InkBottle":[14]},"card_choices":[{"not_picked":["Clothesline","Sword Boomerang","Heavy Blade"],"picked":"SKIP","floor":1.0},{"not_picked":["True Grit","Sentinel"],"picked":"Power Through","floor":2.0},{"not_picked":["Rampage","Rupture"],"picked":"Carnage","floor":4.0},{"not_picked":["Body Slam","Twin Strike"],"picked":"Rampage","floor":5.0},{"not_picked":["Intimidate","Warcry"],"picked":"Burning Pact","floor":7.0},{"not_picked":["Dropkick","Exhume"],"picked":"Armaments","floor":10.0},{"not_picked":["Thunderclap","Burning Pact","Body Slam"],"picked":"SKIP","floor":13.0},{"not_picked":["Clash","Wild Strike"],"picked":"Sword Boomerang","floor":14.0},{"not_picked":["Immolate","Demon Form"],"picked":"Reaper","floor":16.0},{"not_picked":["Sentinel","Reckless Charge"],"picked":"Twin Strike","floor":18.0},{"not_picked":["Rampage","Clash","Thunderclap"],"picked":"SKIP","floor":19.0},{"not_picked":["Whirlwind","Thunderclap"],"picked":"Shockwave","floor":22},{"not_picked":["Body Slam","Pommel Strike"],"picked":"Juggernaut","floor":23}],"player_experience":2979452,"relics_obtained":[{"floor":7.0,"key":"InkBottle"},{"floor":9.0,"key":"MawBank"},{"floor":10.0,"key":"Vajra"},{"floor":12.0,"key":"HornCleat"},{"floor":23,"key":"Lizard Tail"}],"event_choices":[{"damage_healed":18.0,"max_hp_gain":0.0,"max_hp_loss":0.0,"gold_gain":0.0,"event_name":"The Cleric","player_choice":"Healed","floor":8.0,"gold_loss":35.0,"damage_taken":0.0},{"damage_healed":0.0,"max_hp_gain":0.0,"max_hp_loss":0.0,"gold_gain":0.0,"event_name":"Shining Light","player_choice":"Ignored","floor":11.0,"gold_loss":0.0,"damage_taken":0.0},{"cards_removed":["Strike_R"],"damage_healed":0,"gold_gain":0,"player_choice":"Elegance","damage_taken":0,"max_hp_gain":0,"max_hp_loss":0,"event_name":"Back to Basics","floor":20,"gold_loss":0},{"damage_healed":0,"gold_gain":0,"player_choice":"Ignored","damage_taken":0,"max_hp_gain":0,"max_hp_loss":0,"event_name":"Vampires","floor":21,"gold_loss":0}],"is_beta":false,"boss_relics":[{"not_picked":["Cursed Key","Busted Crown"],"picked":"Snecko Eye"}],"items_purged_floors":[3],"is_endless":false,"potions_floor_spawned":[2,13,14,16,19,23],"killed_by":"Slavers","ascension_level":20}}