{"host":"7cfzm0fn42wwm7gf","time":1608900840,"event":{"mods":["Alarm Clock","BaseMod","Colored Powertips","Highlight Path","Minty Spire (QoL Compilation)","Quick Restart","Relic Stats","Waifu the Spire"],"gold_per_floor":[118,88,106,31,47,47,47,66,93,93,123,123,140,160,160,238,238,209,308,308,326,326,326,326],"floor_reached":23,"playtime":671,"items_purged":["Normality"],"score":325,"play_id":"27e15497-d80d-49db-9bc1-5c7d4d18785a","local_time":"20201225205400","is_ascension_mode":true,"campfire_choices":[{"data":"Apotheosis","floor":6.0,"key":"SMITH"},{"data":"A Thousand Cuts","floor":10.0,"key":"SMITH"},{"floor":12.0,"key":"REST"},{"data":"Calculated Gamble","floor":15.0,"key":"SMITH"}],"circlet_count":0,"master_deck":["AscendersBane","Strike_G","Strike_G","Strike_G","Strike_G","Strike_G","Defend_G+1","Defend_G","Defend_G","Defend_G","Defend_G+1","Survivor","Neutralize","Apotheosis+1","Underhanded Strike","Bouncing Flask","Terror","Sucker Punch","A Thousand Cuts+1","Neutralize","Underhanded Strike","Dagger Spray","Calculated Gamble+1","Acrobatics"],"relics":["Ring of the Snake","Orichalcum","War Paint","HoveringKite"],"acts_visited":["Exordium","TheCity"],"potions_floor_usage":[23],"damage_taken":[{"damage":0.0,"enemies":"Jaw Worm","floor":1.0,"turns":6.0},{"damage":2.0,"enemies":"Cultist","floor":3.0,"turns":4.0},{"damage":0.0,"enemies":"2 Louse","floor":5.0,"turns":2.0},{"damage":14.0,"enemies":"Exordium Thugs","floor":8.0,"turns":4.0},{"damage":13.0,"enemies":"Gremlin Nob","floor":11.0,"turns":4.0},{"damage":5.0,"enemies":"Looter","floor":13.0,"turns":4.0},{"damage":0.0,"enemies":"2 Fungi Beasts","floor":14.0,"turns":3.0},{"damage":18.0,"enemies":"Hexaghost","floor":16.0,"turns":10.0},{"damage":30.0,"enemies":"2 Thieves","floor":18.0,"turns":5.0},{"damage":4.0,"enemies":"Chosen","floor":21.0,"turns":3.0},{"damage":14,"enemies":"Gremlin Leader","floor":23,"turns":6}],"seed_played":"380419869467464867","potions_obtained":[{"floor":2.0,"key":"FairyPotion"},{"floor":2.0,"key":"Explosive Potion"},{"floor":8.0,"key":"Ancient Potion"},{"floor":18.0,"key":"Energy Potion"}],"is_trial":false,"path_per_floor":["M","?","M","$","M","R","?","M","T","R","E","R","M","M","R","B",null,"M","?","?","M","?","E"],"character_chosen":"THE_SILENT","items_purchased":[],"campfire_rested":1,"item_purchase_floors":[],"current_hp_per_floor":[59,59,57,57,57,57,57,43,43,43,30,49,44,44,44,26,56,26,26,26,22,10,21,21],"gold":326,"neow_bonus":"RANDOM_COLORLESS_2","is_daily":false,"chose_seed":false,"campfire_upgraded":3,"win_rate":0.0,"timestamp":1608900840,"path_taken":["M","?","?","$","M","R","?","M","T","R","E","R","M","M","R","BOSS","M","?","?","M","?","E"],"items_purchased_type":[],"build_version":"2020-12-22","purchased_purges":1,"victory":false,"max_hp_per_floor":[66,66,66,66,66,66,66,66,66,66,66,66,66,66,66,66,66,66,66,66,66,71,71,71],"relic_stats":{"counters":[11,51],"HoveringKite":[9],"Orichalcum":[54],"War Paint":["Defend_G","Defend_G"],"obtain_stats":[{"HoveringKite":17,"Orichalcum":9,"War Paint":11,"Ring of the Snake":0},{"HoveringKite":8,"Orichalcum":4,"War Paint":5,"Ring of the Snake":0},{"HoveringKite":37,"Orichalcum":16,"War Paint":20,"Ring of the Snake":0}],"Ring of the Snake":[22]},"card_choices":[{"not_picked":["The Bomb","Secret Technique"],"picked":"Apotheosis","floor":0.0},{"not_picked":["Deflect","Bane"],"picked":"Underhanded Strike","floor":1.0},{"not_picked":["Flying Knee","Dagger Spray"],"picked":"Bouncing Flask","floor":3.0},{"not_picked":["Underhanded Strike","Escape Plan"],"picked":"Terror","floor":5.0},{"not_picked":["Outmaneuver","Blade Dance","Choke"],"picked":"SKIP","floor":8.0},{"not_picked":["Escape Plan","Sucker Punch"],"picked":"Underhanded Strike","floor":11.0},{"not_picked":["Wraith Form v2","Outmaneuver"],"picked":"Dagger Spray","floor":13.0},{"not_picked":["Dodge and Roll","Eviscerate"],"picked":"Calculated Gamble","floor":14.0},{"not_picked":["Flying Knee","Finisher"],"picked":"Acrobatics","floor":18.0},{"not_picked":["Deflect+1","Flechettes","Heel Hook"],"picked":"SKIP","floor":21.0}],"player_experience":108843,"relics_obtained":[{"floor":9.0,"key":"Orichalcum"},{"floor":11.0,"key":"War Paint"}],"event_choices":[{"damage_healed":0.0,"max_hp_gain":0.0,"max_hp_loss":0.0,"gold_gain":0.0,"event_name":"The Woman in Blue","player_choice":"Bought 2 Potions","floor":2.0,"gold_loss":0.0,"damage_taken":0.0},{"damage_healed":0.0,"max_hp_gain":0.0,"max_hp_loss":0.0,"gold_gain":0.0,"event_name":"Match and Keep!","player_choice":"3 cards matched","floor":7.0,"gold_loss":0.0,"damage_taken":0.0,"cards_obtained":["Sucker Punch","A Thousand Cuts","Neutralize"]},{"damage_healed":0.0,"max_hp_gain":0.0,"max_hp_loss":0.0,"gold_gain":99.0,"event_name":"Nest","player_choice":"Stole From Cult","floor":19.0,"gold_loss":0.0,"damage_taken":0.0},{"damage_healed":0.0,"max_hp_gain":0.0,"max_hp_loss":0.0,"gold_gain":0.0,"event_name":"Ghosts","player_choice":"Ignored","floor":20.0,"gold_loss":0.0,"damage_taken":0.0},{"damage_healed":0.0,"max_hp_gain":5.0,"max_hp_loss":0.0,"gold_gain":0.0,"event_name":"Forgotten Altar","player_choice":"Shed Blood","floor":22.0,"gold_loss":0.0,"damage_taken":17.0}],"is_beta":false,"boss_relics":[{"not_picked":["Runic Dome","Ring of the Serpent"],"picked":"HoveringKite"}],"items_purged_floors":[4],"is_endless":false,"potions_floor_spawned":[5,8,16,18],"killed_by":"Gremlin Leader","ascension_level":14}}