{"host":"g200jza2br9hmesm","time":1608911724,"event":{"mods":["AchievementEnabler","BaseMod","Colored Map","Minty Spire (QoL Compilation)","Quick Restart","Relic Stats","StSLib"],"gold_per_floor":[117,69,144,144,69,69,69,69,69,69,83,103,139,160,160,290,290,303,323,74,74,74],"floor_reached":21,"playtime":657,"items_purged":["Strike_G","Strike_G"],"score":306,"play_id":"e071c974-ed94-4255-b5ca-652592a87b0c","local_time":"20201225105524","is_ascension_mode":true,"campfire_choices":[{"data":"Bane","floor":6,"key":"SMITH"},{"data":"Deadly Poison","floor":10,"key":"SMITH"},{"data":"Neutralize","floor":15,"key":"SMITH"}],"circlet_count":0,"master_deck":["Strike_G","Defend_G","Defend_G","Defend_G","Defend_G","Defend_G","Survivor","Neutralize+1","Deadly Poison+1","Bane+1","Blade Dance+1","A Thousand Cuts"],"relics":["Ring of the Snake","NeowsBlessing","Golden Idol","Toxic Egg 2","Ninja Scroll","InkBottle","Empty Cage","Oddly Smooth Stone"],"acts_visited":["Exordium","TheCity"],"potions_floor_usage":[16,16],"damage_taken":[{"damage":0,"enemies":"Jaw Worm","floor":1,"turns":1},{"damage":0,"enemies":"2 Louse","floor":11,"turns":1},{"damage":0,"enemies":"Cultist","floor":12,"turns":1},{"damage":13,"enemies":"Gremlin Nob","floor":13,"turns":3},{"damage":6,"enemies":"Lots of Slimes","floor":14,"turns":3},{"damage":0,"enemies":"Hexaghost","floor":16,"turns":9},{"damage":19,"enemies":"Shell Parasite","floor":18,"turns":3},{"damage":8,"enemies":"3 Byrds","floor":19,"turns":4},{"damage":35,"enemies":"Cultist and Chosen","floor":21,"turns":6}],"seed_played":"4609514981318234851","potions_obtained":[{"floor":12,"key":"LiquidMemories"},{"floor":13,"key":"EssenceOfSteel"},{"floor":14,"key":"Poison Potion"}],"is_trial":false,"path_per_floor":["M","$","?","?","$","R","?","$","T","R","M","M","E","M","R","B",null,"M","M","$","M"],"character_chosen":"THE_SILENT","items_purchased":["Bane","Oddly Smooth Stone"],"campfire_rested":0,"item_purchase_floors":[2,20],"current_hp_per_floor":[63,63,52,35,35,35,35,35,35,35,35,35,22,16,16,16,57,38,30,30,0,0],"gold":74,"neow_bonus":"THREE_ENEMY_KILL","is_daily":false,"chose_seed":false,"campfire_upgraded":3,"win_rate":0.0,"timestamp":1608911724,"path_taken":["M","$","?","?","$","R","?","$","T","R","?","M","E","M","R","BOSS","M","M","$","?"],"items_purchased_type":["Card","Relic"],"build_version":"2020-12-22","purchased_purges":2,"victory":false,"max_hp_per_floor":[70,70,70,70,70,70,70,70,70,70,70,70,70,70,70,70,70,70,70,70,70,70],"relic_stats":{"counters":[9,31],"Golden Idol":51,"obtain_stats":[{"NeowsBlessing":0,"Golden Idol":4,"Ninja Scroll":9,"Oddly Smooth Stone":20,"Toxic Egg 2":7,"Empty Cage":17,"InkBottle":13,"Ring of the Snake":0},{"NeowsBlessing":0,"Golden Idol":1,"Ninja Scroll":1,"Oddly Smooth Stone":8,"Toxic Egg 2":1,"Empty Cage":6,"InkBottle":4,"Ring of the Snake":0},{"NeowsBlessing":0,"Golden Idol":1,"Ninja Scroll":1,"Oddly Smooth Stone":25,"Toxic Egg 2":1,"Empty Cage":18,"InkBottle":6,"Ring of the Snake":0}],"InkBottle":[12],"Ring of the Snake":[18]},"card_choices":[{"not_picked":["Backflip","Outmaneuver"],"picked":"Deadly Poison","floor":1},{"not_picked":["Dagger Spray","Flying Knee"],"picked":"Blade Dance+1","floor":11},{"not_picked":["Cloak And Dagger+1","Underhanded Strike","Dash"],"picked":"SKIP","floor":12},{"not_picked":["Quick Slash","Backflip+1","Prepared+1"],"picked":"SKIP","floor":13},{"not_picked":["Dagger Throw","Predator","Poisoned Stab"],"picked":"SKIP","floor":14},{"not_picked":["Grand Finale","Unload"],"picked":"A Thousand Cuts","floor":16},{"not_picked":["Flying Knee","Backstab","Dagger Spray+1"],"picked":"SKIP","floor":18},{"not_picked":["Deflect+1","Expertise+1","Slice"],"picked":"SKIP","floor":19}],"player_experience":487742,"relics_obtained":[{"floor":9,"key":"Ninja Scroll"},{"floor":13,"key":"InkBottle"}],"event_choices":[{"damage_healed":0,"gold_gain":75,"player_choice":"Gather Gold","damage_taken":11,"max_hp_gain":0,"max_hp_loss":0,"event_name":"World of Goop","floor":3,"gold_loss":0},{"damage_healed":0,"gold_gain":0,"player_choice":"Take Damage","damage_taken":17,"relics_obtained":["Golden Idol"],"max_hp_gain":0,"max_hp_loss":0,"event_name":"Golden Idol","floor":4,"gold_loss":0},{"damage_healed":0,"gold_gain":0,"player_choice":"Searched \u00271\u0027 times","damage_taken":0,"relics_obtained":["Toxic Egg 2"],"max_hp_gain":0,"max_hp_loss":0,"event_name":"Dead Adventurer","floor":7,"gold_loss":0}],"is_beta":false,"boss_relics":[{"not_picked":["Astrolabe","Velvet Choker"],"picked":"Empty Cage"}],"items_purged_floors":[5,20],"is_endless":false,"potions_floor_spawned":[12,13,14],"killed_by":"Cultist and Chosen","ascension_level":7}}