{"host":"i3iesnh100m6i1gd","time":1608869969,"event":{"mods":["BaseMod","Colored Powertips","Downfall","Minty Spire (QoL Compilation)","Replay The Spire","StSLib"],"gold_per_floor":[114,124,140,153,164,191,191,220,220,270,270,270,270,282,282,282,282],"floor_reached":16,"playtime":661,"items_purged":[],"score":112,"play_id":"d1ffa37d-8d3c-4094-b6da-b35c312b18cd","local_time":"20201224201929","is_ascension_mode":false,"campfire_choices":[{"data":"Glass Knife","floor":7,"key":"SMITH"},{"floor":12,"key":"REST"},{"floor":15,"key":"REST"}],"circlet_count":0,"master_deck":["Strike_G+1","Strike_G","Strike_G","Strike_G","Strike_G","Defend_G","Defend_G","Defend_G","Defend_G","Defend_G+1","Survivor","Neutralize","Bane","Calculated Gamble","Deadly Poison","Masterful Stab","Heel Hook","Glass Knife+1","ReplayTheSpireMod:Scrap Shanks","Underhanded Strike"],"relics":["Ring of the Snake","NeowsBlessing","Replay:Rubber Ducky","Tingsha","Lantern","Ring of Peace","Ring of Greed","MealTicket","Membership Card","SsserpentHead"],"acts_visited":["Exordium"],"potions_floor_usage":[5,6,6,16],"damage_taken":[{"damage":0,"enemies":"Jaw Worm","floor":1,"turns":1},{"damage":0,"enemies":"2 Louse","floor":2,"turns":1},{"damage":0,"enemies":"Small Slimes","floor":3,"turns":1},{"damage":4,"enemies":"Red Slaver","floor":4,"turns":3},{"damage":3,"enemies":"Exordium Wildlife","floor":5,"turns":3},{"damage":33,"enemies":"Gremlin Nob","floor":6,"turns":5},{"damage":15,"enemies":"Lagavulin","floor":8,"turns":5},{"damage":0,"enemies":"Blue Slaver","floor":14,"turns":2},{"damage":49,"enemies":"Slime Boss","floor":16,"turns":10}],"seed_played":"5450988301702171433","potions_obtained":[{"floor":2,"key":"LifebloodPotion"},{"floor":3,"key":"AttackPotion"},{"floor":4,"key":"Flashbang"},{"floor":8,"key":"SkillPotion"}],"is_trial":false,"path_per_floor":["M","M","M","M","M","E","R","E","T","?","?","R","?","M","R","B"],"character_chosen":"THE_SILENT","items_purchased":[],"campfire_rested":2,"item_purchase_floors":[],"current_hp_per_floor":[70,70,70,66,63,30,30,15,15,15,1,22,22,22,43,0,0],"gold":282,"neow_bonus":"THREE_ENEMY_KILL","is_daily":false,"chose_seed":false,"campfire_upgraded":1,"win_rate":0.0,"timestamp":1608869969,"path_taken":["M","M","M","M","M","E","R","E","T","?","?","R","?","M","R","BOSS"],"items_purchased_type":[],"build_version":"2020-12-22","purchased_purges":0,"victory":false,"max_hp_per_floor":[70,70,70,70,70,70,70,70,70,70,70,70,70,70,70,70,70],"card_choices":[{"not_picked":["Dagger Throw","Backflip"],"picked":"Bane","floor":1},{"not_picked":["PiercingWail","Dagger Throw"],"picked":"Calculated Gamble","floor":2},{"not_picked":["Flying Knee","Acrobatics"],"picked":"Deadly Poison","floor":3},{"not_picked":["Backflip","Dagger Throw"],"picked":"Masterful Stab","floor":4},{"not_picked":["Dagger Throw","Hidden Blade"],"picked":"Heel Hook","floor":5},{"not_picked":["All Out Attack","Deflect"],"picked":"Glass Knife","floor":6},{"not_picked":["Corpse Explosion","Fluid Movement"],"picked":"ReplayTheSpireMod:Scrap Shanks","floor":8},{"not_picked":["Dodge and Roll","Outmaneuver"],"picked":"Underhanded Strike","floor":14}],"player_experience":96973,"relics_obtained":[{"floor":6,"key":"Replay:Rubber Ducky"},{"floor":8,"key":"Tingsha"},{"floor":9,"key":"Lantern"},{"floor":10,"key":"Ring of Peace"},{"floor":10,"key":"Ring of Greed"},{"floor":10,"key":"MealTicket"},{"floor":10,"key":"Membership Card"}],"event_choices":[{"damage_healed":0,"gold_gain":0,"player_choice":"Entered Light","damage_taken":14,"max_hp_gain":0,"max_hp_loss":0,"event_name":"Shining Light","floor":11,"gold_loss":0,"cards_upgraded":["Defend_G","Strike_G"]},{"damage_healed":0,"gold_gain":0,"player_choice":"Trade","damage_taken":0,"relics_obtained":["SsserpentHead"],"max_hp_gain":0,"max_hp_loss":0,"event_name":"FaceTrader","floor":13,"gold_loss":0}],"is_beta":false,"boss_relics":[],"items_purged_floors":[],"is_endless":false,"potions_floor_spawned":[2,3,4,8],"killed_by":"Slime Boss","ascension_level":0}}