{"host":"9kcqr6gvt9348rwr","time":1608912372,"event":{"mods":["Alarm Clock","BaseMod","Better Third Choice","BetterRewards","Colored Map","Colored Powertips","Conspire","Downfall","Ironclad Rager","Minty Spire (QoL Compilation)","Practice Mode","Rare Cards Sparkle","Relic Sorter","Replay The Spire","Shop Mod","Spicy Shops","StSLib","[功能]功能增强和修复MOD"],"gold_per_floor":[20,38,38,3,18,18,33,33,33,33,50,82,82,101,101,198,198,216,226,77,92,92,112,112,132,132,132,132],"floor_reached":27,"playtime":1491,"items_purged":["Replay:Hysterical Blindness","Dodge and Roll","Poisoned Stab"],"score":267,"play_id":"510d1667-fc7d-4607-8ab5-83cf8f452dbd","local_time":"20201226000612","is_ascension_mode":false,"campfire_choices":[{"floor":6,"key":"REST"},{"data":"Noxious Fumes","floor":8,"key":"SMITH"},{"data":"Bouncing Flask","floor":10,"key":"SMITH"},{"data":"Noxious Fumes","floor":15,"key":"SMITH"},{"floor":24,"key":"REST"}],"circlet_count":0,"master_deck":["Survivor","Neutralize","Poisoned Stab","Poisoned Stab","Poisoned Stab","Poisoned Stab","Dodge and Roll","Dodge and Roll","Dodge and Roll","Dodge and Roll","Noxious Fumes+1","Leg Sweep","Acrobatics","Bouncing Flask+1","Reflex","Backflip","Noxious Fumes+1","Poison Darts","Draining Mist+1","Prepared","Hidden Blade","Deflect","Toxin Wave","Flying Knee+1","Backflip"],"relics":["Ring of the Snake","TwistedFunnel","Ice Cream","Omamori","conspire:SlowCooker","MealTicket","PreservedInsect","Chemical X","MerchantsRug","conspire:BottledYoYo"],"acts_visited":["Exordium","TheCity"],"potions_floor_usage":[11,12,16,19,21,25,27],"damage_taken":[{"damage":0,"enemies":"Cultist","floor":1,"turns":2},{"damage":4,"enemies":"Jaw Worm","floor":2,"turns":4},{"damage":5,"enemies":"Small Slimes","floor":5,"turns":3},{"damage":1,"enemies":"2 Fungi Beasts","floor":7,"turns":3},{"damage":5,"enemies":"3 Louse","floor":11,"turns":2},{"damage":11,"enemies":"3 Sentries","floor":12,"turns":5},{"damage":0,"enemies":"Exordium Wildlife","floor":14,"turns":3},{"damage":0,"enemies":"Slime Boss","floor":16,"turns":8},{"damage":0,"enemies":"Chosen","floor":18,"turns":4},{"damage":20,"enemies":"2 Thieves","floor":19,"turns":4},{"damage":20,"enemies":"Snake Plant","floor":21,"turns":5},{"damage":16,"enemies":"3 Cultists","floor":23,"turns":5},{"damage":14,"enemies":"Centurion and Healer","floor":25,"turns":5},{"damage":18,"enemies":"Shelled Parasite and Fungi","floor":27,"turns":2}],"seed_played":"-4233849975583088389","potions_obtained":[{"floor":1,"key":"Fire Potion"},{"floor":2,"key":"BlessingOfTheForge"},{"floor":7,"key":"Poison Potion"},{"floor":11,"key":"LiquidMemories"},{"floor":12,"key":"Adrenaline Potion"},{"floor":14,"key":"Dexterity Potion"},{"floor":16,"key":"Dexterity Potion"},{"floor":19,"key":"Reflective Coating"},{"floor":23,"key":"Fruit Juice"},{"floor":25,"key":"PowerPotion"}],"is_trial":false,"path_per_floor":["M","M","?","$","M","R","M","R","T","R","M","E","?","M","R","B",null,"M","M","$","M","?","M","R","M","T","M"],"character_chosen":"THE_SILENT","items_purchased":["TwistedFunnel","MealTicket","PreservedInsect","Chemical X","Infinite Blades","MerchantsRug","Hidden Blade"],"campfire_rested":2,"item_purchase_floors":[4,20,20,20,20,20,20],"current_hp_per_floor":[45,41,41,41,36,54,53,53,53,53,48,37,42,42,42,42,63,63,43,43,23,23,7,25,16,16,0,0],"gold":132,"neow_bonus":"SILENT_ASSASSIN","is_daily":false,"chose_seed":false,"campfire_upgraded":3,"win_rate":0.0,"timestamp":1608912372,"path_taken":["M","M","?","$","M","R","M","R","T","R","M","E","?","M","R","BOSS","M","M","$","?","?","M","R","M","T","?"],"items_purchased_type":["Relic","Relic","Relic","Relic","Card","Relic","Card"],"build_version":"2020-12-22","purchased_purges":3,"victory":false,"max_hp_per_floor":[63,63,63,63,63,63,63,63,63,63,63,63,63,63,63,63,63,63,63,63,63,63,63,63,68,68,68,68],"card_choices":[{"not_picked":["Replay:Poison Smokescreen","Dodge and Roll"],"picked":"Noxious Fumes","floor":1},{"not_picked":["Dagger Spray","Slice"],"picked":"Leg Sweep","floor":2},{"not_picked":["Dagger Throw","Expertise"],"picked":"Acrobatics","floor":5},{"not_picked":["Dagger Throw","Deflect"],"picked":"Bouncing Flask","floor":7},{"not_picked":["ReplayTheSpireMod:Shiv Toss","Dagger Throw"],"picked":"Reflex","floor":11},{"not_picked":["Slice","Poisoned Stab"],"picked":"Backflip","floor":12},{"not_picked":["Poisoned Stab","Underhanded Strike"],"picked":"Noxious Fumes","floor":14},{"not_picked":["Phantasmal Killer","After Image"],"picked":"Poison Darts","floor":16},{"not_picked":["Backflip","ReplayTheSpireMod:Tripwire"],"picked":"Draining Mist+1","floor":18},{"not_picked":["Dagger Spray+1","Blade Dance"],"picked":"Prepared","floor":19},{"not_picked":["Hidden Blade","Prepared"],"picked":"Deflect","floor":21},{"not_picked":["Calculated Gamble","ReplayTheSpireMod:The Works"],"picked":"Flying Knee+1","floor":23},{"not_picked":["Flying Knee","Dagger Throw"],"picked":"Backflip","floor":25}],"player_experience":14832,"relics_obtained":[{"floor":9,"key":"Ice Cream"},{"floor":12,"key":"Omamori"},{"floor":26,"key":"conspire:BottledYoYo"}],"event_choices":[{"damage_healed":41,"gold_gain":0,"player_choice":"Embrace Burn","damage_taken":0,"max_hp_gain":0,"max_hp_loss":63,"event_name":"betterThird:BetterShining","floor":3,"gold_loss":0},{"cards_removed":["Burn"],"damage_healed":5,"gold_gain":0,"player_choice":"Offered Common","damage_taken":0,"max_hp_gain":0,"max_hp_loss":0,"event_name":"Bonfire Elementals","floor":13,"gold_loss":0},{"cards_removed":["Burn"],"damage_healed":5,"gold_gain":0,"player_choice":"Offered Special","damage_taken":0,"max_hp_gain":0,"max_hp_loss":0,"event_name":"Bonfire Elementals","floor":13,"gold_loss":0},{"damage_healed":0,"gold_gain":0,"cards_transformed":["Infinite Blades"],"player_choice":"Transformed","damage_taken":0,"max_hp_gain":0,"max_hp_loss":0,"event_name":"Transmorgrifier","floor":22,"gold_loss":0,"cards_obtained":["Toxin Wave"]}],"is_beta":false,"boss_relics":[{"not_picked":["Snecko Eye","Philosopher\u0027s Stone"],"picked":"conspire:SlowCooker"}],"items_purged_floors":[4,20,20],"is_endless":false,"potions_floor_spawned":[1,2,7,11,12,12,14,14,16,16,18,18,19,23,25],"killed_by":"Shelled Parasite and Fungi","ascension_level":0}}