{"host":"8g24zuco0epbjwbo","time":1608929606,"event":{"mods":["BaseMod","Downfall","Minty Spire (QoL Compilation)","Relic Stats","StSLib"],"gold_per_floor":[99,114,30,30,30,45,72,97,111,130,163,3,3,22,34,34,34,34],"floor_reached":16,"playtime":612,"items_purged":["champ:Strike"],"score":118,"play_id":"34223317-3e2f-41e9-9c1c-a21bf70aa62c","local_time":"20201225155326","is_ascension_mode":true,"campfire_choices":[{"floor":1,"key":"RECALL"},{"data":"champ:Taunt","floor":13,"key":"SMITH"}],"circlet_count":0,"master_deck":["champ:Strike","champ:Strike","champ:Defend","champ:Defend","champ:Defend","champ:Defend","champ:Execute","champ:Taunt+1","champ:Duel","champ:Encircle","champ:DeathBlow","champ:StanceDance","champ:AdrenalArmor","champ:FaceSlap","champ:PerfectForm","champ:BerserkersShout","champ:Control","champ:RecklessLeap","champ:CalledShot","champ:StrikeOfGenius"],"relics":["champ:ChampionCrown","Du-Vu Doll","Dream Catcher","Ornamental Fan","Bottled Flame"],"acts_visited":["Exordium"],"potions_floor_usage":[],"damage_taken":[{"damage":5,"enemies":"Cultist","floor":2,"turns":3},{"damage":12,"enemies":"downfall:FleeingMerchant","floor":3,"turns":4},{"damage":10,"enemies":"Small Slimes","floor":6,"turns":2},{"damage":32,"enemies":"3 Sentries","floor":8,"turns":4},{"damage":15,"enemies":"2 Louse","floor":9,"turns":1},{"damage":18,"enemies":"Gremlin Gang","floor":10,"turns":4},{"damage":25,"enemies":"Lagavulin","floor":11,"turns":5},{"damage":23,"enemies":"downfall:FleeingMerchant","floor":12,"turns":4},{"damage":15,"enemies":"3 Louse","floor":14,"turns":2},{"damage":13,"enemies":"2 Fungi Beasts","floor":15,"turns":3},{"damage":65,"enemies":"downfall:Defect","floor":16,"turns":5}],"seed_played":"5511244845081540571","potions_obtained":[{"floor":2,"key":"DuplicationPotion"},{"floor":8,"key":"champ:UltimateStancePotion"},{"floor":9,"key":"Fire Potion"}],"is_trial":false,"path_per_floor":["R","M","$","?","?","M","T","E","M","M","E","$","R","M","M","B"],"character_chosen":"THE_CHAMP","items_purchased":["champ:DeathBlow","champ:RecklessLeap"],"campfire_rested":0,"item_purchase_floors":[3,12],"current_hp_per_floor":[90,90,90,87,87,87,87,77,77,73,67,66,66,66,63,0,0,0],"gold":34,"neow_bonus":"THREE_CARDS","is_daily":false,"chose_seed":false,"campfire_upgraded":1,"win_rate":0.0,"timestamp":1608929606,"path_taken":["R","M","?","?","?","M","T","E","M","M","E","$","R","M","M","BOSS"],"items_purchased_type":["Card","Card"],"build_version":"2020-12-22","purchased_purges":1,"victory":false,"max_hp_per_floor":[90,90,90,90,90,90,90,90,90,90,90,90,90,90,90,90,90,90],"relic_stats":{"Dream Catcher":0,"counters":[11,37],"Ornamental Fan":[16],"obtain_stats":[{"Du-Vu Doll":4,"Dream Catcher":7,"Bottled Flame":11,"Ornamental Fan":8,"champ:ChampionCrown":0},{"Du-Vu Doll":2,"Dream Catcher":3,"Bottled Flame":7,"Ornamental Fan":4,"champ:ChampionCrown":0},{"Du-Vu Doll":7,"Dream Catcher":9,"Bottled Flame":23,"Ornamental Fan":13,"champ:ChampionCrown":0}]},"card_choices":[{"not_picked":["champ:DefensiveStyle","champ:DefensiveShout"],"picked":"champ:Duel","floor":0},{"not_picked":["champ:GutPunch","champ:Haymaker"],"picked":"champ:Encircle","floor":2},{"not_picked":["champ:ShieldSigil","champ:Shatter","champ:BladeFlurry"],"picked":"SKIP","floor":3},{"not_picked":["champ:TornadoPunch","champ:GladiatorsShout"],"picked":"champ:StanceDance","floor":6},{"not_picked":["champ:FanOfKnives","champ:FalseCounter"],"picked":"champ:AdrenalArmor","floor":8},{"not_picked":["champ:Haymaker","champ:BerserkersShout"],"picked":"champ:FaceSlap","floor":9},{"not_picked":["champ:DefensiveStyle","champ:FlashCut"],"picked":"champ:PerfectForm","floor":10},{"not_picked":["champ:ShieldSigil","champ:DefensiveShout"],"picked":"champ:BerserkersShout","floor":11},{"not_picked":["champ:GladiatorsShout","champ:BringItOn"],"picked":"champ:Control","floor":12},{"not_picked":["champ:PerfectedStrike","champ:Duel"],"picked":"champ:CalledShot","floor":14},{"not_picked":["champ:Circumvent","champ:PreciseThrust"],"picked":"champ:StrikeOfGenius","floor":15}],"player_experience":434743,"relics_obtained":[{"floor":7,"key":"Dream Catcher"},{"floor":8,"key":"Ornamental Fan"},{"floor":11,"key":"Bottled Flame"}],"event_choices":[{"damage_healed":0,"gold_gain":0,"player_choice":"Success","damage_taken":3,"relics_obtained":["Du-Vu Doll"],"max_hp_gain":0,"max_hp_loss":0,"event_name":"Scrap Ooze","floor":4,"gold_loss":0},{"cards_removed":["champ:Strike"],"damage_healed":0,"gold_gain":0,"player_choice":"Offered Basic","damage_taken":0,"max_hp_gain":0,"max_hp_loss":0,"event_name":"Bonfire Elementals","floor":5,"gold_loss":0}],"is_beta":false,"boss_relics":[],"items_purged_floors":[12],"is_endless":false,"potions_floor_spawned":[2,8,9,10,14],"killed_by":"downfall:Defect","ascension_level":1}}