{"host":"15dd7v8o90xso62x","time":1608920959,"event":{"mods":["BaseMod","Minty Spire (QoL Compilation)","Quick Restart","StSLib"],"gold_per_floor":[109,129,145,161,161,161,3,3,3,3,32,50,50,70,70,144,144,156,156,173,173,98,98,116,116,116,116,142,156,184,203,203,276,276,288,303,322,342,367,367,381,381,406,406,417,417,488,499,499,499],"floor_reached":51,"playtime":2425,"items_purged":[],"score":1397,"play_id":"ff491474-5b9e-4c94-bcbf-6ba8bcf79eea","local_time":"20201226032919","is_ascension_mode":true,"campfire_choices":[{"data":"Zap","floor":6.0,"key":"SMITH"},{"floor":8.0,"key":"REST"},{"data":"Consume","floor":10.0,"key":"SMITH"},{"floor":15.0,"key":"REST"},{"floor":23.0,"key":"REST"},{"data":"Turbo","floor":25.0,"key":"SMITH"},{"data":"Coolheaded","floor":27.0,"key":"SMITH"},{"data":"Hologram","floor":32.0,"key":"SMITH"},{"data":"Multi-Cast","floor":40,"key":"SMITH"},{"data":"Biased Cognition","floor":44,"key":"SMITH"},{"floor":49,"key":"REST"}],"circlet_count":0,"master_deck":["AscendersBane","Strike_B","Strike_B","Strike_B","Defend_B","Defend_B","Defend_B","Defend_B","Zap+1","Dualcast","Reboot+1","Melter+1","Barrage","Sweeping Beam","Consume+1","Coolheaded+1","Reinforced Body","Core Surge","Hyperbeam","Biased Cognition+1","Reinforced Body","Compile Driver","Turbo+1","Cold Snap+1","Hologram+1","Ball Lightning+1","BootSequence","Stack","Multi-Cast+1","Capacitor","Purity","Secret Technique","Flash of Steel+1","Fusion+1"],"relics":["Cracked Core","Chemical X","Pocketwatch","CaptainsWheel","Inserter","WarpedTongs","Molten Egg 2","Blood Vial","Tiny Chest","Sozu","FossilizedHelix","Art of War","Question Card"],"acts_visited":["Exordium","TheCity","TheBeyond"],"potions_floor_usage":[35],"damage_taken":[{"damage":1.0,"enemies":"Cultist","floor":1.0,"turns":3.0},{"damage":4.0,"enemies":"Small Slimes","floor":2.0,"turns":3.0},{"damage":4.0,"enemies":"Jaw Worm","floor":3.0,"turns":4.0},{"damage":28.0,"enemies":"Large Slime","floor":4.0,"turns":6.0},{"damage":35.0,"enemies":"3 Sentries","floor":11.0,"turns":5.0},{"damage":7.0,"enemies":"Exordium Wildlife","floor":12.0,"turns":3.0},{"damage":0.0,"enemies":"Red Slaver","floor":14.0,"turns":3.0},{"damage":0.0,"enemies":"Slime Boss","floor":16.0,"turns":6.0},{"damage":17.0,"enemies":"2 Thieves","floor":18.0,"turns":3.0},{"damage":8.0,"enemies":"3 Byrds","floor":20.0,"turns":4.0},{"damage":0.0,"enemies":"Sentry and Sphere","floor":24.0,"turns":3.0},{"damage":1.0,"enemies":"Gremlin Leader","floor":28.0,"turns":6.0},{"damage":0.0,"enemies":"3 Cultists","floor":29.0,"turns":4.0},{"damage":2.0,"enemies":"Book of Stabbing","floor":30.0,"turns":6.0},{"damage":10.0,"enemies":"Cultist and Chosen","floor":31.0,"turns":5.0},{"damage":16.0,"enemies":"Collector","floor":33.0,"turns":10.0},{"damage":3,"enemies":"3 Darklings","floor":35,"turns":3},{"damage":0,"enemies":"Orb Walker","floor":36,"turns":4},{"damage":19,"enemies":"Writhing Mass","floor":37,"turns":6},{"damage":13,"enemies":"4 Shapes","floor":38,"turns":5},{"damage":0,"enemies":"Mind Bloom Boss Battle","floor":39,"turns":4},{"damage":0,"enemies":"Spire Growth","floor":41,"turns":4},{"damage":10,"enemies":"Maw","floor":45,"turns":8},{"damage":0,"enemies":"Transient","floor":48,"turns":6},{"damage":10,"enemies":"Donu and Deca","floor":50,"turns":13}],"seed_played":"-8565201892950812426","potions_obtained":[{"floor":1.0,"key":"LiquidBronze"},{"floor":2.0,"key":"FairyPotion"},{"floor":11.0,"key":"AttackPotion"},{"floor":20.0,"key":"ColorlessPotion"},{"floor":29.0,"key":"Block Potion"},{"floor":33.0,"key":"SpeedPotion"}],"is_trial":false,"path_per_floor":["M","M","M","M","?","R","$","R","T","R","E","M","?","M","R","B",null,"M","?","M","?","?","R","M","R","T","R","E","M","E","M","R","B",null,"M","M","M","M","?","R","M","?","T","R","M","T","T","M","R","B",null],"character_chosen":"DEFECT","items_purchased":["Chemical X"],"campfire_rested":4,"item_purchase_floors":[7],"current_hp_per_floor":[63,59,55,27,6,6,6,27,27,27,21,14,14,14,35,35,62,45,45,37,37,37,58,58,58,58,58,57,59,59,51,51,37,63,62,64,47,36,38,38,40,30,30,30,22,22,22,24,45,37],"gold":499,"neow_bonus":"ONE_RANDOM_RARE_CARD","is_daily":false,"chose_seed":false,"campfire_upgraded":7,"win_rate":0.0,"timestamp":1608920959,"path_taken":["M","?","M","M","?","R","?","R","T","R","E","M","?","M","R","BOSS","M","?","?","?","?","R","M","R","T","R","E","M","E","M","R","BOSS","M","M","M","M","?","R","M","?","T","R","M","?","?","M","R","BOSS"],"items_purchased_type":["Relic"],"build_version":"2020-12-22","purchased_purges":0,"victory":true,"max_hp_per_floor":[71,71,71,71,71,71,71,71,71,71,71,71,71,71,71,71,71,71,71,71,71,71,71,71,71,71,71,71,71,71,71,71,71,71,71,71,71,71,71,71,71,71,71,71,71,71,71,71,71,71],"card_choices":[{"not_picked":["Steam","Leap"],"picked":"Melter","floor":1.0},{"not_picked":["Skim","Melter"],"picked":"Barrage","floor":2.0},{"not_picked":["Undo","Melter"],"picked":"Sweeping Beam","floor":3.0},{"not_picked":["Streamline","Coolheaded"],"picked":"Consume","floor":4.0},{"not_picked":["Redo","Fusion"],"picked":"Coolheaded","floor":11.0},{"not_picked":["Lockon","Leap"],"picked":"Reinforced Body","floor":12.0},{"not_picked":["Blizzard","Barrage"],"picked":"Hyperbeam","floor":14.0},{"not_picked":["Reboot","Fission"],"picked":"Biased Cognition","floor":16.0},{"not_picked":["Steam","Streamline"],"picked":"Reinforced Body","floor":18.0},{"not_picked":["Streamline","Compile Driver","Steam"],"picked":"SKIP","floor":20.0},{"not_picked":["Streamline","Steam"],"picked":"Compile Driver","floor":20.0},{"not_picked":["Static Discharge","Sweeping Beam","Steam"],"picked":"SKIP","floor":24.0},{"not_picked":["Coolheaded","Darkness"],"picked":"Cold Snap+1","floor":28.0},{"not_picked":["Conserve Battery","Blizzard+1"],"picked":"Hologram","floor":29.0},{"not_picked":["FTL+1","Compile Driver+1"],"picked":"Ball Lightning+1","floor":30.0},{"not_picked":["Redo","Conserve Battery","Barrage+1"],"picked":"SKIP","floor":31.0},{"not_picked":["Sweeping Beam+1","Rip and Tear+1","Gash+1"],"picked":"SKIP","floor":35},{"not_picked":["Gash+1","Rebound+1"],"picked":"BootSequence","floor":36},{"not_picked":["Scrape+1","Steam Power"],"picked":"Stack","floor":37},{"not_picked":["Barrage+1","Conserve Battery"],"picked":"Multi-Cast","floor":38},{"not_picked":["Scrape+1","Rebound+1"],"picked":"Capacitor","floor":41},{"not_picked":["Dark Shackles","Good Instincts"],"picked":"Purity","floor":42},{"not_picked":["Discovery","Purity"],"picked":"Secret Technique","floor":42},{"not_picked":["Blind","Madness"],"picked":"Flash of Steel+1","floor":42},{"not_picked":["Conserve Battery","Beam Cell+1","Redo"],"picked":"SKIP","floor":45},{"not_picked":["Heatsinks","Go for the Eyes+1","Self Repair"],"picked":"Fusion+1","floor":48}],"player_experience":947932,"relics_obtained":[{"floor":9.0,"key":"Pocketwatch"},{"floor":11.0,"key":"CaptainsWheel"},{"floor":26.0,"key":"Molten Egg 2"},{"floor":28.0,"key":"Blood Vial"},{"floor":30.0,"key":"Tiny Chest"},{"floor":39,"key":"FossilizedHelix"},{"floor":43,"key":"Art of War"},{"floor":47,"key":"Question Card"}],"event_choices":[{"damage_healed":0.0,"max_hp_gain":0.0,"max_hp_loss":0.0,"gold_gain":0.0,"event_name":"Shining Light","player_choice":"Entered Light","floor":5.0,"gold_loss":0.0,"damage_taken":21.0,"cards_upgraded":["Melter","Reboot"]},{"damage_healed":0.0,"max_hp_gain":0.0,"max_hp_loss":0.0,"gold_gain":0.0,"cards_transformed":["Strike_B"],"event_name":"Living Wall","player_choice":"Change","floor":13.0,"gold_loss":0.0,"damage_taken":0.0,"cards_obtained":["Core Surge"]},{"damage_healed":0.0,"max_hp_gain":0.0,"max_hp_loss":0.0,"gold_gain":0.0,"event_name":"Accursed Blacksmith","player_choice":"Rummage","floor":19.0,"gold_loss":0.0,"damage_taken":0.0,"relics_obtained":["WarpedTongs"],"cards_obtained":["Pain"]},{"damage_healed":0.0,"max_hp_gain":0.0,"max_hp_loss":0.0,"gold_gain":0.0,"event_name":"The Library","player_choice":"Read","floor":21.0,"gold_loss":0.0,"damage_taken":0.0,"cards_obtained":["Turbo"]},{"cards_removed":["Pain"],"damage_healed":0.0,"max_hp_gain":0.0,"max_hp_loss":0.0,"gold_gain":0.0,"event_name":"Beggar","player_choice":"Gave Gold","floor":22.0,"gold_loss":75.0,"damage_taken":0.0},{"damage_healed":0,"gold_gain":0,"player_choice":"Fight","damage_taken":0,"max_hp_gain":0,"max_hp_loss":0,"event_name":"MindBloom","floor":39,"gold_loss":0},{"damage_healed":0,"gold_gain":0,"player_choice":"Memory 3","damage_taken":10,"max_hp_gain":0,"max_hp_loss":0,"event_name":"SensoryStone","floor":42,"gold_loss":0}],"is_beta":false,"boss_relics":[{"not_picked":["Black Star","Runic Pyramid"],"picked":"Inserter"},{"not_picked":["Snecko Eye","FrozenCore"],"picked":"Sozu"}],"items_purged_floors":[],"is_endless":false,"potions_floor_spawned":[1,2,11,20,29,33,38,39,45,48],"ascension_level":19}}