{"host":"duxoyu97j36znyap","time":1608868050,"event":{"mods":["AlwaysNeverKeys","BaseMod","Bestiary","BetterRewards","Colored Map","DeckTracker","Filter the Spire","Googly Eyes","Minty Spire (QoL Compilation)","Permanent Neow","Rare Cards Sparkle","Relic Stats","StSLib"],"gold_per_floor":[118,118,118,395,410,450,450,490,541,575,599,614,657,657,657,780,780,780],"floor_reached":17,"playtime":437,"items_purged":["Strike_P"],"score":360,"play_id":"02577e2d-5181-4283-82ac-7bac35c3c9f0","local_time":"20201224224730","is_ascension_mode":true,"campfire_choices":[{"data":"Eruption","floor":7.0,"key":"SMITH"},{"data":"Ragnarok","floor":15.0,"key":"SMITH"}],"circlet_count":0,"master_deck":["Strike_P","Strike_P","Strike_P+1","Defend_P+1","Defend_P","Defend_P","Defend_P","Eruption+1","Vigilance","SandsOfTime","FollowUp","Ragnarok+1","JustLucky","WheelKick","CrushJoints","Wireheading","DevaForm"],"relics":["Black Star","Golden Idol","Sling","Eternal Feather","Sundial","Dream Catcher","PreservedInsect","Kunai","InkBottle","Orichalcum","TeardropLocket","Pen Nib","Mercury Hourglass","Bag of Marbles","Question Card","Philosopher\u0027s Stone"],"acts_visited":["Exordium","TheCity"],"potions_floor_usage":[],"damage_taken":[{"damage":0.0,"enemies":"Cultist","floor":1.0,"turns":3.0},{"damage":5.0,"enemies":"Small Slimes","floor":5.0,"turns":4.0},{"damage":0.0,"enemies":"Lagavulin","floor":6.0,"turns":4.0},{"damage":22.0,"enemies":"3 Sentries","floor":8.0,"turns":5.0},{"damage":0.0,"enemies":"Gremlin Nob","floor":10.0,"turns":2.0},{"damage":0.0,"enemies":"2 Louse","floor":11.0,"turns":2.0},{"damage":0.0,"enemies":"Large Slime","floor":12.0,"turns":2.0},{"damage":0.0,"enemies":"Lagavulin","floor":13.0,"turns":3.0},{"damage":26,"enemies":"Hexaghost","floor":16,"turns":6}],"seed_played":"-6700849324604530278","potions_obtained":[{"floor":6.0,"key":"LiquidBronze"},{"floor":10.0,"key":"BottledMiracle"},{"floor":11.0,"key":"Regen Potion"},{"floor":13.0,"key":"Ancient Potion"},{"floor":16,"key":"Swift Potion"}],"is_trial":false,"path_per_floor":["M","?","?","$","M","E","R","E","T","E","M","M","E","?","R","B",null],"character_chosen":"WATCHER","items_purchased":["Sling","Eternal Feather","Sundial"],"campfire_rested":0,"item_purchase_floors":[4,4,4],"current_hp_per_floor":[65,51,51,51,46,46,52,30,30,30,30,30,30,27,36,10,53,53],"gold":780,"neow_bonus":"BOSS_RELIC","is_daily":false,"chose_seed":false,"campfire_upgraded":2,"win_rate":0.0,"timestamp":1608868050,"path_taken":["M","?","?","$","M","E","R","E","T","E","M","M","E","?","R","BOSS"],"items_purchased_type":["Relic","Relic","Relic"],"build_version":"2020-12-22","purchased_purges":1,"victory":false,"max_hp_per_floor":[72,72,67,67,67,67,67,67,67,67,67,67,67,67,67,67,67,67],"relic_stats":{"counters":[9,31],"Golden Idol":68,"Eternal Feather":15,"PreservedInsect":80,"Pen Nib":[2],"Orichalcum":[30],"Question Card":1,"Mercury Hourglass":[18],"Dream Catcher":0,"Sundial":[4],"Black Star":4,"Kunai":[4],"obtain_stats":[{"Golden Idol":3,"Eternal Feather":4,"PreservedInsect":6,"Pen Nib":10,"TeardropLocket":10,"Orichalcum":9,"Sling":4,"Question Card":14,"Mercury Hourglass":13,"Dream Catcher":6,"Sundial":4,"Philosopher\u0027s Stone":17,"Black Star":0,"Bag of Marbles":13,"Kunai":8,"PureWater":0,"InkBottle":8},{"Golden Idol":1,"Eternal Feather":1,"PreservedInsect":3,"Pen Nib":5,"TeardropLocket":5,"Orichalcum":4,"Sling":1,"Question Card":8,"Mercury Hourglass":8,"Dream Catcher":3,"Sundial":1,"Philosopher\u0027s Stone":9,"Black Star":0,"Bag of Marbles":8,"Kunai":4,"PureWater":0,"InkBottle":4},{"Golden Idol":3,"Eternal Feather":3,"PreservedInsect":11,"Pen Nib":18,"TeardropLocket":18,"Orichalcum":16,"Sling":3,"Question Card":25,"Mercury Hourglass":25,"Dream Catcher":11,"Sundial":3,"Philosopher\u0027s Stone":31,"Black Star":0,"Bag of Marbles":25,"Kunai":16,"PureWater":0,"InkBottle":16}],"InkBottle":[3]},"card_choices":[{"not_picked":["BowlingBash","SashWhip"],"picked":"SandsOfTime","floor":1.0},{"not_picked":["FlyingSleeves","BowlingBash"],"picked":"FollowUp","floor":5.0},{"not_picked":["JustLucky","LikeWater"],"picked":"Ragnarok","floor":6.0},{"not_picked":["BowlingBash","MentalFortress","FlyingSleeves"],"picked":"SKIP","floor":8.0},{"not_picked":["Halt","Protect"],"picked":"JustLucky","floor":10.0},{"not_picked":["ForeignInfluence","EmptyBody"],"picked":"WheelKick","floor":11.0},{"not_picked":["FlurryOfBlows","DeceiveReality"],"picked":"CrushJoints","floor":12.0},{"not_picked":["CrushJoints","SignatureMove"],"picked":"Wireheading","floor":13.0},{"not_picked":["Alpha","Brilliance","Establishment"],"picked":"DevaForm","floor":16}],"player_experience":550652,"relics_obtained":[{"floor":6.0,"key":"Dream Catcher"},{"floor":6.0,"key":"PreservedInsect"},{"floor":8.0,"key":"Kunai"},{"floor":8.0,"key":"InkBottle"},{"floor":9.0,"key":"Orichalcum"},{"floor":10.0,"key":"TeardropLocket"},{"floor":10.0,"key":"Pen Nib"},{"floor":13.0,"key":"Mercury Hourglass"},{"floor":13.0,"key":"Bag of Marbles"}],"event_choices":[{"damage_healed":0.0,"max_hp_gain":0.0,"max_hp_loss":0.0,"gold_gain":0.0,"event_name":"Shining Light","player_choice":"Entered Light","floor":2.0,"gold_loss":0.0,"damage_taken":14.0,"cards_upgraded":["Defend_P","Strike_P"]},{"damage_healed":0.0,"max_hp_gain":0.0,"max_hp_loss":5.0,"gold_gain":0.0,"event_name":"Golden Idol","player_choice":"Lose Max HP","floor":3.0,"gold_loss":0.0,"damage_taken":0.0,"relics_obtained":["Golden Idol"]},{"damage_healed":0.0,"max_hp_gain":0.0,"max_hp_loss":0.0,"gold_gain":0.0,"event_name":"Scrap Ooze","player_choice":"Success","floor":14.0,"gold_loss":0.0,"damage_taken":3.0,"relics_obtained":["Question Card"]}],"is_beta":false,"boss_relics":[{"not_picked":["Empty Cage","Runic Pyramid"],"picked":"Philosopher\u0027s Stone"}],"items_purged_floors":[4],"is_endless":false,"potions_floor_spawned":[6,10,11,13,16],"ascension_level":6}}