{"host":"m0l7iybr7y7a2mwh","time":1608887421,"event":{"mods":["AchievementEnabler","AlwaysNeverKeys","BaseMod","Block Reminder","Colored Map","Colored Powertips","Highlight Path","Minty Spire (QoL Compilation)","Permanent Neow","Quick Restart","StSLib"],"gold_per_floor":[113,126,144,144,168,194,194,219,219,219,239,273,290,307,307,402,402,417,417,303,316,63,89,99,116,141,141,168,168,168,186,186,284,284,300,310,325,339,339,339,367,367,367,367,367],"floor_reached":44,"playtime":2012,"items_purged":["Strike_G"],"score":633,"play_id":"71d59470-0660-419e-bc90-91dfb3ba09b2","local_time":"20201225201021","is_ascension_mode":true,"campfire_choices":[{"floor":7.0,"key":"REST"},{"data":"Catalyst","floor":10.0,"key":"SMITH"},{"data":"Night Terror","floor":15.0,"key":"SMITH"},{"floor":27.0,"key":"REST"},{"floor":29.0,"key":"REST"},{"data":"Crippling Poison","floor":32.0,"key":"SMITH"},{"data":"Noxious Fumes","floor":40,"key":"SMITH"},{"data":"Dash","floor":42,"key":"SMITH"}],"circlet_count":0,"master_deck":["Strike_G","Strike_G","Defend_G+1","Defend_G","Defend_G","Defend_G","Defend_G+1","Survivor","Neutralize","Night Terror+1","Infinite Blades","Catalyst+1","Dash+1","Deadly Poison","Deadly Poison","Deadly Poison","Die Die Die","Necronomicurse","Noxious Fumes+1","Blur","Infinite Blades","Crippling Poison+1","Tools of the Trade","A Thousand Cuts","Dodge and Roll+1","Parasite","PiercingWail+1"],"relics":["Ring of the Serpent","War Paint","Anchor","Art of War","Letter Opener","Torii","Black Star","Necronomicon","Meat on the Bone","TungstenRod","White Beast Statue","Vajra","StrikeDummy","Bottled Lightning","Nunchaku","Bird Faced Urn","Singing Bowl"],"acts_visited":["Exordium","TheCity","TheBeyond"],"potions_floor_usage":[38,44],"damage_taken":[{"damage":2.0,"enemies":"Cultist","floor":1.0,"turns":4.0},{"damage":7.0,"enemies":"2 Louse","floor":2.0,"turns":3.0},{"damage":8.0,"enemies":"Jaw Worm","floor":3.0,"turns":4.0},{"damage":17.0,"enemies":"Lagavulin","floor":6.0,"turns":8.0},{"damage":14.0,"enemies":"Gremlin Nob","floor":8.0,"turns":4.0},{"damage":0.0,"enemies":"Red Slaver","floor":11.0,"turns":4.0},{"damage":7.0,"enemies":"Lagavulin","floor":12.0,"turns":7.0},{"damage":0.0,"enemies":"Large Slime","floor":13.0,"turns":3.0},{"damage":0.0,"enemies":"Exordium Thugs","floor":14.0,"turns":4.0},{"damage":21.0,"enemies":"Slime Boss","floor":16.0,"turns":11.0},{"damage":10.0,"enemies":"Spheric Guardian","floor":18.0,"turns":5.0},{"damage":0.0,"enemies":"Chosen","floor":21.0,"turns":4.0},{"damage":0.0,"enemies":"Gremlin Leader","floor":23.0,"turns":3.0},{"damage":14.0,"enemies":"Snake Plant","floor":24.0,"turns":5.0},{"damage":26.0,"enemies":"3 Cultists","floor":25.0,"turns":6.0},{"damage":24.0,"enemies":"Slavers","floor":28.0,"turns":4.0},{"damage":18.0,"enemies":"Snecko","floor":31.0,"turns":4.0},{"damage":12.0,"enemies":"Collector","floor":33.0,"turns":4.0},{"damage":0.0,"enemies":"3 Shapes","floor":35.0,"turns":4.0},{"damage":21.0,"enemies":"3 Darklings","floor":36.0,"turns":4.0},{"damage":27.0,"enemies":"Writhing Mass","floor":37.0,"turns":6.0},{"damage":0,"enemies":"Jaw Worm Horde","floor":38,"turns":6},{"damage":16,"enemies":"Nemesis","floor":41,"turns":3},{"damage":60,"enemies":"Giant Head","floor":44,"turns":7}],"seed_played":"-1251670793846919558","potions_obtained":[{"floor":2.0,"key":"Poison Potion"},{"floor":6.0,"key":"Poison Potion"},{"floor":13.0,"key":"Fire Potion"},{"floor":16.0,"key":"DuplicationPotion"},{"floor":21.0,"key":"SkillPotion"},{"floor":24.0,"key":"Poison Potion"},{"floor":25.0,"key":"Swift Potion"},{"floor":28.0,"key":"Poison Potion"},{"floor":31.0,"key":"Explosive Potion"},{"floor":33.0,"key":"Weak Potion"},{"floor":35.0,"key":"Poison Potion"},{"floor":37.0,"key":"Dexterity Potion"},{"floor":38,"key":"FearPotion"}],"is_trial":false,"path_per_floor":["M","M","M","?","T","E","R","E","T","R","M","E","M","M","R","B",null,"M","?","$","M","$","E","M","M","T","R","E","R","?","M","R","B",null,"M","M","M","M","?","R","E","R","T","E"],"character_chosen":"THE_SILENT","items_purchased":["Noxious Fumes","Meat on the Bone"],"campfire_rested":3,"item_purchase_floors":[20,22],"current_hp_per_floor":[61,54,46,46,46,29,47,33,33,33,33,26,26,26,26,5,63,53,37,37,37,37,37,35,21,21,39,27,45,45,39,39,39,63,63,42,27,39,39,39,35,35,35,0,0],"gold":367,"neow_bonus":"THREE_RARE_CARDS","is_daily":false,"chose_seed":false,"campfire_upgraded":5,"win_rate":0.0,"timestamp":1608887421,"path_taken":["M","?","M","?","?","E","R","E","T","R","M","E","?","M","R","BOSS","M","?","?","M","$","E","M","M","T","R","E","R","?","M","R","BOSS","M","M","M","?","?","R","E","R","T","E"],"items_purchased_type":["Card","Relic"],"build_version":"2020-12-22","purchased_purges":1,"victory":false,"max_hp_per_floor":[63,63,63,63,63,63,63,63,63,63,63,63,63,63,63,63,63,63,63,63,63,63,63,63,63,63,63,63,63,63,63,63,63,63,63,63,63,63,63,63,63,63,63,63,63],"card_choices":[{"not_picked":["Phantasmal Killer","Grand Finale"],"picked":"Night Terror","floor":0.0},{"not_picked":["Underhanded Strike","Backflip"],"picked":"Crippling Poison","floor":1.0},{"not_picked":["Dagger Throw","Dagger Spray","Bane"],"picked":"SKIP","floor":2.0},{"not_picked":["Quick Slash","Setup"],"picked":"Infinite Blades","floor":3.0},{"not_picked":["Bullet Time","Bane"],"picked":"Catalyst","floor":6.0},{"not_picked":["Cloak And Dagger","Expertise"],"picked":"Dash","floor":8.0},{"not_picked":["Backstab","Bane","All Out Attack"],"picked":"SKIP","floor":11.0},{"not_picked":["Heel Hook","PiercingWail"],"picked":"Deadly Poison","floor":12.0},{"not_picked":["Prepared","Endless Agony"],"picked":"Deadly Poison","floor":13.0},{"not_picked":["Riddle With Holes","Prepared"],"picked":"Deadly Poison","floor":14.0},{"not_picked":["Storm of Steel","Venomology"],"picked":"Die Die Die","floor":16.0},{"not_picked":["Dodge and Roll","Acrobatics","Leg Sweep"],"picked":"SKIP","floor":18.0},{"not_picked":["Tactician","Poisoned Stab"],"picked":"Blur","floor":21.0},{"not_picked":["Slice","Adrenaline","Dash"],"picked":"SKIP","floor":23.0},{"not_picked":["Concentrate","Bane"],"picked":"Infinite Blades","floor":24.0},{"not_picked":["Poisoned Stab","PiercingWail","Heel Hook"],"picked":"SKIP","floor":25.0},{"not_picked":["Reflex","Tactician"],"picked":"Crippling Poison","floor":28.0},{"not_picked":["Deflect","Poisoned Stab","Backflip"],"picked":"SKIP","floor":31.0},{"not_picked":["Unload","After Image"],"picked":"A Thousand Cuts","floor":33.0},{"not_picked":["PiercingWail","Dagger Throw","Sucker Punch+1"],"picked":"SKIP","floor":35.0},{"not_picked":["Deadly Poison","Cloak And Dagger"],"picked":"Dodge and Roll+1","floor":36.0},{"not_picked":["Prepared+1","Expertise+1"],"picked":"PiercingWail+1","floor":37.0},{"not_picked":["Backflip","Underhanded Strike","Poisoned Stab+1"],"picked":"SKIP","floor":38},{"not_picked":["All Out Attack","Finisher+1","Flying Knee"],"picked":"SKIP","floor":41}],"player_experience":99559,"relics_obtained":[{"floor":5.0,"key":"War Paint"},{"floor":6.0,"key":"Anchor"},{"floor":8.0,"key":"Art of War"},{"floor":9.0,"key":"Letter Opener"},{"floor":12.0,"key":"Torii"},{"floor":19.0,"key":"Necronomicon"},{"floor":23.0,"key":"TungstenRod"},{"floor":23.0,"key":"White Beast Statue"},{"floor":26.0,"key":"Vajra"},{"floor":28.0,"key":"StrikeDummy"},{"floor":28.0,"key":"Bottled Lightning"},{"floor":41,"key":"Nunchaku"},{"floor":41,"key":"Bird Faced Urn"},{"floor":43,"key":"Singing Bowl"}],"event_choices":[{"cards_removed":["Strike_G"],"damage_healed":0.0,"max_hp_gain":0.0,"max_hp_loss":0.0,"gold_gain":0.0,"event_name":"Living Wall","player_choice":"Forget","floor":4.0,"gold_loss":0.0,"damage_taken":0.0},{"damage_healed":0.0,"max_hp_gain":0.0,"max_hp_loss":0.0,"gold_gain":0.0,"event_name":"Cursed Tome","player_choice":"Obtained Book","floor":19.0,"gold_loss":0.0,"damage_taken":16.0},{"damage_healed":0.0,"max_hp_gain":0.0,"max_hp_loss":0.0,"gold_gain":0.0,"cards_transformed":["Strike_G"],"event_name":"Transmorgrifier","player_choice":"Transformed","floor":30.0,"gold_loss":0.0,"damage_taken":0.0,"cards_obtained":["Tools of the Trade"]},{"cards_removed":["Crippling Poison"],"damage_healed":0,"gold_gain":0,"player_choice":"Removed Skill","damage_taken":0,"max_hp_gain":0,"max_hp_loss":0,"event_name":"Falling","floor":39,"gold_loss":0}],"is_beta":false,"boss_relics":[{"not_picked":["SlaversCollar","Runic Dome"],"picked":"Black Star"},{"not_picked":["Coffee Dripper","Velvet Choker"],"picked":"Ring of the Serpent"}],"items_purged_floors":[20],"is_endless":false,"potions_floor_spawned":[2,6,13,16,21,24,25,28,31,33,35,36,37,38,41],"killed_by":"Giant Head","ascension_level":3}}