{"host":"jksa5rawk3m4gilz","time":1608928586,"event":{"mods":["BaseMod","Colored Map","Highlight Path","Minty Spire (QoL Compilation)","Quick Restart"],"gold_per_floor":[109,284,284,284,298,325,325,339,385,402,421,455,468,66,66,143,143,153,180,195,43,56,99,110,110,110,137,157,176,176,176],"floor_reached":30,"playtime":8008,"items_purged":[],"score":510,"play_id":"00f28ead-b7c2-48d5-af23-764359c550b5","local_time":"20201225213626","is_ascension_mode":true,"campfire_choices":[{"floor":7,"key":"REST"},{"floor":15,"key":"REST"},{"floor":25,"key":"REST"}],"circlet_count":0,"master_deck":["AscendersBane","Strike_G","Strike_G","Defend_G","Defend_G+1","Defend_G+1","Defend_G","Defend_G","Survivor","Neutralize","Flechettes","Noxious Fumes","Deadly Poison","Deadly Poison","Bane","Catalyst","Panache","After Image","Noxious Fumes+1","Dash+1","Cloak And Dagger+1","Flechettes","Crippling Poison"],"relics":["Ring of the Snake","NeowsBlessing","Vajra","PreservedInsect","Bronze Scales","Pantograph","Astrolabe","MealTicket","Snake Skull","CeramicFish","The Courier","Mango"],"acts_visited":["Exordium","TheCity"],"potions_floor_usage":[11,16,20,22,27,28],"damage_taken":[{"damage":0,"enemies":"2 Louse","floor":1,"turns":1},{"damage":0,"enemies":"Small Slimes","floor":5,"turns":1},{"damage":0,"enemies":"3 Sentries","floor":6,"turns":2},{"damage":4,"enemies":"Jaw Worm","floor":8,"turns":4},{"damage":6,"enemies":"Red Slaver","floor":10,"turns":3},{"damage":3,"enemies":"Gremlin Gang","floor":11,"turns":4},{"damage":13,"enemies":"Gremlin Nob","floor":12,"turns":3},{"damage":18,"enemies":"Lots of Slimes","floor":13,"turns":3},{"damage":28,"enemies":"The Guardian","floor":16,"turns":8},{"damage":2,"enemies":"3 Byrds","floor":18,"turns":2},{"damage":1,"enemies":"Chosen","floor":20,"turns":4},{"damage":8,"enemies":"Snecko","floor":22,"turns":4},{"damage":24,"enemies":"Gremlin Leader","floor":23,"turns":6},{"damage":13,"enemies":"Centurion and Healer","floor":24,"turns":5},{"damage":29,"enemies":"Slavers","floor":27,"turns":3},{"damage":15,"enemies":"Shelled Parasite and Fungi","floor":28,"turns":5},{"damage":10,"enemies":"Snecko","floor":29,"turns":4},{"damage":24,"enemies":"Cultist and Chosen","floor":30,"turns":4}],"seed_played":"3009603876465658985","potions_obtained":[{"floor":1,"key":"LiquidMemories"},{"floor":6,"key":"Swift Potion"},{"floor":11,"key":"BlessingOfTheForge"},{"floor":18,"key":"LiquidMemories"},{"floor":23,"key":"FearPotion"},{"floor":24,"key":"Energy Potion"},{"floor":27,"key":"DuplicationPotion"}],"is_trial":false,"path_per_floor":["M","?","?","?","M","E","R","M","T","M","M","E","M","$","R","B",null,"M","T","M","$","M","E","M","R","T","E","M","M","M"],"character_chosen":"THE_SILENT","items_purchased":["Panache","Pantograph","Snake Skull"],"campfire_rested":3,"item_purchase_floors":[14,14,21],"current_hp_per_floor":[63,63,49,42,42,42,63,59,59,53,50,37,19,19,40,37,62,60,60,59,70,62,38,25,46,46,31,16,6,0,0],"gold":176,"neow_bonus":"THREE_ENEMY_KILL","is_daily":false,"chose_seed":false,"campfire_upgraded":0,"win_rate":0.0,"timestamp":1608928586,"path_taken":["M","?","?","?","M","E","R","M","T","M","?","E","M","$","R","BOSS","M","?","?","$","M","E","?","R","T","E","?","M","M"],"items_purchased_type":["Card","Relic","Relic"],"build_version":"2020-12-22","purchased_purges":0,"victory":false,"max_hp_per_floor":[70,70,70,70,70,70,70,70,70,70,70,70,70,70,70,70,70,70,70,70,70,70,70,70,70,70,84,84,84,84,84],"card_choices":[{"not_picked":["Well Laid Plans","Sucker Punch"],"picked":"Flechettes","floor":1},{"not_picked":["Prepared","Expertise"],"picked":"Noxious Fumes","floor":5},{"not_picked":["Endless Agony","Reflex"],"picked":"Deadly Poison","floor":6},{"not_picked":["Dodge and Roll","Tactician"],"picked":"Deadly Poison","floor":8},{"not_picked":["Riddle With Holes","Backflip","Sucker Punch"],"picked":"SKIP","floor":10},{"not_picked":["PiercingWail","Dagger Throw"],"picked":"Bane","floor":11},{"not_picked":["Caltrops","Tools of the Trade"],"picked":"Catalyst","floor":12},{"not_picked":["Acrobatics","Poisoned Stab","Prepared"],"picked":"SKIP","floor":13},{"not_picked":["A Thousand Cuts","Wraith Form v2"],"picked":"After Image","floor":16},{"not_picked":["Acrobatics","PiercingWail"],"picked":"Flechettes","floor":18},{"not_picked":["Bouncing Flask","PiercingWail","Outmaneuver"],"picked":"SKIP","floor":20},{"not_picked":["Flying Knee","Quick Slash","Calculated Gamble"],"picked":"SKIP","floor":22},{"not_picked":["Predator","Bane"],"picked":"Crippling Poison","floor":23},{"not_picked":["Finisher","Calculated Gamble","Flying Knee"],"picked":"SKIP","floor":24},{"not_picked":["Backflip","Deflect","Accuracy"],"picked":"SKIP","floor":27},{"not_picked":["Dodge and Roll","Deflect","Cloak And Dagger"],"picked":"SKIP","floor":28},{"not_picked":["Slice","Dodge and Roll","Deadly Poison"],"picked":"SKIP","floor":29}],"player_experience":2063749,"relics_obtained":[{"floor":6,"key":"Vajra"},{"floor":9,"key":"PreservedInsect"},{"floor":12,"key":"Bronze Scales"},{"floor":19,"key":"MealTicket"},{"floor":23,"key":"CeramicFish"},{"floor":26,"key":"The Courier"},{"floor":27,"key":"Mango"}],"event_choices":[{"damage_healed":0,"gold_gain":175,"player_choice":"AGREE","damage_taken":0,"max_hp_gain":0,"max_hp_loss":0,"event_name":"Liars Game","floor":2,"gold_loss":0,"cards_obtained":["Doubt"]},{"damage_healed":0,"gold_gain":0,"player_choice":"Entered Light","damage_taken":14,"max_hp_gain":0,"max_hp_loss":0,"event_name":"Shining Light","floor":3,"gold_loss":0,"cards_upgraded":["Defend_G","Defend_G"]},{"cards_removed":["Doubt"],"damage_healed":0,"gold_gain":0,"player_choice":"Card Removal","damage_taken":7,"max_hp_gain":0,"max_hp_loss":0,"event_name":"Golden Wing","floor":4,"gold_loss":0}],"is_beta":false,"boss_relics":[{"not_picked":["Philosopher\u0027s Stone","SlaversCollar"],"picked":"Astrolabe"}],"items_purged_floors":[],"is_endless":false,"potions_floor_spawned":[1,6,11,18,23,24,27],"killed_by":"Cultist and Chosen","ascension_level":13}}