{"host":"n23juj4d9qam5hh1","time":1608899380,"event":{"mods":["BaseMod","Better Note","BetterRewards","Infinite Spire","Minty Spire (QoL Compilation)","Relic Stats","StSLib"],"gold_per_floor":[117,117,133,152,172,172,172,186,239,161,161,86,86,96,96,199,199,218,235,250,179,179,179,179,179],"floor_reached":24,"playtime":1005,"items_purged":["Strike_G"],"score":207,"play_id":"119fb023-e0f3-4bb3-9654-4b65ec21f46d","local_time":"20201225072940","is_ascension_mode":true,"campfire_choices":[{"data":"Footwork","floor":6.0,"key":"SMITH"},{"data":"Bouncing Flask","floor":13,"key":"SMITH"},{"data":"Footwork","floor":15,"key":"SMITH"},{"floor":23,"key":"REST"}],"circlet_count":0,"master_deck":["Strike_G","Strike_G","Strike_G","Strike_G","Defend_G","Defend_G","Defend_G","Defend_G","Defend_G","Survivor","Neutralize","Outmaneuver","Calculated Gamble+1","Neutralize","Dagger Spray","Footwork+1","Bane","Bouncing Flask+1","Footwork+1","Night Terror","Deflect+1","Caltrops"],"relics":["Ring of the Snake","Oddly Smooth Stone","Nunchaku","infinitespire:Cupcake"],"acts_visited":["Exordium","TheCity"],"potions_floor_usage":[16,16,18],"damage_taken":[{"damage":0.0,"enemies":"2 Louse","floor":1.0,"turns":4.0},{"damage":0.0,"enemies":"Cultist","floor":3.0,"turns":4.0},{"damage":3.0,"enemies":"Small Slimes","floor":4.0,"turns":5.0},{"damage":0.0,"enemies":"Exordium Wildlife","floor":5.0,"turns":3.0},{"damage":4.0,"enemies":"Large Slime","floor":8.0,"turns":9.0},{"damage":3,"enemies":"3 Louse","floor":14,"turns":4},{"damage":45,"enemies":"Slime Boss","floor":16,"turns":12},{"damage":18,"enemies":"2 Thieves","floor":18,"turns":5},{"damage":13,"enemies":"3 Byrds","floor":19,"turns":6},{"damage":24,"enemies":"Centurion and Healer","floor":20,"turns":5},{"damage":38,"enemies":"Slavers","floor":24,"turns":4}],"seed_played":"-2578729347022716655","potions_obtained":[{"floor":1.0,"key":"GamblersBrew"},{"floor":8.0,"key":"SkillPotion"},{"floor":14,"key":"CunningPotion"},{"floor":19,"key":"Dexterity Potion"}],"is_trial":false,"path_per_floor":["M","?","M","M","M","R","?","M","T","$","?","$","R","M","R","B",null,"M","M","M","$","?","R","E"],"character_chosen":"THE_SILENT","items_purchased":["Bouncing Flask","Caltrops"],"campfire_rested":1,"item_purchase_floors":[10,21],"current_hp_per_floor":[70,70,70,67,67,67,67,63,63,63,63,63,63,60,60,15,70,52,39,15,15,15,36,0,0],"gold":179,"neow_bonus":"RANDOM_COMMON_RELIC","is_daily":false,"chose_seed":false,"campfire_upgraded":3,"win_rate":0.0,"timestamp":1608899380,"path_taken":["M","?","M","M","?","R","?","M","T","?","?","$","R","M","R","BOSS","M","M","M","$","?","R","E"],"items_purchased_type":["Card","Card"],"build_version":"2020-12-22","purchased_purges":1,"victory":false,"max_hp_per_floor":[70,70,70,70,70,70,70,70,70,70,70,70,70,70,70,70,70,70,70,70,70,70,70,70,70],"relic_stats":{"Nunchaku":[5],"counters":[11,61],"obtain_stats":[{"Nunchaku":9,"Oddly Smooth Stone":0,"Ring of the Snake":0,"infinitespire:Cupcake":17},{"Nunchaku":5,"Oddly Smooth Stone":0,"Ring of the Snake":0,"infinitespire:Cupcake":7},{"Nunchaku":25,"Oddly Smooth Stone":0,"Ring of the Snake":0,"infinitespire:Cupcake":41}],"Ring of the Snake":[22]},"card_choices":[{"not_picked":["Distraction","Quick Slash"],"picked":"Outmaneuver","floor":1.0},{"not_picked":["Cloak And Dagger","Skewer"],"picked":"Dagger Spray","floor":3.0},{"not_picked":["Dodge and Roll","Concentrate"],"picked":"Footwork","floor":4.0},{"not_picked":["Poisoned Stab","Acrobatics"],"picked":"Bane","floor":5.0},{"not_picked":["Terror","Dodge and Roll","Escape Plan"],"picked":"SKIP","floor":8.0},{"not_picked":["Terror","PiercingWail"],"picked":"Footwork","floor":14},{"not_picked":["Grand Finale","Die Die Die"],"picked":"Night Terror","floor":16},{"not_picked":["Reflex","Flechettes","Outmaneuver+1"],"picked":"SKIP","floor":18},{"not_picked":["Dodge and Roll+1","Sucker Punch"],"picked":"Deflect+1","floor":19},{"not_picked":["Acrobatics+1","Prepared","Outmaneuver"],"picked":"SKIP","floor":20}],"player_experience":208417,"relics_obtained":[{"floor":9.0,"key":"Nunchaku"}],"event_choices":[{"damage_healed":0.0,"max_hp_gain":0.0,"max_hp_loss":0.0,"gold_gain":0.0,"event_name":"Match and Keep!","player_choice":"2 cards matched","floor":2.0,"gold_loss":0.0,"damage_taken":0.0,"cards_obtained":["Calculated Gamble","Neutralize"]},{"damage_healed":0.0,"max_hp_gain":0.0,"max_hp_loss":0.0,"gold_gain":0.0,"event_name":"Living Wall","player_choice":"Grow","floor":7.0,"gold_loss":0.0,"damage_taken":0.0,"cards_upgraded":["Calculated Gamble"]},{"damage_healed":0,"gold_gain":0,"player_choice":"Ignored","damage_taken":0,"max_hp_gain":0,"max_hp_loss":0,"event_name":"Shining Light","floor":11,"gold_loss":0},{"damage_healed":0,"gold_gain":0,"player_choice":"Ignored","damage_taken":0,"max_hp_gain":0,"max_hp_loss":0,"event_name":"Beggar","floor":22,"gold_loss":0}],"is_beta":false,"boss_relics":[{"not_picked":["SacredBark","Velvet Choker"],"picked":"infinitespire:Cupcake"}],"items_purged_floors":[12],"is_endless":false,"potions_floor_spawned":[1,8,14,19],"killed_by":"Slavers","ascension_level":2}}