{"host":"4w8ocelhatf0iefc","time":1608876658,"event":{"mods":["AchievementEnabler","Act Like it!","Aspiration","BaseMod","Colored Map","Colored Powertips","Hubris","Minty Spire (QoL Compilation)","Replay The Spire","StSLib"],"gold_per_floor":[110,123,123,123,123,149,149,181,208,383,383,383,400,425,425,521,521,538,538,538],"floor_reached":19,"playtime":1152,"items_purged":[],"score":201,"play_id":"eec82c30-2c6a-427b-8ccf-667622fa701e","local_time":"20201225141058","is_ascension_mode":true,"campfire_choices":[{"data":"Vigilance","floor":7,"key":"SMITH"}],"circlet_count":0,"master_deck":["Strike_P","Strike_P","Strike_P","Strike_P","Defend_P","Defend_P","Defend_P","Defend_P","Eruption+1","Vigilance+1","FlurryOfBlows","FlurryOfBlows","Scrawl","EmptyBody","Doubt","SashWhip","Ragnarok","Replay:AllIn","MentalFortress"],"relics":["PureWater","aspiration:Nostalgia","Burning Blood","hubris:Icosahedron","Pear","aspiration:ArtOfWarUpgrade","Juzu Bracelet","hubris:Towel","aspiration:HummingbirdHeart","aspiration:IroncladSkillbook"],"acts_visited":["Exordium","TheCity"],"potions_floor_usage":[6,8,14,16],"damage_taken":[{"damage":2,"enemies":"Jaw Worm","floor":1,"turns":3},{"damage":16,"enemies":"2 Louse","floor":2,"turns":2},{"damage":28,"enemies":"Gremlin Nob","floor":6,"turns":3},{"damage":22,"enemies":"3 Sentries","floor":8,"turns":6},{"damage":0,"enemies":"Cultist","floor":13,"turns":4},{"damage":11,"enemies":"Replay:BlueRogue","floor":14,"turns":3},{"damage":42,"enemies":"Fading Forest","floor":16,"turns":11},{"damage":7,"enemies":"3 Byrds","floor":18,"turns":4},{"damage":86,"enemies":"Masked Bandits","floor":19,"turns":3}],"seed_played":"-4400522499176691319","potions_obtained":[{"floor":2,"key":"ColorlessPotion"},{"floor":6,"key":"Toxic Potion"},{"floor":8,"key":"PowerPotion"}],"is_trial":false,"path_per_floor":["M","M","?","?","?","E","R","E","T","?","?","R","M","E","R","B",null,"M","?"],"character_chosen":"WATCHER","items_purchased":[],"campfire_rested":0,"item_purchase_floors":[],"current_hp_per_floor":[72,62,62,62,72,60,60,44,44,44,44,44,50,45,45,9,82,82,0,0],"gold":538,"neow_bonus":"NOSTALGIA","is_daily":false,"chose_seed":false,"campfire_upgraded":1,"win_rate":0.0,"timestamp":1608876658,"path_taken":["M","M","?","?","?","E","R","E","T","?","?","R","M","E","R","BOSS","M","?"],"items_purchased_type":[],"build_version":"2020-12-22","purchased_purges":0,"victory":false,"max_hp_per_floor":[72,72,72,72,72,82,82,82,82,82,82,82,82,82,82,82,82,82,82,82],"card_choices":[{"not_picked":["Pray","Crescendo"],"picked":"FlurryOfBlows","floor":1},{"not_picked":["Protect","Consecrate"],"picked":"FlurryOfBlows","floor":2},{"not_picked":["SpiritShield","Fasting2"],"picked":"Scrawl","floor":6},{"not_picked":["WreathOfFlame","ThirdEye"],"picked":"EmptyBody","floor":8},{"not_picked":["SpiritShield","FlurryOfBlows"],"picked":"SashWhip","floor":13},{"not_picked":["Brilliance","ThirdEye"],"picked":"Ragnarok","floor":14},{"not_picked":["Vault","ConjureBlade"],"picked":"Replay:AllIn","floor":16},{"not_picked":["PathToVictory","Protect","EmptyBody"],"picked":"MentalFortress","floor":18}],"player_experience":270694,"relics_obtained":[{"floor":6,"key":"Pear"},{"floor":8,"key":"Art of War"},{"floor":9,"key":"Juzu Bracelet"},{"floor":14,"key":"aspiration:HummingbirdHeart"}],"event_choices":[{"damage_healed":0,"gold_gain":0,"player_choice":"Grow","damage_taken":0,"max_hp_gain":0,"max_hp_loss":0,"event_name":"Living Wall","floor":3,"gold_loss":0,"cards_upgraded":["Eruption"]},{"damage_healed":10,"gold_gain":0,"player_choice":"Full Heal","damage_taken":0,"max_hp_gain":0,"max_hp_loss":0,"event_name":"Wheel of Change","floor":5,"gold_loss":0},{"damage_healed":0,"gold_gain":175,"player_choice":"AGREE","damage_taken":0,"max_hp_gain":0,"max_hp_loss":0,"event_name":"Liars Game","floor":10,"gold_loss":0,"cards_obtained":["Doubt"]},{"damage_healed":0,"gold_gain":0,"player_choice":"Fought Bandits","damage_taken":0,"max_hp_gain":0,"max_hp_loss":0,"event_name":"Masked Bandits","floor":19,"gold_loss":0}],"is_beta":false,"boss_relics":[{"not_picked":["hubris:GrandSneckoEye","Calling Bell"],"picked":"aspiration:IroncladSkillbook"}],"items_purged_floors":[],"is_endless":false,"potions_floor_spawned":[2,6,8],"killed_by":"Masked Bandits","ascension_level":2}}