{"host":"7bu9q13m6bmpbxjk","time":1608920670,"event":{"mods":["BaseMod","Colored Powertips","Googly Eyes","Highlight Path","Minty Spire (QoL Compilation)","Random Character Button","Relic Stats","StSLib"],"gold_per_floor":[218,393,147,162,112,112,145,145,145,172,185,185,185,185,185,185,185],"floor_reached":16,"playtime":958,"items_purged":["Doubt"],"score":106,"play_id":"c996d45a-2be8-416c-8b8e-42968096198c","local_time":"20201225192430","is_ascension_mode":false,"campfire_choices":[{"data":"Zap","floor":6,"key":"SMITH"},{"floor":8,"key":"REST"},{"data":"Chill","floor":12,"key":"SMITH"},{"floor":15,"key":"REST"}],"circlet_count":0,"master_deck":["Strike_B","Strike_B","Defend_B","Defend_B","Defend_B","Defend_B","Zap+1","Dualcast","Blizzard","Redo","Cold Snap","Chill+1"],"relics":["Cracked Core","PreservedInsect","Pocketwatch","Juzu Bracelet","Bird Faced Urn"],"acts_visited":["Exordium"],"potions_floor_usage":[],"damage_taken":[{"damage":4.0,"enemies":"Small Slimes","floor":1.0,"turns":3.0},{"damage":5,"enemies":"Cultist","floor":4,"turns":4},{"damage":23,"enemies":"Lagavulin","floor":7,"turns":7},{"damage":9,"enemies":"Gremlin Nob","floor":10,"turns":3},{"damage":0,"enemies":"2 Louse","floor":11,"turns":2},{"damage":73,"enemies":"Hexaghost","floor":16,"turns":12}],"seed_played":"1543581737257746189","potions_obtained":[{"floor":1.0,"key":"Strength Potion"},{"floor":7,"key":"Fruit Juice"}],"is_trial":false,"path_per_floor":["M","?","$","M","?","R","E","R","T","E","M","R","?","?","R","B"],"character_chosen":"DEFECT","items_purchased":["PreservedInsect","Redo"],"campfire_rested":2,"item_purchase_floors":[3,3],"current_hp_per_floor":[71,71,71,66,66,66,43,65,65,56,56,56,49,46,68,0,0],"gold":185,"neow_bonus":"HUNDRED_GOLD","is_daily":false,"chose_seed":false,"campfire_upgraded":2,"win_rate":0.0,"timestamp":1608920670,"path_taken":["M","?","$","M","?","R","E","R","T","E","M","R","?","?","R","BOSS"],"items_purchased_type":["Relic","Card"],"build_version":"2020-12-22","purchased_purges":1,"victory":false,"max_hp_per_floor":[75,75,75,75,75,75,75,75,75,75,75,75,75,75,75,75,75],"relic_stats":{"counters":[6,31],"Bird Faced Urn":[0],"PreservedInsect":49,"Juzu Bracelet":0,"obtain_stats":[{"Bird Faced Urn":14,"PreservedInsect":3,"Juzu Bracelet":10,"Cracked Core":0,"Pocketwatch":7},{"Bird Faced Urn":5,"PreservedInsect":1,"Juzu Bracelet":4,"Cracked Core":0,"Pocketwatch":3},{"Bird Faced Urn":19,"PreservedInsect":3,"Juzu Bracelet":17,"Cracked Core":0,"Pocketwatch":14}],"Pocketwatch":[30]},"card_choices":[{"not_picked":["Tempest","Beam Cell"],"picked":"Blizzard","floor":1.0},{"not_picked":["White Noise","Turbo"],"picked":"Cold Snap","floor":4},{"not_picked":["Beam Cell","Fusion","Rip and Tear"],"picked":"SKIP","floor":7},{"not_picked":["Force Field","Gash"],"picked":"Chill","floor":10},{"not_picked":["Reprogram","White Noise","Stack"],"picked":"SKIP","floor":11}],"player_experience":516897,"relics_obtained":[{"floor":7,"key":"Pocketwatch"},{"floor":10,"key":"Juzu Bracelet"}],"event_choices":[{"damage_healed":0,"gold_gain":175,"player_choice":"AGREE","damage_taken":0,"max_hp_gain":0,"max_hp_loss":0,"event_name":"Liars Game","floor":2,"gold_loss":0,"cards_obtained":["Doubt"]},{"cards_removed":["Strike_B"],"damage_healed":0,"gold_gain":0,"player_choice":"Card Removal","damage_taken":0,"max_hp_gain":0,"max_hp_loss":0,"event_name":"The Cleric","floor":5,"gold_loss":50},{"cards_removed":["Strike_B"],"damage_healed":0,"gold_gain":0,"player_choice":"Card Removal","damage_taken":7,"max_hp_gain":0,"max_hp_loss":0,"event_name":"Golden Wing","floor":13,"gold_loss":0},{"damage_healed":0,"gold_gain":0,"player_choice":"Success","damage_taken":3,"relics_obtained":["Bird Faced Urn"],"max_hp_gain":0,"max_hp_loss":0,"event_name":"Scrap Ooze","floor":14,"gold_loss":0}],"is_beta":false,"boss_relics":[],"items_purged_floors":[3],"is_endless":false,"potions_floor_spawned":[1,7],"killed_by":"Hexaghost","ascension_level":0}}