{"host":"l66odvkqh04jpxx0","time":1608883020,"event":{"mods":["BaseMod","Colored Powertips","Conspire","Hermit","Luminous","Minty Spire (QoL Compilation)","Quick Restart","Replay The Spire","StSLib","The Construct","The Cursed","The Mystic","The Servant 0.9.4"],"gold_per_floor":[16,16,31,56,56,56,90,15,67,67,86,100,100,121,121,246,246,262,66,91,106,126,126,157,157,157,172,172,172,192,67,67,67,67],"floor_reached":33,"playtime":2702,"items_purged":["Strike_G","conspire:NecroticWound","Defend_G+1"],"score":269,"play_id":"60f79b37-1f6d-4ef5-822f-887dad4c34ba","local_time":"20201225155700","is_ascension_mode":false,"campfire_choices":[{"data":"1","floor":6,"key":"LIFT"},{"data":"2","floor":10,"key":"LIFT"},{"data":"3","floor":15,"key":"LIFT"},{"data":"Prepared","floor":23,"key":"SMITH"},{"data":"Eviscerate","floor":29,"key":"SMITH"},{"data":"Eviscerate","floor":32,"key":"SMITH"}],"circlet_count":0,"master_deck":["Defend_G+1","Survivor","Neutralize","Underhanded Strike","Dagger Throw","Prepared+1","Hallucinations","Eviscerate+1","Eviscerate+1","Acrobatics","Underhanded Strike","Eviscerate+1"],"relics":["Ring of the Snake","Girya","Bloody Idol","War Paint","Pet Ghost","Kintsugi","BargainBundle","Juzu Bracelet","Gremlin Horn"],"acts_visited":["Exordium","TheCity"],"potions_floor_usage":[7,16,16,33,33],"damage_taken":[{"damage":0,"enemies":"Small Slimes","floor":1,"turns":3},{"damage":0,"enemies":"2 Louse","floor":3,"turns":2},{"damage":0,"enemies":"Cultist","floor":4,"turns":3},{"damage":5,"enemies":"Gremlin Nob","floor":7,"turns":4},{"damage":0,"enemies":"3 Louse","floor":11,"turns":2},{"damage":0,"enemies":"Gremlin Gang","floor":12,"turns":5},{"damage":0,"enemies":"Looter","floor":14,"turns":3},{"damage":32,"enemies":"Hexaghost","floor":16,"turns":11},{"damage":0,"enemies":"Spheric Guardian","floor":18,"turns":3},{"damage":0,"enemies":"Chosen","floor":20,"turns":2},{"damage":4,"enemies":"Shelled Parasite and Fungi","floor":21,"turns":2},{"damage":0,"enemies":"Snake Plant","floor":22,"turns":2},{"damage":4,"enemies":"Slavers","floor":24,"turns":3},{"damage":0,"enemies":"3 Cultists","floor":27,"turns":1},{"damage":0,"enemies":"Cultist and Chosen","floor":30,"turns":1},{"damage":76,"enemies":"Champ","floor":33,"turns":6}],"seed_played":"8265384220590266494","potions_obtained":[{"floor":3,"key":"Venom Potion"},{"floor":4,"key":"GhostInAJar"},{"floor":12,"key":"CunningPotion"},{"floor":14,"key":"Reflective Coating"},{"floor":24,"key":"BlessingOfTheForge"}],"is_trial":false,"path_per_floor":["M","?","M","M","?","R","E","$","T","R","M","M","?","M","R","B",null,"M","$","M","M","M","R","E","?","T","M","?","R","M","$","R","B"],"character_chosen":"THE_SILENT","items_purchased":["BargainBundle","Eviscerate","BlessingOfTheForge","AttackPotion"],"campfire_rested":0,"item_purchase_floors":[19,19,19,19],"current_hp_per_floor":[70,65,65,65,65,65,60,60,60,60,60,60,60,60,60,28,65,65,65,65,61,61,61,57,57,57,57,57,57,62,62,62,0,0],"gold":67,"neow_bonus":"ONE_RARE_RELIC","is_daily":false,"chose_seed":false,"campfire_upgraded":3,"win_rate":0.0,"timestamp":1608883020,"path_taken":["M","?","M","M","?","R","E","$","T","R","M","?","?","M","R","BOSS","M","$","M","M","?","R","E","?","T","M","?","R","M","$","R","BOSS"],"items_purchased_type":["Relic","Card","Potion","Potion"],"build_version":"2020-12-22","purchased_purges":3,"victory":false,"max_hp_per_floor":[70,65,65,65,65,65,65,65,65,65,65,65,65,65,65,65,65,65,65,65,65,65,65,65,62,62,62,62,62,62,62,62,62,62],"card_choices":[{"not_picked":["Prepared","Deadly Poison"],"picked":"Underhanded Strike","floor":1},{"not_picked":["Cloak And Dagger","Underhanded Strike"],"picked":"Dagger Throw","floor":3},{"not_picked":["Blade Dance","Bane","Slice"],"picked":"SKIP","floor":4},{"not_picked":["PiercingWail","Hidden Blade","Blade Dance"],"picked":"SKIP","floor":7},{"not_picked":["Deflect","Sneak Up","Infinite Blades"],"picked":"SKIP","floor":11},{"not_picked":["Dodge and Roll","Slice","All Out Attack"],"picked":"SKIP","floor":12},{"not_picked":["Toxin Wave","Deadly Poison"],"picked":"Prepared","floor":14},{"not_picked":["Quick Slash","Sucker Punch+1","Blade Dance"],"picked":"SKIP","floor":18},{"not_picked":["Caltrops","Replay:Poison Smokescreen+1","Poisoned Stab"],"picked":"SKIP","floor":20},{"not_picked":["Poisoned Stab","Slice"],"picked":"Acrobatics","floor":21},{"not_picked":["Endless Agony","Expertise"],"picked":"Underhanded Strike","floor":22},{"not_picked":["Sneak Up+1","Heel Hook"],"picked":"Eviscerate+1","floor":24},{"not_picked":["ReplayTheSpireMod:Speed Training","Hidden Blade","Cloak And Dagger"],"picked":"SKIP","floor":27},{"not_picked":["Outmaneuver","Fluid Movement","Bane"],"picked":"SKIP","floor":30}],"player_experience":68179,"relics_obtained":[{"floor":7,"key":"War Paint"},{"floor":9,"key":"Pet Ghost"},{"floor":24,"key":"Juzu Bracelet"},{"floor":26,"key":"Gremlin Horn"}],"event_choices":[{"damage_healed":0,"gold_gain":0,"player_choice":"Lose Max HP","damage_taken":0,"relics_obtained":["Golden Idol"],"max_hp_gain":0,"max_hp_loss":5,"event_name":"Golden Idol","floor":2,"gold_loss":0},{"cards_removed":["Defend_G"],"damage_healed":0,"gold_gain":0,"player_choice":"Card Removal","damage_taken":0,"max_hp_gain":0,"max_hp_loss":0,"event_name":"Wheel of Change","floor":5,"gold_loss":0},{"damage_healed":0,"gold_gain":0,"cards_transformed":["Strike_G"],"player_choice":"Transformed","damage_taken":0,"max_hp_gain":0,"max_hp_loss":0,"event_name":"Transmorgrifier","floor":13,"gold_loss":0,"cards_obtained":["Malaise"]},{"damage_healed":0,"gold_gain":0,"player_choice":"Gave Idol","damage_taken":0,"relics_obtained":["Bloody Idol"],"max_hp_gain":0,"max_hp_loss":0,"event_name":"Forgotten Altar","floor":28,"relics_lost":["Golden Idol"],"gold_loss":0}],"is_beta":false,"boss_relics":[{"not_picked":["Snecko Eye","Replay:Wanted Poster"],"picked":"Kintsugi"}],"items_purged_floors":[8,19,31],"is_endless":false,"potions_floor_spawned":[3,4,12,14,20,24,27],"killed_by":"Champ","ascension_level":0}}