{"host":"2nhpogk5xa0u9xre","time":1608887678,"event":{"mods":["Aspiration","BaseMod","Colored Powertips","Googly Eyes","Hubris","Infinite Spire","Minty Spire (QoL Compilation)","Rare Cards Sparkle","Replay The Spire","StSLib","The Construct","The Hayseed","The Hierophant","The Runesmith","everything is the same but u backflip on backflip"],"gold_per_floor":[114,114,114,126,142,171,171,206,229,229,7,27,27,27,27,126,126,142,241,241,261,261,261,272,282,282,310,1,54,54,69,69,164,164,184,201,213,225,235,235,250,267,321,339,339,359,374,79,79,79,79],"floor_reached":50,"playtime":2601,"items_purged":[],"score":548,"play_id":"475e0979-4f37-4007-8a84-2e87776ce950","local_time":"20201225041438","is_ascension_mode":false,"campfire_choices":[{"data":"TheSimpletonMod:Swelter","floor":10,"key":"SMITH"},{"floor":13,"key":"REST"},{"data":"TheSimpletonMod:Swelter","floor":15,"key":"SMITH"},{"data":"TheSimpletonMod:TakeHeart","floor":23,"key":"SMITH"},{"data":"TheSimpletonMod:Chilis","floor":32,"key":"SMITH"},{"floor":40,"key":"REST"},{"floor":45,"key":"REST"},{"floor":49,"key":"REST"}],"circlet_count":0,"master_deck":["TheSimpletonMod:Haymaker","TheSimpletonMod:ReapAndSow+1","TheSimpletonMod:SpiceUp","Hallucinations","TheSimpletonMod:Sunchoke","TheSimpletonMod:Swelter+1","TheSimpletonMod:SlashAndBurn","TheSimpletonMod:Turnips","TheSimpletonMod:Swelter+1","TheSimpletonMod:Chilis+1","TheSimpletonMod:Coffee","TheSimpletonMod:Swelter","TheSimpletonMod:Polyculture","TheSimpletonMod:CloseScrape","TheSimpletonMod:TakeHeart+1","TheSimpletonMod:GoToMarket","TheSimpletonMod:DigIn","TheSimpletonMod:OnionBloom+1","TheSimpletonMod:ReapAndSow+1","TheSimpletonMod:Pruning","TheSimpletonMod:Swelter+1","TheSimpletonMod:Fertilaser+1","TheSimpletonMod:Sunseed+1","TheSimpletonMod:Germinate+1","TheSimpletonMod:VolatileFumes","TheSimpletonMod:Rake+1","TheSimpletonMod:Sunchoke+1","TheSimpletonMod:BumperCrop+1","TheSimpletonMod:Ferment+1","TheSimpletonMod:Swelter","TheSimpletonMod:Pruning+1","TheSimpletonMod:PestManagement","TheSimpletonMod:Germinate+1","TheSimpletonMod:Aerate+1","Blind+1","TheSimpletonMod:CloseScrape","TheSimpletonMod:Turnips"],"relics":["TheSimpletonMod:SpudOfTheInnocent","TheSimpletonMod:NightSoil","TheSimpletonMod:TheHarvester","Ring of Panic","ReplayTheSpireMod:Ring of Exchange","Ginger","infinitespire:Beetle Shell","aspiration:HiddenCompartment","Lantern","Pandora\u0027s Box","ChewingGum","infinitespire:Satchel","Chameleon Ring","hubris:64BitClover","Blue Doll","aspiration:AnachronicSnailShell","Membership Card","War Paint","Replay:Mystery Machine","aspiration:Nostalgia","hierophant:PropheticMaskRelic","Replay:Wax Seal","Onion Ring"],"acts_visited":["Exordium","TheCity","TheBeyond"],"potions_floor_usage":[8,12,16,33,37,38,41,42,44,46,50],"damage_taken":[{"damage":6,"enemies":"2 Louse","floor":1,"turns":3},{"damage":5,"enemies":"Small Slimes","floor":4,"turns":4},{"damage":1,"enemies":"Jaw Worm","floor":5,"turns":2},{"damage":13,"enemies":"3 Sentries","floor":6,"turns":6},{"damage":22,"enemies":"Replay:BlueRogue","floor":8,"turns":5},{"damage":0,"enemies":"Looter","floor":12,"turns":2},{"damage":12,"enemies":"Fading Forest","floor":16,"turns":11},{"damage":0,"enemies":"Spheric Guardian","floor":18,"turns":3},{"damage":16,"enemies":"Shell Parasite","floor":21,"turns":6},{"damage":42,"enemies":"Cultist and Chosen","floor":24,"turns":6},{"damage":0,"enemies":"Snecko","floor":25,"turns":3},{"damage":2,"enemies":"Gremlin Leader","floor":27,"turns":4},{"damage":9,"enemies":"Replay:Snechameleon","floor":29,"turns":5},{"damage":6,"enemies":"Centurion and Healer","floor":31,"turns":4},{"damage":45,"enemies":"Champ","floor":33,"turns":13},{"damage":39,"enemies":"3 Darklings","floor":35,"turns":8},{"damage":8,"enemies":"3 Shapes","floor":36,"turns":4},{"damage":10,"enemies":"Jaw Worm Horde","floor":37,"turns":2},{"damage":18,"enemies":"3 Darklings","floor":38,"turns":3},{"damage":24,"enemies":"4 Shapes","floor":39,"turns":6},{"damage":16,"enemies":"Sphere and 2 Shapes","floor":41,"turns":5},{"damage":15,"enemies":"Jaw Worm Horde","floor":42,"turns":3},{"damage":4,"enemies":"Spire Growth","floor":44,"turns":4},{"damage":6,"enemies":"4 Shapes","floor":46,"turns":4},{"damage":10,"enemies":"3 Darklings","floor":47,"turns":5},{"damage":89,"enemies":"Awakened One","floor":50,"turns":7}],"seed_played":"1082962389264915896","potions_obtained":[{"floor":1,"key":"TheSimpletonMod:MoonshinePotion"},{"floor":6,"key":"PowerPotion"},{"floor":8,"key":"SkillPotion"},{"floor":21,"key":"BlessingOfTheForge"},{"floor":24,"key":"SmokeBomb"},{"floor":27,"key":"LifebloodPotion"},{"floor":33,"key":"TheSimpletonMod:AbundancePotion"},{"floor":37,"key":"DuplicationPotion"},{"floor":39,"key":"LiquidBronze"},{"floor":41,"key":"PowerPotion"},{"floor":42,"key":"LifebloodPotion"},{"floor":47,"key":"BlessingOfTheForge"}],"is_trial":false,"path_per_floor":["M","?","?","M","M","E","?","E","T","R","$","M","R","$","R","B",null,"M","?","?","M","AVR","R","M","M","T","E","$","E","?","M","R","B",null,"M","M","M","M","M","R","M","M","T","M","R","M","M","$","R","B"],"character_chosen":"THE_SIMPLETON","items_purchased":["Lantern","TheSimpletonMod:Turnips","hubris:64BitClover","aspiration:Nostalgia","Replay:Wax Seal","Onion Ring","Blind+1","TheSimpletonMod:CloseScrape","TheSimpletonMod:Turnips"],"campfire_rested":4,"item_purchase_floors":[11,11,28,48,48,48,48,48,48],"current_hp_per_floor":[73,78,78,75,78,67,60,42,42,42,42,46,70,70,70,72,80,80,80,80,69,69,69,36,40,40,47,47,47,47,46,46,10,80,50,42,32,14,4,28,26,21,21,31,55,54,53,53,77,0,0],"gold":79,"neow_bonus":"UPGRADE_CARD","is_daily":false,"chose_seed":false,"campfire_upgraded":4,"win_rate":0.0,"timestamp":1608887678,"path_taken":["M","?","?","M","M","E","?","E","T","R","$","M","R","?","R","BOSS","M","?","?","M","AVR","R","?","?","T","E","$","E","?","M","R","BOSS","M","M","M","M","M","R","M","M","T","M","R","M","?","?","R","BOSS"],"items_purchased_type":["Relic","Card","Relic","Relic","Relic","Relic","Card","Card","Card"],"build_version":"2020-12-22","purchased_purges":0,"victory":false,"max_hp_per_floor":[75,80,80,80,80,80,80,80,80,80,80,80,80,80,80,80,80,80,80,80,80,80,80,80,80,80,80,80,80,80,80,80,80,80,80,80,80,80,80,80,80,80,80,80,80,80,80,80,80,80,80],"card_choices":[{"not_picked":["TheSimpletonMod:Ferment","TheSimpletonMod:VineRipen"],"picked":"TheSimpletonMod:SpiceUp","floor":1},{"not_picked":["TheSimpletonMod:Rototilling","TheSimpletonMod:Barnstorm"],"picked":"TheSimpletonMod:Sunchoke","floor":4},{"not_picked":["TheSimpletonMod:Ferment","TheSimpletonMod:VineRipen"],"picked":"TheSimpletonMod:Swelter","floor":5},{"not_picked":["TheSimpletonMod:ControlledBurn","TheSimpletonMod:SeedCoat","TheSimpletonMod:SoilSample"],"picked":"SKIP","floor":6},{"not_picked":["TheSimpletonMod:Sunseed","TheSimpletonMod:VineRipen"],"picked":"TheSimpletonMod:SlashAndBurn","floor":8},{"not_picked":["TheSimpletonMod:ToughenUp","TheSimpletonMod:CloseScrape"],"picked":"TheSimpletonMod:Swelter","floor":12},{"not_picked":["TheSimpletonMod:SaltTheEarth","TheSimpletonMod:DesperatePlunge"],"picked":"TheSimpletonMod:Chilis","floor":16},{"not_picked":["TheSimpletonMod:SeedCoat+1","TheSimpletonMod:PestManagement"],"picked":"TheSimpletonMod:OnionBloom+1","floor":18},{"not_picked":["TheSimpletonMod:BuzzBomb","TheSimpletonMod:CloseScrape"],"picked":"TheSimpletonMod:Pruning","floor":21},{"not_picked":["TheSimpletonMod:CullingStrike","TheSimpletonMod:ControlledBurn"],"picked":"TheSimpletonMod:Swelter+1","floor":24},{"not_picked":["TheSimpletonMod:Aerate+1","TheSimpletonMod:VineRipen","TheSimpletonMod:ToughenUp"],"picked":"SKIP","floor":25},{"not_picked":["TheSimpletonMod:SeedCoat+1","TheSimpletonMod:CloseScrape"],"picked":"TheSimpletonMod:Fertilaser+1","floor":27},{"not_picked":["TheSimpletonMod:GoToMarket","TheSimpletonMod:Ferment"],"picked":"TheSimpletonMod:Sunseed+1","floor":29},{"not_picked":["TheSimpletonMod:Sunchoke+1","TheSimpletonMod:Pruning"],"picked":"TheSimpletonMod:Germinate","floor":31},{"not_picked":["TheSimpletonMod:SaltTheEarth","TheSimpletonMod:LandGrant"],"picked":"TheSimpletonMod:VolatileFumes","floor":33},{"not_picked":["TheSimpletonMod:Sunseed+1","TheSimpletonMod:SeedCoat"],"picked":"TheSimpletonMod:Rake+1","floor":35},{"not_picked":["TheSimpletonMod:Rototilling+1","TheSimpletonMod:Mulch+1"],"picked":"TheSimpletonMod:Sunchoke+1","floor":36},{"not_picked":["TheSimpletonMod:Innovate+1","TheSimpletonMod:CloseScrape"],"picked":"TheSimpletonMod:BumperCrop","floor":37},{"not_picked":["TheSimpletonMod:Rototilling+1","TheSimpletonMod:SlashAndBurn"],"picked":"TheSimpletonMod:Ferment+1","floor":38},{"not_picked":["TheSimpletonMod:Rake+1","TheSimpletonMod:Sunchoke","TheSimpletonMod:CullingStrike"],"picked":"SKIP","floor":39},{"not_picked":["TheSimpletonMod:GoToMarket+1","TheSimpletonMod:SeedCoat"],"picked":"TheSimpletonMod:Swelter","floor":41},{"not_picked":["TheSimpletonMod:SeedCoat+1","TheSimpletonMod:Fertilaser"],"picked":"TheSimpletonMod:Pruning+1","floor":42},{"not_picked":["TheSimpletonMod:FlashPasteurize","TheSimpletonMod:SaladShooter+1"],"picked":"TheSimpletonMod:PestManagement","floor":44},{"not_picked":["TheSimpletonMod:CropRotation","TheSimpletonMod:Fertilaser"],"picked":"TheSimpletonMod:Germinate+1","floor":46},{"not_picked":["TheSimpletonMod:Sunchoke","TheSimpletonMod:Turnips+1"],"picked":"TheSimpletonMod:Aerate+1","floor":47}],"player_experience":191656,"relics_obtained":[{"floor":3,"key":"Ring of Panic"},{"floor":3,"key":"ReplayTheSpireMod:Ring of Exchange"},{"floor":6,"key":"Ginger"},{"floor":8,"key":"infinitespire:Beetle Shell"},{"floor":9,"key":"aspiration:HiddenCompartment"},{"floor":26,"key":"infinitespire:Satchel"},{"floor":27,"key":"Chameleon Ring"},{"floor":29,"key":"Blue Doll"},{"floor":39,"key":"War Paint"},{"floor":43,"key":"Replay:Mystery Machine"}],"event_choices":[{"damage_healed":0,"gold_gain":0,"player_choice":"Donut","damage_taken":0,"max_hp_gain":5,"max_hp_loss":0,"event_name":"Big Fish","floor":2,"gold_loss":0},{"cards_removed":["TheSimpletonMod:Strike_TheSimpleton"],"damage_healed":0,"gold_gain":0,"player_choice":"Card Removal","damage_taken":7,"max_hp_gain":0,"max_hp_loss":0,"event_name":"Golden Wing","floor":7,"gold_loss":0},{"damage_healed":0,"gold_gain":99,"player_choice":"Stole From Cult","damage_taken":0,"max_hp_gain":0,"max_hp_loss":0,"event_name":"Nest","floor":19,"gold_loss":0},{"damage_healed":0,"gold_gain":0,"player_choice":"Copied","damage_taken":0,"max_hp_gain":0,"max_hp_loss":0,"event_name":"Duplicator","floor":20,"gold_loss":0,"cards_obtained":["TheSimpletonMod:ReapAndSow"]},{"damage_healed":0,"gold_gain":0,"player_choice":"Gave Potion","damage_taken":0,"relics_obtained":["aspiration:AnachronicSnailShell"],"max_hp_gain":0,"max_hp_loss":0,"event_name":"WeMeetAgain","floor":30,"gold_loss":0}],"is_beta":false,"boss_relics":[{"not_picked":["Snecko Eye","Tiny House"],"picked":"Pandora\u0027s Box"},{"not_picked":["Guide Book","aspiration:RitualDagger"],"picked":"Membership Card"}],"items_purged_floors":[],"is_endless":false,"potions_floor_spawned":[1,6,8,21,24,27,33,37,39,41,42,47],"killed_by":"Awakened One","ascension_level":0}}