{"host":"pjgcdp3h1plnbocs","time":1608908847,"event":{"mods":["AchievementEnabler","BaseMod","Colored Map","Highlight Path","Minty Spire (QoL Compilation)"],"gold_per_floor":[118,129,129,141,156,190,190,190,190,221,235,249,259,259,259,361,361,341,351,276,295,311,345,365,365,365],"floor_reached":25,"playtime":2364,"items_purged":[],"score":323,"play_id":"2683d850-aae5-4384-94ee-821c0bce2768","local_time":"20201225160727","is_ascension_mode":true,"campfire_choices":[{"floor":8,"key":"REST"},{"data":"Redo","floor":15,"key":"SMITH"}],"circlet_count":0,"master_deck":["Strike_B+1","Strike_B","Strike_B+1","Defend_B","Defend_B","Defend_B","Zap","Dualcast","Cold Snap","All For One","Redo+1","Chill","Gash","Gash","Defragment","Go for the Eyes+1","Beam Cell","Gash"],"relics":["Cracked Core","Whetstone","Thread and Needle","Sundial","Bottled Lightning","DataDisk","Boot"],"acts_visited":["Exordium","TheCity"],"potions_floor_usage":[16,23,25],"damage_taken":[{"damage":4.0,"enemies":"Jaw Worm","floor":1.0,"turns":3.0},{"damage":0.0,"enemies":"Small Slimes","floor":2.0,"turns":3.0},{"damage":6,"enemies":"2 Louse","floor":4,"turns":2},{"damage":13,"enemies":"2 Fungi Beasts","floor":5,"turns":3},{"damage":31,"enemies":"3 Sentries","floor":6,"turns":7},{"damage":16,"enemies":"Lagavulin","floor":10,"turns":8},{"damage":0,"enemies":"Blue Slaver","floor":11,"turns":3},{"damage":0,"enemies":"Looter","floor":12,"turns":3},{"damage":0,"enemies":"Large Slime","floor":13,"turns":4},{"damage":0,"enemies":"Slime Boss","floor":16,"turns":4},{"damage":0,"enemies":"2 Thieves","floor":18,"turns":4},{"damage":0,"enemies":"Shell Parasite","floor":19,"turns":5},{"damage":0,"enemies":"Snecko","floor":21,"turns":5},{"damage":23,"enemies":"Shelled Parasite and Fungi","floor":22,"turns":7},{"damage":20,"enemies":"Book of Stabbing","floor":23,"turns":6},{"damage":8,"enemies":"Cultist and Chosen","floor":24,"turns":7},{"damage":14,"enemies":"Slavers","floor":25,"turns":1}],"seed_played":"-4988166677590505013","potions_obtained":[{"floor":1.0,"key":"DuplicationPotion"},{"floor":10,"key":"ColorlessPotion"},{"floor":12,"key":"SpeedPotion"},{"floor":13,"key":"BlessingOfTheForge"},{"floor":16,"key":"LiquidBronze"},{"floor":18,"key":"EssenceOfSteel"},{"floor":24,"key":"LiquidBronze"}],"is_trial":false,"path_per_floor":["M","M","?","M","M","E","?","R","T","E","M","M","M","?","R","B",null,"M","M","?","M","M","E","M","E"],"character_chosen":"DEFECT","items_purchased":[],"campfire_rested":1,"item_purchase_floors":[],"current_hp_per_floor":[64,64,64,58,45,14,2,24,24,8,8,8,8,1,1,1,57,57,57,57,57,34,14,6,0,0],"gold":365,"neow_bonus":"RANDOM_COMMON_RELIC","is_daily":false,"chose_seed":false,"campfire_upgraded":1,"win_rate":0.0,"timestamp":1608908847,"path_taken":["M","M","?","M","M","E","?","R","T","E","?","M","M","?","R","BOSS","M","M","?","M","M","E","M","E"],"items_purchased_type":[],"build_version":"2020-12-22","purchased_purges":0,"victory":false,"max_hp_per_floor":[75,75,75,75,75,75,75,75,75,75,75,75,75,75,75,75,75,75,75,75,75,75,75,75,75,75],"card_choices":[{"not_picked":["Melter","Streamline","Compile Driver"],"picked":"SKIP","floor":1.0},{"not_picked":["Storm","Skim","Steam Power"],"picked":"SKIP","floor":2.0},{"not_picked":["Stack","Darkness"],"picked":"Cold Snap","floor":4},{"not_picked":["Aggregate","Streamline"],"picked":"Redo","floor":5},{"not_picked":["Turbo","Scrape"],"picked":"All For One","floor":6},{"not_picked":["Darkness","Scrape"],"picked":"Redo","floor":10},{"not_picked":["Sweeping Beam","Scrape"],"picked":"Chill","floor":11},{"not_picked":["Sweeping Beam","Barrage"],"picked":"Gash","floor":12},{"not_picked":["Recycle","Steam Power"],"picked":"Gash","floor":13},{"not_picked":["Compile Driver","Redo"],"picked":"Defragment","floor":18},{"not_picked":["Compile Driver","Aggregate","Fusion"],"picked":"SKIP","floor":19},{"not_picked":["Heatsinks","Stack","Hologram"],"picked":"SKIP","floor":21},{"not_picked":["Chill","Sunder+1"],"picked":"Go for the Eyes+1","floor":22},{"not_picked":["Force Field","Recycle+1"],"picked":"Beam Cell","floor":23},{"not_picked":["Beam Cell+1","Sweeping Beam"],"picked":"Gash","floor":24}],"player_experience":143430,"relics_obtained":[{"floor":6,"key":"Thread and Needle"},{"floor":9,"key":"Bottled Lightning"},{"floor":10,"key":"DataDisk"},{"floor":23,"key":"Boot"}],"event_choices":[{"cards_removed":["Defend_B"],"damage_healed":0,"gold_gain":0,"player_choice":"Forget","damage_taken":0,"max_hp_gain":0,"max_hp_loss":0,"event_name":"Living Wall","floor":3,"gold_loss":0},{"damage_healed":0,"gold_gain":0,"player_choice":"Success","damage_taken":12,"relics_obtained":["Sundial"],"max_hp_gain":0,"max_hp_loss":0,"event_name":"Scrap Ooze","floor":7,"gold_loss":0},{"cards_removed":["Strike_B"],"damage_healed":0,"gold_gain":0,"player_choice":"Card Removal","damage_taken":7,"max_hp_gain":0,"max_hp_loss":0,"event_name":"Golden Wing","floor":14,"gold_loss":0},{"cards_removed":["Redo"],"damage_healed":0,"gold_gain":0,"player_choice":"Gave Gold","damage_taken":0,"max_hp_gain":0,"max_hp_loss":0,"event_name":"Beggar","floor":20,"gold_loss":75}],"is_beta":false,"boss_relics":[{"not_picked":["Pandora\u0027s Box","Runic Pyramid","Velvet Choker"]}],"items_purged_floors":[],"is_endless":false,"potions_floor_spawned":[1,10,12,13,16,18,19,24],"killed_by":"Slavers","ascension_level":7}}