{"host":"xgnmnr8f8w1a0eo3","time":1608870012,"event":{"mods":["BaseMod","Downfall","Highlight Path","Minty Spire (QoL Compilation)","Permanent Neow","Relic Stats","StSLib","everything is the same but u backflip on backflip"],"gold_per_floor":[99,118,130,130,150,185,185,196,214,240,240,240,256,291,311,311,311],"floor_reached":16,"playtime":4397,"items_purged":[],"score":130,"play_id":"74d7f504-36f1-4ffe-87de-29a008229111","local_time":"20201224232012","is_ascension_mode":true,"campfire_choices":[{"data":"sneckomod:SnekBite","floor":1.0,"key":"SMITH"},{"floor":11,"key":"REST"}],"circlet_count":0,"master_deck":["sneckomod:Strike","sneckomod:Strike","sneckomod:Strike","sneckomod:Defend","sneckomod:Defend","sneckomod:Defend","sneckomod:TailWhip","sneckomod:SnekBite+1","sneckomod:Unknown","sneckomod:Unknown","sneckomod:Unknown1Cost","sneckomod:UnknownClassTHE_CHAMP_GRAY","sneckomod:RainOfDice","sneckomod:UnknownUncommonSkill","sneckomod:UnknownUncommonPower","sneckomod:IronFang","sneckomod:UnknownDexterity","Regret","sneckomod:IronFang","sneckomod:UnlimitedRolls","sneckomod:DefensiveFlair"],"relics":["sneckomod:SneckoSoul","Gambling Chip","downfall:BrokenWingStatue","Pear","Shuriken","StoneCalendar","PreservedInsect","Bronze Scales"],"acts_visited":["Exordium"],"potions_floor_usage":[10,16],"damage_taken":[{"damage":0.0,"enemies":"Small Slimes","floor":2.0,"turns":3.0},{"damage":0.0,"enemies":"2 Louse","floor":3.0,"turns":1.0},{"damage":3.0,"enemies":"Jaw Worm","floor":5.0,"turns":2.0},{"damage":6.0,"enemies":"Gremlin Nob","floor":6.0,"turns":3.0},{"damage":8,"enemies":"Red Slaver","floor":8,"turns":2},{"damage":32,"enemies":"Exordium Wildlife","floor":9,"turns":6},{"damage":3,"enemies":"Lagavulin","floor":10,"turns":5},{"damage":16,"enemies":"Large Slime","floor":13,"turns":7},{"damage":25,"enemies":"3 Sentries","floor":14,"turns":3},{"damage":9,"enemies":"Lots of Slimes","floor":15,"turns":2},{"damage":34,"enemies":"downfall:Defect","floor":16,"turns":4}],"seed_played":"2027670870377730271","potions_obtained":[{"floor":8,"key":"sneckomod:MuddlingPotion"},{"floor":9,"key":"ColorlessPotion"},{"floor":13,"key":"PowerPotion"}],"is_trial":false,"path_per_floor":["R","M","M","?","M","E","T","M","M","E","R","?","M","E","M","B"],"character_chosen":"THE_SNECKO","items_purchased":[],"campfire_rested":1,"item_purchase_floors":[],"current_hp_per_floor":[81,82,83,83,80,85,85,78,46,44,72,72,56,35,26,0,0],"gold":311,"neow_bonus":"ONE_RARE_RELIC","is_daily":false,"chose_seed":false,"campfire_upgraded":1,"win_rate":0.0,"timestamp":1608870012,"path_taken":["R","M","M","?","M","E","T","M","M","E","R","?","M","E","M","BOSS"],"items_purchased_type":[],"build_version":"2020-12-22","purchased_purges":0,"victory":false,"max_hp_per_floor":[81,82,83,83,83,94,94,95,95,96,96,96,96,96,96,96,96],"relic_stats":{"counters":[11,38],"Shuriken":[7],"Gambling Chip":[22],"Bronze Scales":[19],"StoneCalendar":[7],"PreservedInsect":31,"obtain_stats":[{"downfall:BrokenWingStatue":4,"Pear":6,"Shuriken":7,"Gambling Chip":0,"Bronze Scales":14,"StoneCalendar":10,"PreservedInsect":12,"sneckomod:SneckoSoul":0},{"downfall:BrokenWingStatue":2,"Pear":4,"Shuriken":4,"Gambling Chip":0,"Bronze Scales":9,"StoneCalendar":7,"PreservedInsect":7,"sneckomod:SneckoSoul":0},{"downfall:BrokenWingStatue":4,"Pear":9,"Shuriken":9,"Gambling Chip":0,"Bronze Scales":32,"StoneCalendar":22,"PreservedInsect":22,"sneckomod:SneckoSoul":0}]},"card_choices":[{"not_picked":["sneckomod:QuickMove","sneckomod:MasterEye"],"picked":"sneckomod:Unknown1Cost","floor":2.0},{"not_picked":["sneckomod:UnknownVulnerable","sneckomod:DefensiveFlair"],"picked":"sneckomod:UnknownClassTHE_CHAMP_GRAY","floor":3.0},{"not_picked":["sneckomod:UnknownStrike","sneckomod:DiceBlock"],"picked":"sneckomod:RainOfDice","floor":5.0},{"not_picked":["sneckomod:DiceBlock","sneckomod:UnlimitedRolls"],"picked":"sneckomod:UnknownUncommonSkill","floor":6.0},{"not_picked":["sneckomod:UnknownClassGUARDIAN","sneckomod:SoulDraw"],"picked":"sneckomod:UnknownUncommonPower","floor":8},{"not_picked":["sneckomod:UnknownUncommonPower","sneckomod:UnknownStrike"],"picked":"sneckomod:IronFang","floor":9},{"not_picked":["sneckomod:UnknownCommonSkill","sneckomod:DiceCrush"],"picked":"sneckomod:UnknownDexterity","floor":10},{"not_picked":["sneckomod:UnknownCommonAttack","sneckomod:WideSting"],"picked":"sneckomod:IronFang","floor":13},{"not_picked":["sneckomod:Unknown2Cost","sneckomod:IronFang"],"picked":"sneckomod:UnlimitedRolls","floor":14},{"not_picked":["sneckomod:UnknownClassHEXA_GHOST_PURPLE","sneckomod:DiceCrush"],"picked":"sneckomod:DefensiveFlair","floor":15}],"player_experience":1162411,"relics_obtained":[{"floor":6.0,"key":"Pear"},{"floor":7.0,"key":"Shuriken"},{"floor":10,"key":"StoneCalendar"},{"floor":14,"key":"Bronze Scales"}],"event_choices":[{"damage_healed":0,"gold_gain":0,"player_choice":"Box","damage_taken":0,"relics_obtained":["PreservedInsect"],"max_hp_gain":0,"max_hp_loss":0,"event_name":"Big Fish","floor":12,"gold_loss":0,"cards_obtained":["Regret"]}],"is_beta":false,"boss_relics":[],"items_purged_floors":[],"is_endless":false,"potions_floor_spawned":[8,9,13],"killed_by":"downfall:Defect","ascension_level":1}}