{"host":"od099uxc49ip1k8b","time":1608917583,"event":{"mods":["Act Like it!","BaseMod","Downfall","Gensokyo","Hermit","Highlight Path","Koishi","Marisa????????","Minty Spire (QoL Compilation)","Rare Cards Sparkle","Remilia??????","StSLib","Td1madao Mod","The Administrix","The Animator","The Cursed","The Gatherer","The Servant 0.9.4","The Wild Card","Waifu the Spire","WarShipGirlsR/????R mod","Yuyuko"],"gold_per_floor":[118,138,149,165,130,130,164,183,207,207,223,243,257,282,282,380,380,393,492,512,526,379,404,404,422,422,141,141,167,167,185,185,287,287,297,0,17,17,29,29,43,43,43,78,91,110,124,144,144,144,144],"floor_reached":50,"playtime":11006,"items_purged":[],"score":572,"play_id":"97dd4eac-274e-4f3f-8cce-bbfad0d2436c","local_time":"20201225123303","is_ascension_mode":false,"campfire_choices":[{"data":"AdministrixMod:Transition","floor":6,"key":"SMITH"},{"data":"AdministrixMod:LightOfYourLife","floor":10,"key":"SMITH"},{"data":"AdministrixMod:BloodBargain","floor":15,"key":"SMITH"},{"data":"AdministrixMod:Convergence","floor":24,"key":"SMITH"},{"data":"AdministrixMod:BegetEternity","floor":28,"key":"SMITH"},{"data":"AdministrixMod:RebukeDesires","floor":30,"key":"SMITH"},{"data":"AdministrixMod:NewWardrobe","floor":32,"key":"SMITH"},{"floor":40,"key":"REST"},{"floor":42,"key":"REST"},{"floor":49,"key":"REST"}],"circlet_count":0,"master_deck":["AdministrixMod:Strike_Administrix","AdministrixMod:Strike_Administrix+1","AdministrixMod:Strike_Administrix","AdministrixMod:Strike_Administrix+1","AdministrixMod:RedCloak","AdministrixMod:Defend_Administrix","AdministrixMod:Defend_Administrix","AdministrixMod:Defend_Administrix","AdministrixMod:Defend_Administrix","AdministrixMod:BlueCloak","AdministrixMod:PassageOfAges","AdministrixMod:Transition+1","AdministrixMod:LightOfYourLife+1","AdministrixMod:ExtolVirtue","AdministrixMod:ChooseYourEnd","AdministrixMod:LuminaryPath","AdministrixMod:BloodBargain+1","AdministrixMod:BishamonBlessing","AdministrixMod:BishamonBlessing","AdministrixMod:Convergence+1","AdministrixMod:StarSwordSoul","AdministrixMod:BegetEternity+1","AdministrixMod:ChooseYourEnd","AdministrixMod:CrackingPangu","AdministrixMod:RebukeDesires+1","AdministrixMod:NewWardrobe+1","AdministrixMod:BattleforgedBonds","Writhe","AdministrixMod:CenturiesAscent+1","AdministrixMod:CenturiesAscent+1","AdministrixMod:Transcension+1","AdministrixMod:BishamonBlessing"],"relics":["AdministrixMod:ConductorRitualBaton","AdministrixMod:KeyOfKings","Blood Vial","Odd Mushroom","Philosopher\u0027s Stone","Ancient Tea Set","Dream Catcher","CaptainsWheel","Gremlin Horn","Whetstone","SlaversCollar","Red Mask","Bottled Lightning","Happy Flower"],"acts_visited":["Exordium","TheCity","TheBeyond"],"potions_floor_usage":[16,23,33,33,33,47,47,50,50,50],"damage_taken":[{"damage":0,"enemies":"Cultist","floor":1,"turns":3},{"damage":0,"enemies":"2 Louse","floor":2,"turns":2},{"damage":0,"enemies":"Small Slimes","floor":3,"turns":6},{"damage":8,"enemies":"2 Fungi Beasts","floor":4,"turns":5},{"damage":18,"enemies":"Lagavulin","floor":7,"turns":9},{"damage":0,"enemies":"Blue Slaver","floor":8,"turns":4},{"damage":0,"enemies":"Looter","floor":11,"turns":3},{"damage":1,"enemies":"Exordium Thugs","floor":12,"turns":4},{"damage":0,"enemies":"Exordium Wildlife","floor":13,"turns":3},{"damage":1,"enemies":"The Mushroom Lair","floor":14,"turns":4},{"damage":5,"enemies":"The Guardian","floor":16,"turns":11},{"damage":0,"enemies":"Chosen","floor":18,"turns":6},{"damage":4,"enemies":"2 Thieves","floor":20,"turns":3},{"damage":9,"enemies":"Centurion and Healer","floor":21,"turns":4},{"damage":0,"enemies":"Gremlin Leader","floor":23,"turns":8},{"damage":4,"enemies":"Snecko","floor":25,"turns":5},{"damage":7,"enemies":"Slavers","floor":29,"turns":5},{"damage":2,"enemies":"Shelled Parasite and Fungi","floor":31,"turns":5},{"damage":15,"enemies":"Collector","floor":33,"turns":6},{"damage":35,"enemies":"3 Darklings","floor":35,"turns":4},{"damage":0,"enemies":"3 Shapes","floor":37,"turns":4},{"damage":42,"enemies":"Transient","floor":39,"turns":5},{"damage":0,"enemies":"Maw","floor":41,"turns":6},{"damage":0,"enemies":"Giant Head","floor":44,"turns":6},{"damage":11,"enemies":"Sphere and 2 Shapes","floor":45,"turns":6},{"damage":26,"enemies":"Jaw Worm Horde","floor":46,"turns":4},{"damage":23,"enemies":"Writhing Mass","floor":47,"turns":6},{"damage":5,"enemies":"Maw","floor":48,"turns":6},{"damage":35,"enemies":"Time Eater","floor":50,"turns":9}],"seed_played":"-8543343694506518592","potions_obtained":[{"floor":1,"key":"Energy Potion"},{"floor":7,"key":"Strength Potion"},{"floor":8,"key":"Ancient Potion"},{"floor":11,"key":"Strength Potion"},{"floor":16,"key":"Block Potion"},{"floor":23,"key":"ColorlessPotion"},{"floor":31,"key":"DistilledChaos"},{"floor":37,"key":"PowerPotion"},{"floor":41,"key":"sneckomod:MuddlingPotion"},{"floor":44,"key":"champ:CounterPotion"},{"floor":45,"key":"ColorlessPotion"},{"floor":47,"key":"ColorlessPotion"},{"floor":48,"key":"AttackPotion"}],"is_trial":false,"path_per_floor":["M","M","M","M","?","R","E","M","T","R","M","M","M","?","R","B",null,"M","?","M","M","$","E","R","M","T","$","R","E","R","M","R","B",null,"M","?","M","?","M","R","M","R","T","E","M","M","M","M","R","B"],"character_chosen":"TheAdministrix","items_purchased":["Ancient Tea Set","AdministrixMod:RebukeDesires","Gremlin Horn"],"campfire_rested":3,"item_purchase_floors":[22,27,27],"current_hp_per_floor":[71,71,71,63,71,71,53,53,53,53,55,56,58,59,59,56,71,71,71,67,60,60,62,62,60,60,60,60,55,55,55,55,42,71,36,36,38,56,16,37,39,60,60,62,53,29,8,5,26,0,0],"gold":144,"neow_bonus":"TEN_PERCENT_HP_BONUS","is_daily":false,"chose_seed":false,"campfire_upgraded":7,"win_rate":0.0,"timestamp":1608917583,"path_taken":["M","M","M","M","?","R","E","M","T","R","M","M","M","?","R","BOSS","M","?","M","M","$","E","R","M","T","$","R","E","R","M","R","BOSS","M","?","M","?","M","R","M","R","T","E","M","M","M","M","R","BOSS"],"items_purchased_type":["Relic","Card","Relic"],"build_version":"2020-12-22","purchased_purges":0,"victory":false,"max_hp_per_floor":[71,71,71,71,71,71,71,71,71,71,71,71,71,71,71,71,71,71,71,71,71,71,71,71,71,71,71,71,71,71,71,71,71,71,71,71,71,71,71,71,71,71,71,71,71,71,71,71,71,71,71],"card_choices":[{"not_picked":["AdministrixMod:CastOffRegrets","AdministrixMod:ImmortalGrace"],"picked":"AdministrixMod:PassageOfAges","floor":1},{"not_picked":["AdministrixMod:SipOfSparks","AdministrixMod:PlateOfAntiquity"],"picked":"AdministrixMod:Transition","floor":2},{"not_picked":["AdministrixMod:BegetEternity","AdministrixMod:RisingSunPrince"],"picked":"AdministrixMod:LightOfYourLife","floor":3},{"not_picked":["AdministrixMod:Convergence","AdministrixMod:PlateOfAntiquity"],"picked":"AdministrixMod:ExtolVirtue","floor":4},{"not_picked":["AdministrixMod:MixOfMercury","AdministrixMod:UnstableVigor"],"picked":"AdministrixMod:ChooseYourEnd","floor":7},{"not_picked":["AdministrixMod:NoblePath","AdministrixMod:SipOfSparks"],"picked":"AdministrixMod:LuminaryPath","floor":8},{"not_picked":["AdministrixMod:CenturiesAscent","AdministrixMod:PlateOfAntiquity"],"picked":"AdministrixMod:BloodBargain","floor":11},{"not_picked":["AdministrixMod:SealAway","AdministrixMod:SeventeenArticleLaser"],"picked":"AdministrixMod:BishamonBlessing","floor":12},{"not_picked":["AdministrixMod:ShadowPlay","AdministrixMod:FeastOfDew"],"picked":"AdministrixMod:BishamonBlessing","floor":13},{"not_picked":["AdministrixMod:NoblePath","AdministrixMod:TrickOfTheLight"],"picked":"AdministrixMod:Convergence","floor":14},{"not_picked":["AdministrixMod:LifeforceNet","AdministrixMod:DeathByGlamour"],"picked":"AdministrixMod:StarSwordSoul","floor":16},{"not_picked":["AdministrixMod:DiversionaryTactic","AdministrixMod:XianArts","AdministrixMod:CastOffRegrets"],"picked":"SKIP","floor":18},{"not_picked":["AdministrixMod:RegentEdict","AdministrixMod:FeastOfDew"],"picked":"AdministrixMod:BegetEternity","floor":20},{"not_picked":["AdministrixMod:FuneraryRites","AdministrixMod:HarmonicReverence"],"picked":"AdministrixMod:ChooseYourEnd","floor":21},{"not_picked":["AdministrixMod:FeastOfDew","AdministrixMod:DiversionaryTactic"],"picked":"AdministrixMod:CrackingPangu","floor":23},{"not_picked":["AdministrixMod:BegetEternity","AdministrixMod:ShadowPlay","AdministrixMod:CastOffRegrets"],"picked":"SKIP","floor":25},{"not_picked":["AdministrixMod:HiddenPower","AdministrixMod:SipOfSparks","AdministrixMod:FalseDeath"],"picked":"SKIP","floor":29},{"not_picked":["AdministrixMod:Transition","AdministrixMod:FuneraryRites"],"picked":"AdministrixMod:NewWardrobe","floor":31},{"not_picked":["AdministrixMod:Schism","AdministrixMod:FaithfulFlames"],"picked":"AdministrixMod:BattleforgedBonds","floor":33},{"not_picked":["AdministrixMod:DiversionaryTactic+1","AdministrixMod:QuietConspiracy","AdministrixMod:CenturiesAscent"],"picked":"SKIP","floor":35},{"not_picked":["AdministrixMod:Overdrive+1","AdministrixMod:MixOfMercury","AdministrixMod:ImmortalGrace+1"],"picked":"SKIP","floor":37},{"not_picked":["AdministrixMod:QuietConspiracy","AdministrixMod:TrickOfTheLight","AdministrixMod:Overdrive"],"picked":"SKIP","floor":39},{"not_picked":["AdministrixMod:PassageOfAges+1","AdministrixMod:NoblePath"],"picked":"AdministrixMod:CenturiesAscent+1","floor":40},{"not_picked":["AdministrixMod:FeastOfDew+1","AdministrixMod:SipOfSparks+1"],"picked":"AdministrixMod:CenturiesAscent+1","floor":41},{"not_picked":["AdministrixMod:HarmonicReverence+1","AdministrixMod:PassageOfAges"],"picked":"AdministrixMod:Transcension+1","floor":42},{"not_picked":["AdministrixMod:ExtolVirtue+1","AdministrixMod:ImmortalPurity"],"picked":"AdministrixMod:BishamonBlessing","floor":44},{"not_picked":["AdministrixMod:CastOffRegrets+1","AdministrixMod:CenturiesAscent+1","AdministrixMod:Transition"],"picked":"SKIP","floor":45},{"not_picked":["AdministrixMod:ImmortalGrace+1","AdministrixMod:BloodlessSapphire","AdministrixMod:BegetEternity"],"picked":"SKIP","floor":46},{"not_picked":["AdministrixMod:HopeInTheDark","AdministrixMod:RegentEdict+1","AdministrixMod:ArmillarySphere+1"],"picked":"SKIP","floor":47},{"not_picked":["AdministrixMod:Metempsychosis","AdministrixMod:HiddenPower","AdministrixMod:RegentEdict+1"],"picked":"SKIP","floor":48}],"player_experience":82835,"relics_obtained":[{"floor":7,"key":"AdministrixMod:KeyOfKings"},{"floor":9,"key":"Blood Vial"},{"floor":14,"key":"Odd Mushroom"},{"floor":23,"key":"Dream Catcher"},{"floor":26,"key":"CaptainsWheel"},{"floor":29,"key":"Whetstone"},{"floor":43,"key":"Bottled Lightning"},{"floor":44,"key":"Happy Flower"}],"event_choices":[{"damage_healed":17,"gold_gain":0,"player_choice":"Healed","damage_taken":0,"max_hp_gain":0,"max_hp_loss":0,"event_name":"The Cleric","floor":5,"gold_loss":35},{"damage_healed":0,"gold_gain":0,"player_choice":"Fought Mushrooms","damage_taken":0,"max_hp_gain":0,"max_hp_loss":0,"event_name":"Mushrooms","floor":14,"gold_loss":0},{"damage_healed":0,"gold_gain":99,"player_choice":"Stole From Cult","damage_taken":0,"max_hp_gain":0,"max_hp_loss":0,"event_name":"Nest","floor":19,"gold_loss":0},{"damage_healed":0,"gold_gain":0,"player_choice":"Paid","damage_taken":0,"relics_obtained":["Red Mask"],"max_hp_gain":0,"max_hp_loss":0,"event_name":"Tomb of Lord Red Mask","floor":36,"gold_loss":297},{"damage_healed":18,"gold_gain":0,"player_choice":"Writhe","damage_taken":0,"max_hp_gain":0,"max_hp_loss":0,"event_name":"Winding Halls","floor":38,"gold_loss":0,"cards_obtained":["Writhe"]}],"is_beta":false,"boss_relics":[{"not_picked":["AdministrixMod:ElixirOfImmorality","Coffee Dripper"],"picked":"Philosopher\u0027s Stone"},{"not_picked":["Runic Pyramid","AdministrixMod:BloodSoakedVeil"],"picked":"SlaversCollar"}],"items_purged_floors":[],"is_endless":false,"potions_floor_spawned":[1,7,8,11,13,16,18,23,31,37,41,44,45,47,48],"killed_by":"Time Eater","ascension_level":0}}