{"host":"0ueeacaatm8t6jyh","time":1608879238,"event":{"mods":["AchievementEnabler","BaseMod","Colored Powertips","Minty Spire (QoL Compilation)","Quick Restart","Rare Cards Sparkle","StSLib"],"gold_per_floor":[119,134,42,56,231,263,283,10,37,52,69,69,98,111,111,188,188,201,201,201],"floor_reached":19,"playtime":752,"items_purged":["Doubt"],"score":299,"play_id":"10cd4796-cc27-4648-bac0-d32dad4e430f","local_time":"20201225145358","is_ascension_mode":true,"campfire_choices":[{"floor":12.0,"key":"REST"},{"floor":15.0,"key":"REST"}],"circlet_count":0,"master_deck":["AscendersBane","Strike_R","Strike_R","Strike_R","Defend_R","Defend_R","Defend_R","Defend_R","Bash","Spot Weakness","Inflame","Uppercut","Armaments","Armaments","Flex","Shrug It Off","Dropkick","Disarm","Shrug It Off","Heavy Blade","Double Tap","Dark Embrace"],"relics":["Burning Blood","NeowsBlessing","Dream Catcher","ClockworkSouvenir","Ancient Tea Set","Empty Cage"],"acts_visited":["Exordium","TheCity"],"potions_floor_usage":[],"damage_taken":[{"damage":0.0,"enemies":"Cultist","floor":1.0,"turns":1.0},{"damage":0.0,"enemies":"Small Slimes","floor":2.0,"turns":1.0},{"damage":0.0,"enemies":"Jaw Worm","floor":4.0,"turns":1.0},{"damage":60.0,"enemies":"3 Sentries","floor":6.0,"turns":10.0},{"damage":18.0,"enemies":"Gremlin Gang","floor":7.0,"turns":7.0},{"damage":8.0,"enemies":"Large Slime","floor":10.0,"turns":4.0},{"damage":6.0,"enemies":"Looter","floor":11.0,"turns":2.0},{"damage":33.0,"enemies":"Gremlin Nob","floor":13.0,"turns":5.0},{"damage":6.0,"enemies":"Blue Slaver","floor":14.0,"turns":5.0},{"damage":34.0,"enemies":"Slime Boss","floor":16.0,"turns":8.0},{"damage":32,"enemies":"Shell Parasite","floor":18,"turns":7},{"damage":44,"enemies":"Masked Bandits","floor":19,"turns":3}],"seed_played":"-6075585279330962892","potions_obtained":[{"floor":1.0,"key":"Weak Potion"},{"floor":4.0,"key":"HeartOfIron"},{"floor":10.0,"key":"FairyPotion"},{"floor":13.0,"key":"LiquidMemories"},{"floor":16.0,"key":"LiquidBronze"},{"floor":18,"key":"Ancient Potion"}],"is_trial":false,"path_per_floor":["M","M","$","M","?","E","M","$","T","M","M","R","E","M","R","B",null,"M","?"],"character_chosen":"IRONCLAD","items_purchased":["Uppercut","Armaments","ClockworkSouvenir","Flex"],"campfire_rested":2,"item_purchase_floors":[3,3,8,8],"current_hp_per_floor":[78,80,80,80,80,26,14,14,14,12,12,36,9,9,33,30,68,42,0,0],"gold":201,"neow_bonus":"THREE_ENEMY_KILL","is_daily":false,"chose_seed":false,"campfire_upgraded":0,"win_rate":0.0,"timestamp":1608879238,"path_taken":["M","M","?","M","?","E","M","$","T","M","?","R","E","?","R","BOSS","M","?"],"items_purchased_type":["Card","Card","Relic","Card"],"build_version":"2020-12-22","purchased_purges":1,"victory":false,"max_hp_per_floor":[80,80,80,80,80,80,80,80,80,80,80,80,80,80,80,80,80,80,80,80],"card_choices":[{"not_picked":["Fire Breathing","Armaments"],"picked":"Spot Weakness","floor":1.0},{"not_picked":["Cleave","Body Slam"],"picked":"Inflame","floor":2.0},{"not_picked":["Sentinel","Thunderclap","Infernal Blade"],"picked":"SKIP","floor":4.0},{"not_picked":["Thunderclap","Power Through","Havoc"],"picked":"SKIP","floor":6.0},{"not_picked":["Uppercut","Iron Wave"],"picked":"Armaments","floor":7.0},{"not_picked":["Anger","Uppercut"],"picked":"Shrug It Off","floor":10.0},{"not_picked":["Cleave","Intimidate"],"picked":"Dropkick","floor":11.0},{"not_picked":["Pommel Strike","Searing Blow"],"picked":"Disarm","floor":13.0},{"not_picked":["Warcry","Juggernaut"],"picked":"Shrug It Off","floor":14.0},{"not_picked":["Body Slam","Power Through"],"picked":"Heavy Blade","floor":15.0},{"not_picked":["Juggernaut","Feed"],"picked":"Double Tap","floor":16.0},{"not_picked":["Perfected Strike","Headbutt"],"picked":"Dark Embrace","floor":18}],"player_experience":306429,"relics_obtained":[{"floor":6.0,"key":"Dream Catcher"},{"floor":13.0,"key":"Ancient Tea Set"}],"event_choices":[{"damage_healed":0.0,"max_hp_gain":0.0,"max_hp_loss":0.0,"gold_gain":175.0,"event_name":"Liars Game","player_choice":"AGREE","floor":5.0,"gold_loss":0.0,"damage_taken":0.0,"cards_obtained":["Doubt"]},{"damage_healed":0,"gold_gain":0,"player_choice":"Fought Bandits","damage_taken":0,"max_hp_gain":0,"max_hp_loss":0,"event_name":"Masked Bandits","floor":19,"gold_loss":0}],"is_beta":false,"boss_relics":[{"not_picked":["Ectoplasm","SacredBark"],"picked":"Empty Cage"}],"items_purged_floors":[8],"is_endless":false,"potions_floor_spawned":[1,4,10,13,16,18],"killed_by":"Masked Bandits","ascension_level":13}}