{"host":"ssbj2e5691x5ub3h","time":1608916317,"event":{"mods":["BaseMod","Duelist Mod","Minty Spire (QoL Compilation)","StSLib"],"gold_per_floor":[139,149,160,176,193,221,234,250,250,279,279,313,323,67,67,163,163,177,194,194,210,210,236,250,250,250,281,281,371,371,390,390,493,493,504,504,504,519,539,570,570,582,605,605,605,618,634,660,660,660],"floor_reached":51,"playtime":2401,"items_purged":[],"score":1164,"play_id":"09cf24c6-91ac-440c-997c-daf68200c026","local_time":"20201225151157","is_ascension_mode":true,"campfire_choices":[{"data":"theDuelist:DarkHorizon","floor":11,"key":"SMITH"},{"data":"theDuelist:ThousandEyesRestrict","floor":15,"key":"SMITH"},{"data":"theDuelist:HeroicGift","floor":25,"key":"SMITH"},{"data":"theDuelist:BookSecret","floor":28,"key":"SMITH"},{"data":"theDuelist:MythicalBeast","floor":30,"key":"PURGE"},{"data":"theDuelist:FairyBox","floor":32,"key":"SMITH"},{"data":"theDuelist:RainbowMagician","floor":41,"key":"SMITH"},{"data":"theDuelist:InfernoFireBlast+1","floor":45,"key":"SMITH"},{"floor":49,"key":"REST"}],"circlet_count":0,"master_deck":["theDuelist:CastleWalls","theDuelist:DarkMagician","theDuelist:HeroicGift+1","theDuelist:MysticalElf","theDuelist:MysticalElf","theDuelist:NeoMagic","theDuelist:NeoMagic","theDuelist:Sparks","theDuelist:Sparks","theDuelist:DarkHorizon+1","theDuelist:InjectionFairy","theDuelist:BlueDragonSummoner","theDuelist:ApprenticeIllusionMagician","theDuelist:ThousandEyesRestrict+1","theDuelist:DoomShaman","theDuelist:FairyBox+1","theDuelist:InjectionFairy","theDuelist:GeminiElf","theDuelist:BlizzardPrincess","theDuelist:ThousandEyesIdol","theDuelist:DarkPaladin","theDuelist:StatueAnguishPattern+1","theDuelist:BookSecret+1","theDuelist:PowerKaishin+1","theDuelist:ThousandEyesIdol","theDuelist:ApprenticeIllusionMagician","theDuelist:MagiciansRod+1","theDuelist:SwordsBurning+1","theDuelist:RainbowMagician+1","theDuelist:WitchBlackRose+1","theDuelist:WhiteMagicalHat+1","theDuelist:TimeWizard+1","theDuelist:InfernoFireBlast+2","theDuelist:ApprenticeIllusionMagician","theDuelist:SkilledDarkMagician+1","theDuelist:IcyCrevasse+1"],"relics":["theDuelist:MillenniumPuzzle","theDuelist:CardPoolRelic","theDuelist:CardPoolBasicRelic","theDuelist:BoosterPackPoolRelic","theDuelist:CardPoolAddRelic","theDuelist:CardPoolMinusRelic","theDuelist:CardPoolSaveRelic","theDuelist:CardPoolOptionsRelic","Peace Pipe","Bottled Lightning","Odd Mushroom","Du-Vu Doll","Frozen Egg 2","Sozu","theDuelist:SpellcasterToken","theDuelist:TributeEggRelic","Paper Crane","Runic Cube","Letter Opener","Snake Skull","Mercury Hourglass"],"acts_visited":["Exordium","TheCity","TheBeyond"],"potions_floor_usage":[6],"damage_taken":[{"damage":0,"enemies":"Jaw Worm","floor":1,"turns":2},{"damage":0,"enemies":"2 Louse","floor":2,"turns":1},{"damage":0,"enemies":"Small Slimes","floor":3,"turns":3},{"damage":0,"enemies":"Exordium Thugs","floor":4,"turns":4},{"damage":0,"enemies":"Looter","floor":5,"turns":2},{"damage":0,"enemies":"Lagavulin","floor":6,"turns":3},{"damage":0,"enemies":"Lots of Slimes","floor":7,"turns":2},{"damage":8,"enemies":"Exordium Wildlife","floor":8,"turns":4},{"damage":3,"enemies":"The Mushroom Lair","floor":10,"turns":3},{"damage":21,"enemies":"Gremlin Nob","floor":12,"turns":4},{"damage":0,"enemies":"2 Fungi Beasts","floor":13,"turns":1},{"damage":0,"enemies":"Slime Boss","floor":16,"turns":6},{"damage":7,"enemies":"Chosen","floor":18,"turns":3},{"damage":13,"enemies":"Shell Parasite","floor":19,"turns":5},{"damage":3,"enemies":"Cultist and Chosen","floor":21,"turns":3},{"damage":5,"enemies":"theDuelist:KaibaA2","floor":23,"turns":4},{"damage":2,"enemies":"3 Cultists","floor":24,"turns":3},{"damage":0,"enemies":"Gremlin Leader","floor":27,"turns":1},{"damage":9,"enemies":"Centurion and Healer","floor":31,"turns":3},{"damage":2,"enemies":"Automaton","floor":33,"turns":3},{"damage":9,"enemies":"Orb Walker","floor":35,"turns":2},{"damage":9,"enemies":"3 Darklings","floor":38,"turns":4},{"damage":9,"enemies":"4 Shapes","floor":39,"turns":3},{"damage":4,"enemies":"Nemesis","floor":40,"turns":3},{"damage":15,"enemies":"Jaw Worm Horde","floor":42,"turns":3},{"damage":0,"enemies":"Transient","floor":46,"turns":5},{"damage":0,"enemies":"Sphere and 2 Shapes","floor":47,"turns":2},{"damage":7,"enemies":"Giant Head","floor":48,"turns":4},{"damage":90,"enemies":"Time Eater","floor":50,"turns":7}],"seed_played":"2129870231439017663","potions_obtained":[{"floor":3,"key":"theDuelist:BigOrbBottle"},{"floor":6,"key":"EssenceOfSteel"},{"floor":10,"key":"theDuelist:BottledKuriboh"},{"floor":12,"key":"theDuelist:BottledKuriboh"}],"is_trial":false,"path_per_floor":["M","M","M","M","M","E","M","M","T","?","R","E","M","$","R","B",null,"M","M","?","M","?","E","M","R","T","E","R","?","R","M","R","B",null,"M","$","?","M","M","E","R","M","T","?","R","M","M","E","R","B",null],"character_chosen":"THE_DUELIST","items_purchased":["Frozen Egg 2"],"campfire_rested":1,"item_purchase_floors":[14],"current_hp_per_floor":[80,80,84,88,88,88,88,84,84,88,88,79,79,79,79,88,88,81,76,76,77,77,76,84,84,84,88,88,76,76,75,75,73,84,75,75,75,70,65,65,65,54,54,54,54,62,66,59,85,3],"gold":660,"neow_bonus":"TEN_PERCENT_HP_BONUS","is_daily":false,"chose_seed":false,"campfire_upgraded":7,"win_rate":0.0,"timestamp":1608916317,"path_taken":["M","M","M","M","M","E","M","M","T","?","R","E","M","$","R","BOSS","M","M","?","M","?","E","M","R","T","E","R","?","R","?","R","BOSS","M","$","?","M","?","E","R","M","T","?","R","M","M","E","R","BOSS"],"items_purchased_type":["Relic"],"build_version":"2020-12-22","purchased_purges":0,"victory":true,"max_hp_per_floor":[88,88,88,88,88,88,88,88,88,88,88,88,88,88,88,88,88,88,88,88,88,88,88,88,88,88,88,88,88,88,88,88,88,88,88,88,88,88,88,88,88,88,88,88,88,88,88,88,88,88],"card_choices":[{"not_picked":["theDuelist:BlizzardWarrior","theDuelist:FlyingSaucer","theDuelist:Mudballman","theDuelist:DarkMagician"],"picked":"theDuelist:DarkHorizon","floor":1},{"not_picked":["theDuelist:SpellShatteringArrow","theDuelist:GeminiElf","theDuelist:BlueDragonSummoner","theDuelist:TimeWizard"],"picked":"theDuelist:InjectionFairy","floor":2},{"not_picked":["theDuelist:SangaThunder","theDuelist:BlizzardWarrior","theDuelist:OnslaughtFireKings","theDuelist:Mudballman"],"picked":"theDuelist:BlueDragonSummoner","floor":3},{"not_picked":["theDuelist:BlueDragonSummoner","theDuelist:MindAir","theDuelist:TimeWizard","theDuelist:Illusionist"],"picked":"theDuelist:ApprenticeIllusionMagician","floor":4},{"not_picked":["theDuelist:IrisEarthMother","theDuelist:RainbowMagician","theDuelist:GrandSpellbookTower","theDuelist:GateGuardian"],"picked":"theDuelist:ThousandEyesRestrict","floor":5},{"not_picked":["theDuelist:SangaEarth","theDuelist:InjectionFairy","theDuelist:LordD","theDuelist:DarkMagician"],"picked":"theDuelist:DoomShaman","floor":6},{"not_picked":["theDuelist:WhiteHowling","theDuelist:StatueAnguishPattern","theDuelist:AltarTribute","theDuelist:Graverobber"],"picked":"theDuelist:FairyBox","floor":7},{"not_picked":["theDuelist:SpellShatteringArrow","theDuelist:BlizzardWarrior","theDuelist:DarkMagician","theDuelist:GuardianAngel"],"picked":"theDuelist:InjectionFairy","floor":8},{"not_picked":["theDuelist:SpellShatteringArrow","theDuelist:AltarTribute","theDuelist:LordD","theDuelist:CosmoBrain"],"picked":"theDuelist:GeminiElf","floor":10},{"not_picked":["theDuelist:MagicalBlast","theDuelist:MythicalBeast"],"picked":"theDuelist:BlizzardPrincess","floor":12},{"not_picked":["theDuelist:BlizzardPrincess","theDuelist:DiffusionWaveMotion","theDuelist:MagicalBlast","theDuelist:IcyCrevasse"],"picked":"theDuelist:ThousandEyesIdol","floor":13},{"not_picked":["theDuelist:QueenDragunDjinn","theDuelist:VoidVanishment+1","theDuelist:GateGuardian","theDuelist:SangaWater"],"picked":"theDuelist:DarkPaladin","floor":16},{"not_picked":["theDuelist:DarkPaladin","theDuelist:SangaWater+1"],"picked":"theDuelist:MythicalBeast","floor":18},{"not_picked":["theDuelist:AltarTribute","theDuelist:FairyBox","theDuelist:Graverobber","theDuelist:BadReaction+1"],"picked":"theDuelist:StatueAnguishPattern+1","floor":19},{"not_picked":["theDuelist:SpellShatteringArrow","theDuelist:FlyingSaucer","theDuelist:DarkMagicianGirl","theDuelist:SpiritHarp"],"picked":"theDuelist:PowerKaishin+1","floor":21},{"not_picked":["theDuelist:SpellShatteringArrow+1","theDuelist:CharcoalInpachi+1","theDuelist:LordD","theDuelist:BookSecret"],"picked":"theDuelist:MagiciansRod+1","floor":23},{"not_picked":["theDuelist:MagiciansRobe+1","theDuelist:StatueAnguishPattern+1","theDuelist:GoblinSecret+1","theDuelist:BadReaction+1"],"picked":"SKIP","floor":24},{"not_picked":["theDuelist:BlizzardWarrior","theDuelist:FlyingSaucer+1","theDuelist:InjectionFairy","theDuelist:InariFire+1","theDuelist:BadReaction+1"],"picked":"SKIP","floor":27},{"not_picked":["Dramatic Entrance","Enlightenment","Panache+1","Swift Strike"],"picked":"SKIP","floor":31},{"not_picked":["theDuelist:Wildfire","theDuelist:IrisEarthMother","theDuelist:GrandSpellbookTower","theDuelist:ThousandEyesRestrict"],"picked":"theDuelist:SwordsBurning+1","floor":33},{"not_picked":["theDuelist:Wildfire","theDuelist:DarkPaladin+1"],"picked":"theDuelist:RainbowMagician","floor":35},{"not_picked":["theDuelist:CosmoBrain","theDuelist:LegendaryFlameLord+1","theDuelist:FrontierWiseman+1","theDuelist:NeoMagic+1"],"picked":"theDuelist:WitchBlackRose+1","floor":38},{"not_picked":["theDuelist:BlizzardWarrior","theDuelist:DarkMagician","theDuelist:Illusionist","theDuelist:MythicalBeast"],"picked":"theDuelist:WhiteMagicalHat+1","floor":39},{"not_picked":["theDuelist:InjectionFairy","theDuelist:GeminiElf","theDuelist:BlizzardPrincess","theDuelist:LegendaryFlameLord+1"],"picked":"theDuelist:TimeWizard+1","floor":40},{"not_picked":["theDuelist:MagicalBlast+1","theDuelist:OnslaughtFireKings","theDuelist:GiantTrunade","theDuelist:MagiciansRod+1"],"picked":"theDuelist:InfernoFireBlast+1","floor":42},{"not_picked":["theDuelist:InjectionFairy+1","theDuelist:DarkMagician","theDuelist:SangaThunder+1","theDuelist:BlizzardPrincess+1"],"picked":"theDuelist:ApprenticeIllusionMagician","floor":46},{"not_picked":["theDuelist:BlizzardWarrior+1","theDuelist:NeoMagic","theDuelist:InjectionFairy","theDuelist:DarkMagician+1"],"picked":"theDuelist:SkilledDarkMagician+1","floor":47},{"not_picked":["theDuelist:WhiteHowling+1","theDuelist:DarkHorizon","theDuelist:FairyBox","theDuelist:Graverobber"],"picked":"theDuelist:IcyCrevasse+1","floor":48}],"player_experience":217165,"relics_obtained":[{"floor":6,"key":"Peace Pipe"},{"floor":9,"key":"Bottled Lightning"},{"floor":10,"key":"Odd Mushroom"},{"floor":12,"key":"Du-Vu Doll"},{"floor":23,"key":"theDuelist:SpellcasterToken"},{"floor":26,"key":"theDuelist:TributeEggRelic"},{"floor":27,"key":"Paper Crane"},{"floor":40,"key":"Letter Opener"},{"floor":43,"key":"Snake Skull"},{"floor":48,"key":"Mercury Hourglass"}],"event_choices":[{"damage_healed":0,"gold_gain":0,"player_choice":"Fought Mushrooms","damage_taken":0,"max_hp_gain":0,"max_hp_loss":0,"event_name":"Mushrooms","floor":10,"gold_loss":0},{"damage_healed":0,"gold_gain":0,"player_choice":"Read","damage_taken":0,"max_hp_gain":0,"max_hp_loss":0,"event_name":"The Library","floor":20,"gold_loss":0,"cards_obtained":["theDuelist:BookSecret"]},{"damage_healed":0,"gold_gain":0,"cards_transformed":["theDuelist:Sparks","theDuelist:CastleWalls"],"player_choice":"Became Test Subject","damage_taken":0,"max_hp_gain":0,"max_hp_loss":0,"event_name":"Drug Dealer","floor":22,"gold_loss":0,"cards_obtained":["theDuelist:ThousandEyesIdol","theDuelist:ApprenticeIllusionMagician"]},{"damage_healed":0,"gold_gain":90,"player_choice":"GOLD ","damage_taken":12,"max_hp_gain":0,"max_hp_loss":0,"event_name":"Knowing Skull","floor":29,"potions_obtained":[],"gold_loss":0,"cards_obtained":[]},{"total_magic_score":84,"gold_gain":0,"duelist":true,"damage_taken":0,"relics_obtained":[],"points":1,"max_hp_gain":0,"max_hp_loss":0,"spent_points":{"magic":1,"greed":0,"war":0,"power":0,"hunger":0},"event_name":"Nameless Tomb","floor":37,"gold_loss":0,"cards_obtained":[]},{"damage_healed":0,"gold_gain":0,"player_choice":"Leave","duelist":true,"damage_taken":0,"max_hp_gain":0,"max_hp_loss":0,"event_name":"Egyptian Village","floor":44,"gold_loss":0}],"is_beta":false,"boss_relics":[{"not_picked":["Velvet Choker","Calling Bell"],"picked":"Sozu"},{"not_picked":["Fusion Hammer","theDuelist:ElectricKey"],"picked":"Runic Cube"}],"items_purged_floors":[],"is_endless":false,"potions_floor_spawned":[3,6,10,12,13,18,19,21,31,33,39,42,46,47,48],"ascension_level":6}}