{"host":"o0q01dgb4z8zpo6o","time":1608856802,"event":{"mods":["BaseMod","GifTheSpireLib","Minty Spire (QoL Compilation)","Relic Stats","StSLib"],"gold_per_floor":[111,111,111,122,132,132,163,163,163,61,77,93,105,118,118,197,197,212,127,37,51,66,66,66,91,91,91,109,109,109],"floor_reached":29,"playtime":1724,"items_purged":[],"score":605,"play_id":"4263166c-d25e-4805-9556-a469a6131a83","local_time":"20201224164002","is_ascension_mode":true,"campfire_choices":[{"data":"Zap","floor":6,"key":"SMITH"},{"data":"Compile Driver","floor":8,"key":"SMITH"},{"floor":15,"key":"REST"},{"floor":23,"key":"REST"},{"floor":27,"key":"REST"}],"circlet_count":0,"master_deck":["AscendersBane","Strike_B","Strike_B","Defend_B","Defend_B","Defend_B","Defend_B","Zap+1","Dualcast","Compile Driver+1","Gash","Gash","Rebound","Flash of Steel","Coolheaded","Hologram","Glacier","Sunder","Machine Learning","Defragment","Defragment","Sweeping Beam","Machine Learning"],"relics":["Cracked Core","Strawberry","White Beast Statue","Pen Nib","Empty Cage","Regal Pillow","Juzu Bracelet","Happy Flower"],"acts_visited":["Exordium","TheCity"],"potions_floor_usage":[13,14,16,18,21,22,22,28],"damage_taken":[{"damage":7,"enemies":"2 Louse","floor":1,"turns":2},{"damage":1,"enemies":"Cultist","floor":4,"turns":3},{"damage":4,"enemies":"Jaw Worm","floor":5,"turns":3},{"damage":25,"enemies":"3 Sentries","floor":7,"turns":7},{"damage":19,"enemies":"Exordium Wildlife","floor":11,"turns":4},{"damage":1,"enemies":"Looter","floor":12,"turns":2},{"damage":1,"enemies":"Blue Slaver","floor":13,"turns":2},{"damage":0,"enemies":"3 Louse","floor":14,"turns":2},{"damage":22,"enemies":"Slime Boss","floor":16,"turns":9},{"damage":0,"enemies":"Spheric Guardian","floor":18,"turns":3},{"damage":34,"enemies":"3 Byrds","floor":21,"turns":5},{"damage":19,"enemies":"Centurion and Healer","floor":22,"turns":11},{"damage":33,"enemies":"Cultist and Chosen","floor":28,"turns":6},{"damage":40,"enemies":"Colosseum Slavers","floor":29,"turns":2}],"seed_played":"7897251488494875862","potions_obtained":[{"floor":1,"key":"FocusPotion"},{"floor":11,"key":"DistilledChaos"},{"floor":13,"key":"EssenceOfSteel"},{"floor":14,"key":"Block Potion"},{"floor":16,"key":"Fire Potion"},{"floor":18,"key":"EssenceOfSteel"},{"floor":21,"key":"DistilledChaos"},{"floor":22,"key":"ColorlessPotion"},{"floor":28,"key":"BlessingOfTheForge"}],"is_trial":false,"path_per_floor":["M","?","$","M","M","R","E","R","T","$","M","M","M","M","R","B",null,"M","?","$","M","M","R","?","T","T","R","M","?"],"character_chosen":"DEFECT","items_purchased":["Flash of Steel","Defragment"],"campfire_rested":3,"item_purchase_floors":[10,20],"current_hp_per_floor":[64,64,64,63,59,59,34,34,34,34,15,14,13,13,36,14,62,62,62,62,28,9,47,25,25,25,64,31,0,0],"gold":109,"neow_bonus":"RANDOM_COMMON_RELIC","is_daily":false,"chose_seed":false,"campfire_upgraded":2,"win_rate":0.0,"timestamp":1608856802,"path_taken":["M","?","?","M","M","R","E","R","T","$","M","M","M","?","R","BOSS","M","?","$","M","M","R","?","?","T","R","M","?"],"items_purchased_type":["Card","Card"],"build_version":"2020-12-22","purchased_purges":0,"victory":false,"max_hp_per_floor":[78,78,78,78,78,78,78,78,78,78,78,78,78,78,78,78,78,78,78,78,78,78,78,83,83,83,83,83,83,83],"relic_stats":{"Regal Pillow":30,"Happy Flower":[2],"counters":[14,61],"Pen Nib":[10],"Juzu Bracelet":0,"obtain_stats":[{"Regal Pillow":19,"Happy Flower":26,"Strawberry":0,"Pen Nib":9,"Juzu Bracelet":25,"Cracked Core":0,"Empty Cage":17,"White Beast Statue":7},{"Regal Pillow":10,"Happy Flower":12,"Strawberry":0,"Pen Nib":4,"Juzu Bracelet":12,"Cracked Core":0,"Empty Cage":9,"White Beast Statue":4},{"Regal Pillow":37,"Happy Flower":53,"Strawberry":0,"Pen Nib":15,"Juzu Bracelet":53,"Cracked Core":0,"Empty Cage":34,"White Beast Statue":15}]},"card_choices":[{"not_picked":["Reprogram","Double Energy"],"picked":"Compile Driver","floor":1},{"not_picked":["Stack","Compile Driver"],"picked":"Gash","floor":4},{"not_picked":["Reinforced Body","Self Repair"],"picked":"Gash","floor":5},{"not_picked":["Melter","Steam"],"picked":"Rebound","floor":7},{"not_picked":["Steam","Cold Snap"],"picked":"Coolheaded","floor":11},{"not_picked":["Barrage","Darkness"],"picked":"Hologram","floor":12},{"not_picked":["Darkness","Sweeping Beam"],"picked":"Glacier","floor":13},{"not_picked":["Fission","Lockon"],"picked":"Sunder","floor":14},{"not_picked":["Seek","Amplify"],"picked":"Machine Learning","floor":16},{"not_picked":["Hologram","Stack","Static Discharge"],"picked":"SKIP","floor":18},{"not_picked":["Skim","Genetic Algorithm"],"picked":"Defragment","floor":21},{"not_picked":["Leap","Rip and Tear+1"],"picked":"Sweeping Beam","floor":22},{"not_picked":["Coolheaded","Turbo"],"picked":"Machine Learning","floor":28}],"player_experience":1038966,"relics_obtained":[{"floor":7,"key":"White Beast Statue"},{"floor":9,"key":"Pen Nib"},{"floor":25,"key":"Juzu Bracelet"},{"floor":26,"key":"Happy Flower"}],"event_choices":[{"damage_healed":0,"gold_gain":0,"player_choice":"0 cards matched","damage_taken":0,"max_hp_gain":0,"max_hp_loss":0,"event_name":"Match and Keep!","floor":2,"gold_loss":0,"cards_obtained":[]},{"damage_healed":0,"gold_gain":0,"player_choice":"Obtained Relic","damage_taken":0,"relics_obtained":["Regal Pillow"],"max_hp_gain":0,"max_hp_loss":0,"event_name":"Addict","floor":19,"gold_loss":85},{"damage_healed":0,"gold_gain":0,"player_choice":"Shed Blood","damage_taken":27,"max_hp_gain":5,"max_hp_loss":0,"event_name":"Forgotten Altar","floor":24,"gold_loss":0},{"damage_healed":0,"gold_gain":0,"player_choice":"Fight","damage_taken":0,"max_hp_gain":0,"max_hp_loss":0,"event_name":"Colosseum","floor":29,"gold_loss":0}],"is_beta":false,"boss_relics":[{"not_picked":["Busted Crown","SlaversCollar"],"picked":"Empty Cage"}],"items_purged_floors":[],"is_endless":false,"potions_floor_spawned":[1,11,12,13,14,16,18,21,22,28],"killed_by":"Colosseum Slavers","ascension_level":17}}