{"host":"pu81sch6k9sz3dc3","time":1608913287,"event":{"mods":["AchievementEnabler","Aspiration","BaseMod","Better Match","Better Note","BetterRewards","Card Forge","Colored Powertips","Halation","Lobotomy","Minty Spire (QoL Compilation)","Permanent Neow","Quick Restart","Replay The Spire","StSLib","vexMod"],"gold_per_floor":[110,285,285,303,303,303,385,528,528,528,545,267,342,356,356,451,451,465,465,465,645,645,645,680,699,699,699,699],"floor_reached":27,"playtime":1978,"items_purged":[],"score":227,"play_id":"5ad5f7dc-8e85-47ff-ba2d-b6c8d11dd24b","local_time":"20201225072127","is_ascension_mode":false,"campfire_choices":[{"floor":6,"key":"RECALL"},{"floor":10,"key":"REST"},{"floor":15,"key":"REST"},{"floor":23,"key":"REST"}],"circlet_count":0,"master_deck":["Strike_G+1","Strike_G+1","Strike_G+1","Strike_G+1","Strike_G+1","Defend_G+1","Defend_G+1","Defend_G+1","Defend_G+1","Defend_G+1","Survivor+1","Neutralize+1","CrumblingArmor","Dagger Throw+1","Underhanded Strike+1","SingingMachine","Crippling Poison+1","Endless Agony+1","Backflip+1","DreamingCurrent","UniverseFragment","Flying Knee+1","Outmaneuver+1","Backflip+1","GalaxyChild","BigBird","After Image+1","Dagger Spray+1","Woodsman","After Image+1","BeautyBeast","Dodge and Roll+1","FairyFestival","Outmaneuver+1"],"relics":["Ring of the Snake","Hammer of Thor","Seething Fire","Anvil of the Gods","CogitoBucket","Ring of Hypnosis","Ring of Peace","Replay:Baseball","vexMod:LastWill","aspiration:DSix","Mirror","aspiration:RunicSpoon","SkinProphecy","aspiration:ChemicalBlood","InkBottle"],"acts_visited":["Exordium","TheCity"],"potions_floor_usage":[],"damage_taken":[{"damage":0,"enemies":"Jaw Worm","floor":1,"turns":5},{"damage":0,"enemies":"Small Slimes","floor":4,"turns":4},{"damage":7,"enemies":"Gremlin Nob","floor":8,"turns":4},{"damage":0,"enemies":"2 Louse","floor":11,"turns":4},{"damage":0,"enemies":"Looter","floor":14,"turns":2},{"damage":34,"enemies":"Hexaghost","floor":16,"turns":11},{"damage":12,"enemies":"2 Thieves","floor":18,"turns":5},{"damage":84,"enemies":"Book of Stabbing","floor":24,"turns":6},{"damage":5,"enemies":"Chosen","floor":25,"turns":4},{"damage":63,"enemies":"3 Cultists","floor":27,"turns":4}],"seed_played":"-7722850061091165917","potions_obtained":[{"floor":4,"key":"Toxic Potion"},{"floor":11,"key":"Adrenaline Potion"},{"floor":14,"key":"Strength Potion"},{"floor":27,"key":"PowerPotion"}],"is_trial":false,"path_per_floor":["M","?","?","M","?","R","?","E","T","R","M","$","?","M","R","B",null,"M","?","?","?","?","R","E","M","T","M"],"character_chosen":"THE_SILENT","items_purchased":["Mirror","Outmaneuver"],"campfire_rested":3,"item_purchase_floors":[12,12],"current_hp_per_floor":[70,70,70,70,70,70,70,63,63,70,70,70,59,65,70,54,70,64,64,61,42,49,70,19,40,40,0,0],"gold":699,"neow_bonus":"","is_daily":false,"chose_seed":false,"campfire_upgraded":0,"win_rate":0.0,"timestamp":1608913287,"path_taken":["M","?","?","M","?","R","?","E","T","R","M","$","?","M","R","BOSS","M","?","?","?","?","R","E","M","T","M"],"items_purchased_type":["Relic","Card"],"build_version":"2020-12-22","purchased_purges":0,"victory":false,"max_hp_per_floor":[70,70,70,70,70,70,70,70,70,70,70,70,70,70,70,70,70,70,70,70,70,70,70,72,74,74,76,76],"card_choices":[{"not_picked":["Scorched","CherryBlossoms"],"picked":"CrumblingArmor","floor":1},{"not_picked":["Flying Knee","ReplayTheSpireMod:Tripwire"],"picked":"Dagger Throw","floor":1},{"not_picked":["Slice","Quick Slash"],"picked":"Underhanded Strike","floor":4},{"not_picked":["PunishingBird","Porccubus"],"picked":"SingingMachine","floor":4},{"not_picked":["Unload","Heel Hook"],"picked":"Crippling Poison","floor":7},{"not_picked":["Poisoned Stab","ReplayTheSpireMod:Shiv Toss"],"picked":"Endless Agony","floor":7},{"not_picked":["Dodge and Roll","Blade Dance"],"picked":"Backflip","floor":8},{"not_picked":["Bloodbath","HeroicMonk"],"picked":"DreamingCurrent","floor":8},{"not_picked":["HappyTeddy","ShyLook"],"picked":"UniverseFragment","floor":11},{"not_picked":["Quick Slash","Outmaneuver"],"picked":"Flying Knee","floor":11},{"not_picked":["Distraction","Flying Knee"],"picked":"Backflip","floor":14},{"not_picked":["PunishingBird","MHz"],"picked":"GalaxyChild","floor":14},{"not_picked":["MHz","Yin"],"picked":"BigBird","floor":16},{"not_picked":["Adrenaline","ReplayTheSpireMod:Necrosis"],"picked":"After Image","floor":16},{"not_picked":["Dodge and Roll","Accuracy"],"picked":"Dagger Spray","floor":18},{"not_picked":["CherryBlossoms","Wellcheers"],"picked":"Woodsman","floor":18},{"not_picked":["SpiderBud","RedShoes"],"picked":"BeautyBeast","floor":24},{"not_picked":["Prepared","Poisoned Stab"],"picked":"Dodge and Roll","floor":24},{"not_picked":["OSAHOGD","WhitesApple"],"picked":"FairyFestival","floor":25},{"not_picked":["Quick Slash","Cloak And Dagger"],"picked":"Outmaneuver+1","floor":25}],"player_experience":171665,"relics_obtained":[{"floor":3,"key":"Ring of Hypnosis"},{"floor":3,"key":"Ring of Peace"},{"floor":7,"key":"Replay:Baseball"},{"floor":8,"key":"vexMod:LastWill"},{"floor":9,"key":"aspiration:DSix"},{"floor":24,"key":"aspiration:ChemicalBlood"},{"floor":26,"key":"InkBottle"}],"event_choices":[{"damage_healed":0,"gold_gain":175,"player_choice":"AGREE","damage_taken":0,"max_hp_gain":0,"max_hp_loss":0,"event_name":"Liars Game","floor":2,"gold_loss":0,"cards_obtained":["Doubt"]},{"damage_healed":0,"gold_gain":0,"player_choice":"Leave","damage_taken":0,"max_hp_gain":0,"max_hp_loss":0,"event_name":"The Cleric","floor":5,"gold_loss":0},{"damage_healed":0,"gold_gain":75,"player_choice":"Gather Gold","damage_taken":11,"max_hp_gain":0,"max_hp_loss":0,"event_name":"World of Goop","floor":13,"gold_loss":0},{"damage_healed":0,"gold_gain":0,"player_choice":"Copied","damage_taken":0,"max_hp_gain":0,"max_hp_loss":0,"event_name":"Duplicator","floor":19,"gold_loss":0,"cards_obtained":["After Image"]},{"damage_healed":0,"gold_gain":0,"player_choice":"Punched","damage_taken":3,"max_hp_gain":0,"max_hp_loss":0,"event_name":"Designer","floor":20,"gold_loss":0},{"damage_healed":0,"gold_gain":180,"player_choice":"GOLD GOLD ","damage_taken":19,"max_hp_gain":0,"max_hp_loss":0,"event_name":"Knowing Skull","floor":21,"potions_obtained":[],"gold_loss":0,"cards_obtained":[]}],"is_beta":false,"boss_relics":[{"not_picked":["aspiration:SecretTechniqueScroll","vexMod:DeviousBotling"],"picked":"aspiration:RunicSpoon"}],"items_purged_floors":[],"is_endless":false,"potions_floor_spawned":[4,11,14,24,25],"killed_by":"3 Cultists","ascension_level":0}}