{"host":"zxd2l8an9de7z7b9","time":1608907046,"event":{"mods":["2.2 Compatiblity","BaseMod","CapriCore","Colored Map","Colored Powertips","Lobotomy","Marisa£¨Ùöéë¡¡Øª×âÞÞ£©","Minty Spire (QoL Compilation)","Rare Cards Sparkle","StSLib","WarShipGirlsR/??á´Ò³R mod"],"gold_per_floor":[115,127,139,139,159,189,189,204,204,204,220,239,254,271,271,373,373,373,373],"floor_reached":18,"playtime":1686,"items_purged":[],"score":218,"play_id":"17c207ea-5aee-49b8-9fc9-2179ffbae991","local_time":"20201225233726","is_ascension_mode":false,"campfire_choices":[],"circlet_count":0,"master_deck":["SpecialBullet","SpecialBullet","SpecialBullet","SpecialBullet","SpecialBullet","SpecialBullet","SpecialBullet","SecurityCode","DisciplinaryCode","InformationCode","Penitence","UniverseFragment","WallGazer","OldLady","Laetitia_ego","DaCapo","BigBadWolf","Ecstasy","RedShoes","GreenStem","SnowQueen","OSAHOGD","Twilight"],"relics":["CogitoBucket","Torii","Vajra","SkinProphecy","Blue Candle","Busted Crown"],"acts_visited":["Exordium","TheCity"],"potions_floor_usage":[8,8],"damage_taken":[{"damage":10,"enemies":"Small Slimes","floor":1,"turns":2},{"damage":11,"enemies":"Jaw Worm","floor":2,"turns":2},{"damage":6,"enemies":"Cultist","floor":3,"turns":3},{"damage":9,"enemies":"Red Slaver","floor":5,"turns":3},{"damage":48,"enemies":"Lagavulin","floor":6,"turns":7},{"damage":22,"enemies":"Blue Slaver","floor":8,"turns":8},{"damage":9,"enemies":"Large Slime","floor":11,"turns":4},{"damage":1,"enemies":"Gremlin Gang","floor":12,"turns":3},{"damage":0,"enemies":"3 Louse","floor":13,"turns":2},{"damage":20,"enemies":"Exordium Wildlife","floor":14,"turns":4},{"damage":16,"enemies":"Slime Boss","floor":16,"turns":9},{"damage":91,"enemies":"3 Byrds","floor":18,"turns":7}],"seed_played":"5620201598226419305","potions_obtained":[{"floor":2,"key":"DistilledChaos"},{"floor":5,"key":"LiquidMemories"},{"floor":13,"key":"SpeedPotion"}],"is_trial":false,"path_per_floor":["M","M","M","?","M","E","R","M","T","?","M","M","M","M","R","B",null,"M"],"character_chosen":"Angela","items_purchased":[],"campfire_rested":0,"item_purchase_floors":[],"current_hp_per_floor":[75,72,77,65,70,36,36,28,28,28,29,38,52,46,46,48,99,0,0],"gold":373,"neow_bonus":"TEN_PERCENT_HP_BONUS","is_daily":false,"chose_seed":false,"campfire_upgraded":0,"win_rate":0.0,"timestamp":1608907046,"path_taken":["M","M","M","?","M","E","R","M","T","?","M","M","M","M","R","BOSS","M"],"items_purchased_type":[],"build_version":"2020-12-22","purchased_purges":0,"victory":false,"max_hp_per_floor":[77,77,77,77,77,77,77,77,77,77,79,81,87,93,93,99,99,103,103],"card_choices":[{"not_picked":["InTheNameOfLoveAndHate"],"picked":"Penitence","floor":1},{"not_picked":["MeatLantern","NakedNest"],"picked":"UniverseFragment","floor":2},{"not_picked":["RapturousDream","WristCuter"],"picked":"SKIP","floor":2},{"not_picked":["Variant","Murderer"],"picked":"WallGazer","floor":3},{"not_picked":["Beak","Hypocrisy"],"picked":"SKIP","floor":3},{"not_picked":["FairyFestival","CrumblingArmor"],"picked":"OldLady","floor":5},{"not_picked":["BloodyDesire","Beak"],"picked":"SKIP","floor":5},{"not_picked":["Hypocrisy"],"picked":"Laetitia_ego","floor":6},{"not_picked":["Hornet","Logging"],"picked":"SKIP","floor":8},{"not_picked":[],"picked":"DaCapo","floor":10},{"not_picked":["CrumblingArmor","PunishingBird"],"picked":"BigBadWolf","floor":11},{"not_picked":["Tough","SomewhereSpear"],"picked":"SKIP","floor":11},{"not_picked":["Hornet"],"picked":"Ecstasy","floor":12},{"not_picked":["NakedNest","LittlePrince"],"picked":"RedShoes","floor":13},{"not_picked":["Spore"],"picked":"GreenStem","floor":13},{"not_picked":["PunishingBird","WhitesApple"],"picked":"SnowQueen","floor":14},{"not_picked":["CUTE","Heaven"],"picked":"SKIP","floor":14},{"not_picked":["SingingMachine","BeautyBeast"],"picked":"OSAHOGD","floor":16},{"not_picked":["SoundOfStar"],"picked":"Twilight","floor":16}],"player_experience":353633,"relics_obtained":[{"floor":6,"key":"Vajra"},{"floor":9,"key":"Blue Candle"}],"event_choices":[{"damage_healed":0,"gold_gain":0,"player_choice":"Success","damage_taken":12,"relics_obtained":["Torii"],"max_hp_gain":0,"max_hp_loss":0,"event_name":"Scrap Ooze","floor":4,"gold_loss":0}],"is_beta":false,"boss_relics":[{"not_picked":["Cursed Key","Velvet Choker"],"picked":"Busted Crown"}],"items_purged_floors":[],"is_endless":false,"potions_floor_spawned":[2,5,13],"killed_by":"3 Byrds","ascension_level":0}}