{"host":"m1ntkrf87179kmo6","time":1608908276,"event":{"mods":["BaseMod","Better Third Choice","Minty Spire (QoL Compilation)","Shade Mod","StSLib"],"gold_per_floor":[114,114,39,39,39,65,65,80,80,80,108,108,26,41,41,145,145,159,176,93,106,125,125,141,141,141,160,0,12,12,12,12],"floor_reached":31,"playtime":2034,"items_purged":["Decay"],"score":270,"play_id":"eed2355f-9ea4-4fbb-a4d0-56f828897edc","local_time":"20201225105756","is_ascension_mode":false,"campfire_choices":[{"floor":7.0,"key":"REST"},{"floor":15.0,"key":"REST"},{"floor":23.0,"key":"RECALL"}],"circlet_count":0,"master_deck":["Shade:Strike_Shade","Shade:Strike_Shade","Shade:Strike_Shade","Shade:Strike_Shade","Shade:Defend_Shade","Shade:Defend_Shade","Shade:Defend_Shade","Shade:Defend_Shade","Shade:AnimateDead","Shade:CarefulCut","Shade:AncientSpear","Shade:Bite_Shade","Shade:WallOfFlesh","Shade:ExtraLimbs","Parasite","Shade:FleshToFlesh","Shade:FuneraryArmor","Shade:Bite_Shade","Shade:OpenGraves","Shade:LichForm","Shade:FuneraryJewels+1","Shade:Carnophage","Shade:AblativeArmor","Shade:FuneraryArmor+1","Shade:LichForm","Shade:CloudOfShrapnel+1","Shade:FleshToFlesh"],"relics":["Shade:YorickSkull","NeowsBlessing","Bronze Scales","Dream Catcher","The Courier","Oddly Smooth Stone","SlaversCollar","Tiny Chest"],"acts_visited":["Exordium","TheCity"],"potions_floor_usage":[],"damage_taken":[{"damage":0.0,"enemies":"Cultist","floor":1.0,"turns":1.0},{"damage":0.0,"enemies":"3 Sentries","floor":6.0,"turns":1.0},{"damage":0.0,"enemies":"Jaw Worm","floor":8.0,"turns":1.0},{"damage":31.0,"enemies":"Lagavulin","floor":11.0,"turns":6.0},{"damage":0.0,"enemies":"Small Slimes","floor":14.0,"turns":3.0},{"damage":31.0,"enemies":"The Guardian","floor":16.0,"turns":14.0},{"damage":0.0,"enemies":"3 Byrds","floor":18.0,"turns":3.0},{"damage":6.0,"enemies":"Chosen","floor":19.0,"turns":4.0},{"damage":17.0,"enemies":"Shelled Parasite and Fungi","floor":21.0,"turns":6.0},{"damage":11.0,"enemies":"Chosen and Byrds","floor":22.0,"turns":9.0},{"damage":17.0,"enemies":"Snake Plant","floor":24.0,"turns":6.0},{"damage":10,"enemies":"Snecko","floor":27,"turns":5},{"damage":21,"enemies":"Cultist and Chosen","floor":29,"turns":6},{"damage":17,"enemies":"3 Cultists","floor":31,"turns":5}],"seed_played":"6623863714293462324","potions_obtained":[{"floor":1.0,"key":"Explosive Potion"},{"floor":14.0,"key":"SteroidPotion"},{"floor":16.0,"key":"SpeedPotion"},{"floor":18.0,"key":"Explosive Potion"},{"floor":19.0,"key":"ColorlessPotion"},{"floor":22.0,"key":"SkillPotion"},{"floor":27,"key":"SpeedPotion"}],"is_trial":false,"path_per_floor":["M","?","$","?","$","E","R","M","T","$","E","?","$","M","R","B",null,"M","M","$","M","M","R","M","?","T","M","?","M","?","M"],"character_chosen":"SHADE","items_purchased":["Shade:FleshToFlesh","Shade:FuneraryArmor","Fruit Juice"],"campfire_rested":2,"item_purchase_floors":[13,13,20],"current_hp_per_floor":[65,65,65,40,40,40,59,61,61,61,34,50,50,52,65,44,65,65,61,66,55,52,52,35,35,35,29,29,12,12,0,0],"gold":12,"neow_bonus":"THREE_ENEMY_KILL","is_daily":false,"chose_seed":false,"campfire_upgraded":0,"win_rate":0.0,"timestamp":1608908276,"path_taken":["M","?","?","?","$","E","R","?","T","$","E","?","$","M","R","BOSS","M","M","$","M","M","R","M","?","T","?","?","M","?","M"],"items_purchased_type":["Card","Card","Potion"],"build_version":"2020-12-22","purchased_purges":1,"victory":false,"max_hp_per_floor":[65,65,65,65,65,65,65,65,65,65,65,65,65,65,65,65,65,65,65,70,70,70,70,70,70,70,70,70,70,70,70,70],"card_choices":[{"not_picked":["Shade:RavenousHorde","Shade:GraveStillness"],"picked":"Shade:AncientSpear","floor":1.0},{"not_picked":["Shade:Premonition","Shade:Doomsay"],"picked":"Shade:Bite_Shade","floor":6.0},{"not_picked":["Shade:FleshOffering","Shade:SanguineRitual"],"picked":"Shade:WallOfFlesh","floor":7.0},{"not_picked":["Shade:OneIsEnough","Shade:Trample","Shade:CloudOfShrapnel"],"picked":"SKIP","floor":8.0},{"not_picked":["Shade:RavenousHorde","Shade:CoffinDance"],"picked":"Shade:ExtraLimbs","floor":11.0},{"not_picked":["Shade:FuneraryArmor","Shade:Premonition"],"picked":"Shade:Bite_Shade","floor":14.0},{"not_picked":["Shade:SkeletonHug","Shade:FeralStrike"],"picked":"Shade:OpenGraves","floor":15.0},{"not_picked":["Shade:SelfBurial","Shade:Coordination"],"picked":"Shade:LichForm","floor":16.0},{"not_picked":["Shade:BoneShards+1","Shade:DangerousRitual"],"picked":"Shade:FuneraryJewels+1","floor":18.0},{"not_picked":["Shade:Trample","Shade:DangerousRitual","Shade:GraveStillness+1"],"picked":"SKIP","floor":19.0},{"not_picked":["Shade:BoneShards","Shade:SkeletonHug+1"],"picked":"Shade:Carnophage","floor":21.0},{"not_picked":["Shade:Doomsay+1","Shade:BoneShards"],"picked":"Shade:AblativeArmor","floor":22.0},{"not_picked":["Shade:CallOfTheGrave","Shade:Brains"],"picked":"Shade:FuneraryArmor+1","floor":24.0},{"not_picked":["Shade:CoffinDance+1","Shade:Consume"],"picked":"Shade:CloudOfShrapnel+1","floor":27},{"not_picked":["Shade:AuraOfUnlife","Shade:Patience+1"],"picked":"Shade:FleshToFlesh","floor":29}],"player_experience":1110948,"relics_obtained":[{"floor":6.0,"key":"Dream Catcher"},{"floor":9.0,"key":"The Courier"},{"floor":11.0,"key":"Oddly Smooth Stone"}],"event_choices":[{"damage_healed":0.0,"max_hp_gain":0.0,"max_hp_loss":0.0,"gold_gain":0.0,"event_name":"Wheel of Change","player_choice":"Cursed","floor":2.0,"gold_loss":0.0,"damage_taken":0.0,"cards_obtained":["Decay"]},{"damage_healed":0.0,"max_hp_gain":0.0,"max_hp_loss":0.0,"gold_gain":0.0,"event_name":"betterThird:BetterScrap","player_choice":"Relic ","floor":4.0,"gold_loss":0.0,"damage_taken":25.0,"cards_obtained":["All Out Attack"]},{"damage_healed":16.0,"max_hp_gain":0.0,"max_hp_loss":0.0,"gold_gain":0.0,"event_name":"Mushrooms","player_choice":"Healed and dodged fight","floor":12.0,"gold_loss":0.0,"damage_taken":0.0,"cards_obtained":["Parasite"]},{"damage_healed":0.0,"max_hp_gain":0.0,"max_hp_loss":0.0,"gold_gain":0.0,"event_name":"Duplicator","player_choice":"Copied","floor":25.0,"gold_loss":0.0,"damage_taken":0.0,"cards_obtained":["Shade:LichForm"]},{"damage_healed":0,"gold_gain":0,"player_choice":"Paid Fearfully","damage_taken":0,"max_hp_gain":0,"max_hp_loss":0,"event_name":"Masked Bandits","floor":28,"gold_loss":160},{"damage_healed":0,"gold_gain":0,"player_choice":"Opened","damage_taken":0,"relics_obtained":["Tiny Chest"],"max_hp_gain":0,"max_hp_loss":0,"event_name":"The Mausoleum","floor":30,"gold_loss":0}],"is_beta":false,"boss_relics":[{"not_picked":["Cursed Key","Runic Pyramid"],"picked":"SlaversCollar"}],"items_purged_floors":[3],"is_endless":false,"potions_floor_spawned":[1,14,16,18,19,22,27],"killed_by":"3 Cultists","ascension_level":0}}