{"host":"ln38befi3ugo1bsw","time":1608874513,"event":{"mods":["BaseMod","BetterRewards","Colored Map","Colored Powertips","Downfall","Hermit","Jorbs\u0027s Wanderer Trilogy","Lobotomy","Marisa????????","Minty Spire (QoL Compilation)","READ ME - Guardian Mod","READ ME - Snecko Mod","StSLib","SuperFastMode","The Cursed","The Servant 0.9.4"],"gold_per_floor":[114,125,142,165,180,180,208,218,218,235,247,247,247,260,260,356,356,321,333,350,122,122,122,122,148,148,148,148,160,160,170,170,274,274,288,288,248,267,192,523,523,535,535,562,584,611,623,623],"floor_reached":47,"playtime":2925,"items_purged":["Pain"],"score":533,"play_id":"e5b2d853-575d-4fa0-9871-786b874b9a85","local_time":"20201225003513","is_ascension_mode":false,"campfire_choices":[{"data":"Blade Dance","floor":6,"key":"SMITH"},{"floor":13,"key":"REST"},{"data":"Outmaneuver","floor":15,"key":"SMITH"},{"floor":24,"key":"REST"},{"floor":27,"key":"REST"},{"data":"Catalyst","floor":30,"key":"SMITH"},{"data":"Wraith Form v2","floor":32,"key":"SMITH"},{"data":"Distraction","floor":41,"key":"SMITH"}],"circlet_count":0,"master_deck":["Strike_G+1","Strike_G","Strike_G","Strike_G","Strike_G","Defend_G","Defend_G","Defend_G","Defend_G+1","Defend_G","Survivor","Neutralize","Outmaneuver+1","Cloak And Dagger","Deadly Poison","Blade Dance+1","Backflip","Distraction+1","Catalyst+1","Caltrops","Deadly Poison","Wraith Form v2+1","CurseOfTheBell","Flying Knee","Finisher","Cloak And Dagger","Footwork","Bouncing Flask","Die Die Die","Acrobatics+1","Blade Dance+1","Parasite","Blade Dance+1","Flying Knee+1","Outmaneuver+1"],"relics":["Ring of the Snake","Potion Belt","Ornamental Fan","Peace Pipe","Calling Bell","Strawberry","Pantograph","Lizard Tail","TwistedFunnel","Nilry\u0027s Codex","Eternal Feather","White Beast Statue","WarpedTongs","WristBlade","Old Coin","MawBank"],"acts_visited":["Exordium","TheCity","TheBeyond"],"potions_floor_usage":[7,16,25,33,33,33,33,33,42,44,44,46,46,47,47,47],"damage_taken":[{"damage":1,"enemies":"Cultist","floor":1,"turns":4},{"damage":4,"enemies":"Jaw Worm","floor":2,"turns":7},{"damage":0,"enemies":"2 Louse","floor":3,"turns":4},{"damage":3,"enemies":"2 Fungi Beasts","floor":5,"turns":4},{"damage":25,"enemies":"3 Sentries","floor":7,"turns":7},{"damage":0,"enemies":"Red Slaver","floor":8,"turns":3},{"damage":0,"enemies":"Exordium Thugs","floor":10,"turns":5},{"damage":1,"enemies":"Looter","floor":11,"turns":4},{"damage":3,"enemies":"Gremlin Gang","floor":14,"turns":4},{"damage":24,"enemies":"The Guardian","floor":16,"turns":9},{"damage":12,"enemies":"2 Thieves","floor":18,"turns":5},{"damage":6,"enemies":"3 Byrds","floor":19,"turns":4},{"damage":12,"enemies":"Snecko","floor":20,"turns":6},{"damage":26,"enemies":"Book of Stabbing","floor":25,"turns":8},{"damage":16,"enemies":"Snake Plant","floor":29,"turns":4},{"damage":12,"enemies":"Shelled Parasite and Fungi","floor":31,"turns":3},{"damage":88,"enemies":"Automaton","floor":33,"turns":12},{"damage":3,"enemies":"3 Shapes","floor":35,"turns":4},{"damage":3,"enemies":"Orb Walker","floor":38,"turns":4},{"damage":0,"enemies":"Giant Head","floor":40,"turns":5},{"damage":1,"enemies":"Writhing Mass","floor":42,"turns":4},{"damage":6,"enemies":"Sphere and 2 Shapes","floor":44,"turns":4},{"damage":42,"enemies":"Spire Growth","floor":45,"turns":5},{"damage":18,"enemies":"Transient","floor":46,"turns":5},{"damage":6,"enemies":"Orin","floor":47,"turns":5}],"seed_played":"-6772369083648350209","potions_obtained":[{"floor":0,"key":"SneckoOil"},{"floor":0,"key":"Poison Potion"},{"floor":0,"key":"ColorlessPotion"},{"floor":8,"key":"AttackPotion"},{"floor":11,"key":"Energy Potion"},{"floor":14,"key":"Poison Potion"},{"floor":25,"key":"Block Potion"},{"floor":29,"key":"ColorlessPotion"},{"floor":33,"key":"ColorlessPotion"},{"floor":35,"key":"DuplicationPotion"},{"floor":38,"key":"Swift Potion"},{"floor":40,"key":"Explosive Potion"},{"floor":42,"key":"Block Potion"},{"floor":44,"key":"GamblersBrew"},{"floor":45,"key":"Swift Potion"},{"floor":46,"key":"Block Potion"}],"is_trial":false,"path_per_floor":["M","M","M","T","M","R","E","M","T","M","M","$","R","M","R","B",null,"M","M","M","$","?","?","R","E","T","R","?","M","R","M","R","B",null,"M","?","?","M","$","E","R","M","T","M","M","M","?"],"character_chosen":"THE_SILENT","items_purchased":["TwistedFunnel","Footwork"],"campfire_rested":3,"item_purchase_floors":[21,21],"current_hp_per_floor":[69,65,65,65,62,62,37,37,37,37,36,36,57,54,54,30,77,65,59,47,47,31,31,54,28,28,66,66,50,65,53,68,29,77,74,73,73,70,70,70,73,72,72,66,24,6,0,0],"gold":623,"neow_bonus":"THREE_SMALL_POTIONS","is_daily":false,"chose_seed":false,"campfire_upgraded":5,"win_rate":0.0,"timestamp":1608874513,"path_taken":["M","M","M","?","M","R","E","M","T","M","M","$","R","?","R","BOSS","M","M","M","$","?","?","R","E","T","R","?","?","R","M","R","BOSS","M","?","?","?","$","E","R","?","T","M","M","M","?"],"items_purchased_type":["Relic","Card"],"build_version":"2020-12-22","purchased_purges":1,"victory":false,"max_hp_per_floor":[70,70,70,70,70,70,70,70,70,70,70,70,70,70,70,70,77,77,77,77,77,77,77,77,77,77,77,77,77,77,77,77,77,77,77,73,73,73,73,73,73,73,73,73,73,73,73,73],"card_choices":[{"not_picked":["Dagger Spray","Eviscerate"],"picked":"Outmaneuver","floor":1},{"not_picked":["Underhanded Strike","Heel Hook"],"picked":"Cloak And Dagger","floor":2},{"not_picked":["Sucker Punch","Cloak And Dagger"],"picked":"Deadly Poison","floor":3},{"not_picked":["Outmaneuver","Accuracy"],"picked":"Blade Dance","floor":5},{"not_picked":["Acrobatics","Noxious Fumes"],"picked":"Backflip","floor":7},{"not_picked":["Bane","Accuracy"],"picked":"Distraction","floor":8},{"not_picked":["Dagger Throw","Underhanded Strike"],"picked":"Catalyst","floor":10},{"not_picked":["Doppelganger","Poisoned Stab"],"picked":"Caltrops","floor":11},{"not_picked":["Blade Dance","Riddle With Holes"],"picked":"Deadly Poison","floor":14},{"not_picked":["A Thousand Cuts","Phantasmal Killer"],"picked":"Wraith Form v2","floor":16},{"not_picked":["Backflip","After Image"],"picked":"Flying Knee","floor":18},{"not_picked":["Cloak And Dagger","Infinite Blades"],"picked":"Finisher","floor":19},{"not_picked":["Backflip","Masterful Stab"],"picked":"Cloak And Dagger","floor":20},{"not_picked":["Sucker Punch+1","PiercingWail"],"picked":"Bouncing Flask","floor":25},{"not_picked":["Prepared","Masterful Stab","Blade Dance"],"picked":"SKIP","floor":29},{"not_picked":["Calculated Gamble","Flying Knee","Prepared"],"picked":"SKIP","floor":31},{"not_picked":["Glass Knife","Bullet Time"],"picked":"Die Die Die","floor":33},{"not_picked":["Bane+1","Poisoned Stab"],"picked":"Acrobatics+1","floor":35},{"not_picked":["Choke","Prepared+1"],"picked":"Blade Dance+1","floor":38},{"not_picked":["Leg Sweep","Reflex","Malaise"],"picked":"SKIP","floor":40},{"not_picked":["Bane","Expertise+1"],"picked":"Blade Dance+1","floor":42},{"not_picked":["All Out Attack+1","Quick Slash+1"],"picked":"Flying Knee+1","floor":44},{"not_picked":["Underhanded Strike+1","Die Die Die","Masterful Stab+1"],"picked":"SKIP","floor":45},{"not_picked":["Bouncing Flask","PiercingWail+1"],"picked":"Outmaneuver+1","floor":46}],"player_experience":54204,"relics_obtained":[{"floor":4,"key":"Potion Belt"},{"floor":7,"key":"Ornamental Fan"},{"floor":9,"key":"Peace Pipe"},{"floor":17,"key":"Strawberry"},{"floor":17,"key":"Pantograph"},{"floor":17,"key":"Lizard Tail"},{"floor":22,"key":"Nilry\u0027s Codex"},{"floor":25,"key":"Eternal Feather"},{"floor":26,"key":"White Beast Statue"},{"floor":40,"key":"Old Coin"},{"floor":43,"key":"MawBank"}],"event_choices":[{"damage_healed":0,"gold_gain":0,"player_choice":"Obtained Book","damage_taken":16,"max_hp_gain":0,"max_hp_loss":0,"event_name":"Cursed Tome","floor":22,"gold_loss":0},{"damage_healed":0,"gold_gain":0,"player_choice":"Ignored","damage_taken":0,"max_hp_gain":0,"max_hp_loss":0,"event_name":"Vampires","floor":23,"gold_loss":0},{"damage_healed":0,"gold_gain":0,"player_choice":"Rummage","damage_taken":0,"relics_obtained":["WarpedTongs"],"max_hp_gain":0,"max_hp_loss":0,"event_name":"Accursed Blacksmith","floor":28,"gold_loss":0,"cards_obtained":["Pain"]},{"damage_healed":0,"gold_gain":0,"player_choice":"Max HP","damage_taken":0,"max_hp_gain":0,"max_hp_loss":4,"event_name":"Winding Halls","floor":36,"gold_loss":0},{"damage_healed":0,"gold_gain":0,"player_choice":"Upgraded Two","damage_taken":0,"max_hp_gain":0,"max_hp_loss":0,"event_name":"Designer","floor":37,"gold_loss":40,"cards_upgraded":["Strike_G","Defend_G"]},{"damage_healed":0,"gold_gain":0,"player_choice":"Fight","damage_taken":0,"max_hp_gain":0,"max_hp_loss":0,"event_name":"OrinTheCat","floor":47,"gold_loss":0}],"is_beta":false,"boss_relics":[{"not_picked":["Ectoplasm","Velvet Choker"],"picked":"Calling Bell"},{"not_picked":["SacredBark","Cursed Key"],"picked":"WristBlade"}],"items_purged_floors":[39],"is_endless":false,"potions_floor_spawned":[2,8,11,14,25,29,31,33,35,38,40,42,44,45,46],"killed_by":"Orin","ascension_level":0}}