{"host":"o5hcpxouyak38pnq","time":1608924346,"event":{"mods":["BaseMod","DeckTracker","Downfall","Hubris","Minty Spire (QoL Compilation)","Replay The Spire","StSLib"],"gold_per_floor":[349,363,382,482,482,482,482,501,133,146,146,159,189,70,90,193,193,193,193,70,70,70,70,70,70,70,55,55,55,55,55,55,55,55,55,55,55,55,55,55,55,55,20,20,20,20,20,20,20,20,20,20,20,20,20],"floor_reached":56,"playtime":8587,"items_purged":["hexamod:Strike"],"score":1290,"play_id":"b43bf8ce-07f7-4c40-8c27-2246080d5448","local_time":"20201225142546","is_ascension_mode":false,"campfire_choices":[{"data":"hexamod:Float","floor":1.0,"key":"SMITH"},{"data":"hexamod:GhostOfSpirePast","floor":18.0,"key":"SMITH"},{"data":"hexamod:EmpoweredFlame","floor":29,"key":"SMITH"},{"floor":35,"key":"RECALL"},{"data":"hexamod:VolcanoVisage","floor":40,"key":"SMITH"},{"data":"hexamod:GhostOfSpireFuture","floor":42,"key":"SMITH"},{"floor":45,"key":"REST"},{"data":"hexamod:Sear","floor":54,"key":"SMITH"}],"circlet_count":0,"master_deck":["hexamod:Strike","hexamod:Strike","hexamod:Strike","hexamod:Defend","hexamod:Defend","hexamod:Defend","hexamod:Defend","hexamod:Sear+1","hexamod:Float+1","hexamod:FastForward","hexamod:FastForward","hexamod:FirstSeal","hexamod:FourthSeal","hexamod:SpectersWail","hexamod:GhostOfSpirePast+1","hexamod:FastForward+1","hexamod:Hexaguard+1","hexamod:HauntingEcho","hexamod:AdvancingGuard+1","hexamod:TurnItUp+1","hexamod:Again+1","hexamod:FastForward+1","hexamod:EmpoweredFlame+1","hexamod:SpectersWail","hexamod:Again+1","hexamod:SpectersWail","hexamod:FastForward+1","hexamod:GhostOfSpireFuture+1","hexamod:DynamicBlow+1","hexamod:VolcanoVisage+1","hexamod:FastForward+1","hexamod:GhostOfSpireFuture+1","hexamod:TimeOfNeed+1","hexamod:ExtraCrispy","hexamod:ExtraCrispy","hexamod:HauntingEcho","hexamod:SearingWound+1","hexamod:Hexaguard+1","hexamod:DynamicBlow+1"],"relics":["hexamod:SpiritBrand","hubris:Towel","Toxic Egg 2","Durian","Counterbalance","downfall:Hecktoplasm","downfall:HeartBlessingGreen","downfall:HeartBlessingBlue","hubris:TenFootPole","Replay:Bottled Flurry","Letter Opener","Enchiridion","Calipers","Gremlin Horn","Tiny House","Shuriken","downfall:HeartBlessingRed","Meat on the Bone","Bronze Scales","Pantograph"],"acts_visited":["Exordium","TheCity","TheBeyond","TheEnding"],"potions_floor_usage":[55],"damage_taken":[{"damage":0.0,"enemies":"Jaw Worm","floor":2.0,"turns":3.0},{"damage":0.0,"enemies":"Small Slimes","floor":3.0,"turns":3.0},{"damage":5.0,"enemies":"2 Louse","floor":8.0,"turns":2.0},{"damage":0.0,"enemies":"downfall:FleeingMerchant","floor":9.0,"turns":4.0},{"damage":0.0,"enemies":"2 Fungi Beasts","floor":10.0,"turns":3.0},{"damage":2.0,"enemies":"Blue Slaver","floor":12.0,"turns":3.0},{"damage":0.0,"enemies":"Gremlin Nob","floor":13.0,"turns":3.0},{"damage":0.0,"enemies":"downfall:FleeingMerchant","floor":14.0,"turns":4.0},{"damage":0.0,"enemies":"Large Slime","floor":15.0,"turns":6.0},{"damage":36.0,"enemies":"downfall:Silent","floor":16.0,"turns":9.0},{"damage":0.0,"enemies":"3 Byrds","floor":19.0,"turns":4.0},{"damage":0.0,"enemies":"downfall:FleeingMerchant","floor":20.0,"turns":4.0},{"damage":0,"enemies":"Sentry and Sphere","floor":22,"turns":3},{"damage":6,"enemies":"Gremlin Leader","floor":23,"turns":5},{"damage":3,"enemies":"Replay:Snechameleon","floor":25,"turns":7},{"damage":3,"enemies":"downfall:FleeingMerchant","floor":27,"turns":4},{"damage":13,"enemies":"3 Cultists","floor":30,"turns":4},{"damage":7,"enemies":"Colosseum Nobs","floor":31,"turns":3},{"damage":9,"enemies":"Snake Plant","floor":32,"turns":4},{"damage":9,"enemies":"downfall:Ironclad","floor":33,"turns":6},{"damage":3,"enemies":"3 Shapes","floor":37,"turns":3},{"damage":7,"enemies":"3 Darklings","floor":38,"turns":4},{"damage":24,"enemies":"Spire Growth","floor":39,"turns":6},{"damage":11,"enemies":"R_Hoarder","floor":44,"turns":7},{"damage":0,"enemies":"Sphere and 2 Shapes","floor":48,"turns":4},{"damage":14,"enemies":"3 Darklings","floor":49,"turns":3},{"damage":0,"enemies":"downfall:Defect","floor":50,"turns":9},{"damage":50,"enemies":"downfall:CharBossMerchant","floor":52,"turns":8},{"damage":40,"enemies":"downfall:NeowBoss","floor":55,"turns":25}],"seed_played":"6835515338620765308","potions_obtained":[{"floor":2.0,"key":"Strength Potion"},{"floor":3.0,"key":"FairyPotion"},{"floor":10.0,"key":"Energy Potion"},{"floor":13.0,"key":"Cursed Concoction"},{"floor":16.0,"key":"Adrenaline Potion"},{"floor":19.0,"key":"Guardian:BlockOnCardUsePotion"},{"floor":20.0,"key":"hexamod:DoubleChargePotion"},{"floor":30,"key":"DuplicationPotion"}],"is_trial":false,"path_per_floor":["R","M","M","?","?","?","T","M","$","M","T","M","E","$","M","B",null,"R","M","$","?","M","E","T","E","?","$","?","R","M","?","M","B",null,"R","?","M","M","M","R","T","R","$","E","R","?","?","M","M","B",null,"E","$","R","B",null],"character_chosen":"THE_SPIRIT","items_purchased":["hexamod:SpectersWail","Toxic Egg 2","hexamod:HauntingEcho","hexamod:AdvancingGuard+1","hexamod:EmpoweredFlame","hexamod:SpectersWail","hexamod:ExtraCrispy"],"campfire_rested":1,"item_purchase_floors":[9,9,14,14,20,20,43],"current_hp_per_floor":[63,63,63,63,63,56,56,58,63,63,68,68,68,68,68,39,68,78,78,78,78,78,78,78,78,70,74,74,74,68,61,59,57,83,83,73,70,70,53,53,53,53,53,49,73,73,73,73,59,59,83,52,52,52,56],"gold":20,"neow_bonus":"TWO_FIFTY_GOLD","is_daily":false,"chose_seed":false,"campfire_upgraded":6,"win_rate":0.0,"timestamp":1608924346,"path_taken":["R","M","M","?","?","?","T","M","$","M","?","M","E","$","M","BOSS","R","M","$","?","M","E","T","E","?","$","?","R","M","?","M","BOSS","R","?","M","M","M","R","T","R","$","E","R","?","?","?","M","BOSS","E","$","R","BOSS"],"items_purchased_type":["Card","Relic","Card","Card","Card","Card","Card"],"build_version":"2020-12-22","purchased_purges":1,"victory":true,"max_hp_per_floor":[63,63,63,63,63,63,63,63,63,63,68,68,68,68,68,68,68,78,78,78,78,78,78,78,78,78,78,78,78,78,78,78,78,83,83,83,83,83,83,83,83,83,83,83,83,83,83,83,83,83,83,83,83,83,83],"card_choices":[{"not_picked":["hexamod:HeatMetal","hexamod:ThirdSeal"],"picked":"hexamod:FastForward","floor":2.0},{"not_picked":["hexamod:NightmareStrike","hexamod:SwordOfDarkness"],"picked":"hexamod:FastForward","floor":3.0},{"not_picked":["hexamod:SwordOfDarkness","hexamod:Firestarter","hexamod:BurningTouch"],"picked":"SKIP","floor":8.0},{"not_picked":["hexamod:SpectersWail","hexamod:TurnItUp"],"picked":"hexamod:FourthSeal","floor":9.0},{"not_picked":["hexamod:Hexaguard+1","hexamod:SkipABeat+1"],"picked":"hexamod:GhostOfSpirePast","floor":10.0},{"not_picked":["hexamod:InspiringFlames+1","hexamod:ThermalTransfer","hexamod:ShieldOfDarkness+1"],"picked":"SKIP","floor":12.0},{"not_picked":["hexamod:RainOfEmbers","hexamod:EmpoweredFlame"],"picked":"hexamod:FastForward+1","floor":13.0},{"not_picked":["hexamod:ThermalTransfer","hexamod:SpectersWail"],"picked":"hexamod:Hexaguard+1","floor":14.0},{"not_picked":["hexamod:BurningTouch+1","hexamod:RainOfEmbers","hexamod:EtherealExpedition+1"],"picked":"SKIP","floor":15.0},{"not_picked":["hexamod:UnleashSpirits","hexamod:GiftsFromTheDead"],"picked":"hexamod:TurnItUp+1","floor":16.0},{"not_picked":["hexamod:SpectralSpark+1","hexamod:SwordOfDarkness"],"picked":"hexamod:Again+1","floor":19.0},{"not_picked":["hexamod:Firestarter","hexamod:RadiantFlame+1"],"picked":"hexamod:FastForward+1","floor":20.0},{"not_picked":["hexamod:GhostShield+1","hexamod:GhostflameBarrier+1"],"picked":"hexamod:Again+1","floor":22},{"not_picked":["hexamod:SpectralAdrenaline+1","hexamod:NightmareGuise+1","hexamod:GhostShield+1"],"picked":"SKIP","floor":23},{"not_picked":["hexamod:SpectralAdrenaline+1","hexamod:NightmareGuise+1","hexamod:GhostShield+1"],"picked":"SKIP","floor":23},{"not_picked":["hexamod:InspiringFlames+1","hexamod:ShieldOfDarkness+1"],"picked":"hexamod:SpectersWail","floor":25},{"not_picked":["hexamod:DynamicBlow","hexamod:AdvancingGuard+1"],"picked":"hexamod:FastForward+1","floor":27},{"not_picked":["hexamod:SwordOfDarkness+1","hexamod:GhostShield+1"],"picked":"hexamod:GhostOfSpireFuture","floor":30},{"not_picked":["hexamod:EtherealExpedition+1","hexamod:FourthSeal"],"picked":"hexamod:DynamicBlow","floor":32},{"not_picked":["hexamod:GiftsFromTheDead","hexamod:EmpoweringStance"],"picked":"hexamod:VolcanoVisage","floor":33},{"not_picked":["hexamod:PowerFromBeyond+1","hexamod:GhostShield+1"],"picked":"hexamod:FastForward+1","floor":34},{"not_picked":["hexamod:NightmareStrike","hexamod:NightmareGuise+1"],"picked":"hexamod:GhostOfSpireFuture","floor":36},{"not_picked":["hexamod:HeatMetal","hexamod:ThirdSeal"],"picked":"hexamod:TimeOfNeed+1","floor":37},{"not_picked":["hexamod:SwordOfDarkness","hexamod:GhostLash+1","hexamod:NightmareGuise+1"],"picked":"SKIP","floor":38},{"not_picked":["hexamod:SecondSeal","hexamod:GhostLash"],"picked":"hexamod:ExtraCrispy","floor":39},{"not_picked":["hexamod:GhostflameBarrier+1","hexamod:GhostShield+1"],"picked":"hexamod:HauntingEcho","floor":44},{"not_picked":["hexamod:SwordOfDarkness","hexamod:ShieldOfDarkness+1"],"picked":"hexamod:SearingWound+1","floor":48},{"not_picked":["hexamod:ChargedBarrage+1","hexamod:Incineration+1"],"picked":"hexamod:Hexaguard+1","floor":49},{"not_picked":["hexamod:SpectersWail+1","hexamod:SoulSteal+1"],"picked":"hexamod:DynamicBlow+1","floor":52}],"player_experience":533728,"relics_obtained":[{"floor":11.0,"key":"Durian"},{"floor":13.0,"key":"Counterbalance"},{"floor":23,"key":"hubris:TenFootPole"},{"floor":24,"key":"Replay:Bottled Flurry"},{"floor":25,"key":"Letter Opener"},{"floor":26,"key":"Enchiridion"},{"floor":31,"key":"Calipers"},{"floor":31,"key":"Gremlin Horn"},{"floor":36,"key":"Shuriken"},{"floor":41,"key":"Meat on the Bone"},{"floor":44,"key":"Bronze Scales"},{"floor":52,"key":"Pantograph"}],"event_choices":[{"damage_healed":0,"gold_gain":0,"player_choice":"Forge","damage_taken":0,"max_hp_gain":0,"max_hp_loss":0,"event_name":"Accursed Blacksmith","floor":47,"gold_loss":0,"cards_upgraded":["hexamod:DynamicBlow"]}],"is_beta":false,"boss_relics":[{"not_picked":["hubris:BlackHole","Runic Dome"],"picked":"downfall:Hecktoplasm"},{"not_picked":["Replay:Drink Me","Ring of Chaos"],"picked":"Tiny House"}],"items_purged_floors":[9],"is_endless":false,"potions_floor_spawned":[2,3,10,16,19,22,30,32,37,39,48],"ascension_level":0}}