{"host":"u36ni54khriudopt","time":1608907661,"event":{"mods":["BaseMod","Downfall","GifTheSpireLib","Minty Spire (QoL Compilation)","StSLib","[IsaacMod]ÒÔÈö¼âËþ"],"gold_per_floor":[99,99,99,99,149,74,74,74,91,118,143,163,88,22,32,128,128,128,147,158,219,219,219,291,306,306,306,321,321,321,331,345,450,450,450,484,484,29,29,63,63,95,115,147,179,104,131,131,156,156],"floor_reached":51,"playtime":3055,"items_purged":[],"score":1170,"play_id":"1bd032d6-ec4e-4628-9093-bf7e10d3646c","local_time":"20201225224741","is_ascension_mode":false,"campfire_choices":[{"floor":1.0,"key":"RECALL"},{"data":"Guardian:ArmoredProtocol","floor":6.0,"key":"SMITH"},{"data":"Guardian:DonusPower","floor":13.0,"key":"SMITH"},{"data":"1","floor":18.0,"key":"LIFT"},{"data":"2","floor":23.0,"key":"LIFT"},{"data":"3","floor":26.0,"key":"LIFT"},{"data":"Guardian:TimeCapacitor","floor":30.0,"key":"SMITH"},{"data":"Guardian:Recover","floor":35.0,"key":"SMITH"},{"floor":46.0,"key":"REST"}],"circlet_count":0,"master_deck":["Guardian:Defend_Guardian","Guardian:Defend_Guardian","Guardian:Defend_Guardian","Guardian:Defend_Guardian","Guardian:CurlUp","Guardian:TwinSlam","Guardian:ArmoredProtocol+1","Guardian:TimeCapacitor+1","Guardian:WalkerClaw","Guardian:BronzeOrb","Guardian:EvasiveProtocol","Guardian:DonusPower+1","Guardian:ShieldCharger","Guardian:ChargeUp","Guardian:TimeSifter","CurseOfTheBell","Guardian:Repulse","Guardian:TemporalStrike+1","Guardian:ChargeCore+1","Guardian:Harden+1","Guardian:CrystalBeam+1","Guardian:Recover+1","Guardian:AncientConstruct","Guardian:BronzeOrb+1","Guardian:ChargeUp","Guardian:Gem_Green","expansioncontent:Chronoboost","Pain","Guardian:Repulse+1","Guardian:TimeBomb","Guardian:BronzeOrb+1","Guardian:TimeBomb+1","Guardian:PolyBeam+1","Guardian:Gem_Blue","Guardian:DonusPower+1"],"relics":["Guardian:ModeShifter","HushsDoor","GuppysTail","downfall:HeartsMalice","Question Card","BookOfRevelations","downfall:HeartBlessingRed","DeathBook","Odd Mushroom","Dead Branch","downfall:HeartBlessingBlue","Calling Bell","Pen Nib","PillsDrop","Girya","GuppysCollar","RottenBaby","Molten Egg 2","ChampionBelt","Thread and Needle","Toolbox","MoneyPower","GuppysHead","Bag of Preparation","Toxic Egg 2","Gambling Chip","downfall:HeartBlessingGreen","HowToJump","PreservedInsect"],"acts_visited":["Exordium","TheCity","TheBeyond"],"potions_floor_usage":[50,50,50],"damage_taken":[{"damage":0.0,"enemies":"2 Louse","floor":2.0,"turns":1.0},{"damage":0.0,"enemies":"Jaw Worm","floor":4.0,"turns":1.0},{"damage":0.0,"enemies":"Hiden Room Battle","floor":5.0,"turns":1.0},{"damage":0.0,"enemies":"Small Slimes","floor":9.0,"turns":3.0},{"damage":14.0,"enemies":"The Mushroom Lair","floor":10.0,"turns":5.0},{"damage":7.0,"enemies":"3 Sentries","floor":11.0,"turns":8.0},{"damage":0.0,"enemies":"Gremlin Gang","floor":12.0,"turns":2.0},{"damage":0.0,"enemies":"downfall:FleeingMerchant","floor":14.0,"turns":4.0},{"damage":4.0,"enemies":"Blue Slaver","floor":15.0,"turns":4.0},{"damage":0.0,"enemies":"downfall:Watcher","floor":16.0,"turns":5.0},{"damage":0.0,"enemies":"Spheric Guardian","floor":19.0,"turns":3.0},{"damage":4.0,"enemies":"Cultist and Chosen","floor":20.0,"turns":4.0},{"damage":6.0,"enemies":"3 Cultists","floor":25.0,"turns":3.0},{"damage":0.0,"enemies":"Snecko","floor":28.0,"turns":3.0},{"damage":0.0,"enemies":"Shelled Parasite and Fungi","floor":31.0,"turns":2.0},{"damage":0.0,"enemies":"Snake Plant","floor":32.0,"turns":3.0},{"damage":29.0,"enemies":"downfall:Ironclad","floor":33.0,"turns":5.0},{"damage":22.0,"enemies":"Nemesis","floor":36.0,"turns":5.0},{"damage":0.0,"enemies":"downfall:FleeingMerchant","floor":38.0,"turns":4.0},{"damage":6.0,"enemies":"Reptomancer","floor":40.0,"turns":4.0},{"damage":0.0,"enemies":"Giant Head","floor":42.0,"turns":4.0},{"damage":0.0,"enemies":"3 Shapes","floor":43.0,"turns":2.0},{"damage":0.0,"enemies":"Nemesis","floor":44.0,"turns":3.0},{"damage":0.0,"enemies":"Giant Head","floor":45.0,"turns":3.0},{"damage":5.0,"enemies":"Nemesis","floor":47.0,"turns":3.0},{"damage":0.0,"enemies":"Giant Head","floor":49.0,"turns":3.0},{"damage":12,"enemies":"downfall:Silent","floor":50,"turns":4}],"seed_played":"2153182255982805937","potions_obtained":[{"floor":12.0,"key":"ColorlessPotion"},{"floor":15.0,"key":"SteroidPotion"},{"floor":16.0,"key":"SteroidPotion"},{"floor":20.0,"key":"Dexterity Potion"},{"floor":28.0,"key":"champ:CounterPotion"},{"floor":33.0,"key":"champ:CounterPotion"},{"floor":36.0,"key":"Dexterity Potion"},{"floor":47.0,"key":"Ancient Potion"}],"is_trial":false,"path_per_floor":["R","M","?","M","?","R","T","T","M","?","E","M","R","$","M","B",null,"R","M","M","?","?","R","T","M","R","?","M","?","R","M","M","B",null,"R","M","?","$","?","E","T","E","M","M","M","R","M","?","M","B",null],"character_chosen":"GUARDIAN","items_purchased":["Guardian:Gem_Red","GuppysCollar","Guardian:Gem_Orange","RottenBaby","Toolbox","Guardian:ChargeUp","Guardian:Gem_Green","expansioncontent:Chronoboost","ColorlessPotion"],"campfire_rested":1,"item_purchase_floors":[14,17,17,17,38,38,38,38,38],"current_hp_per_floor":[80,80,80,80,80,80,80,80,80,66,59,59,69,69,65,65,57,57,57,53,38,38,38,38,32,32,32,32,32,32,32,32,3,44,44,22,22,22,27,21,21,21,24,24,24,43,38,38,38,26],"gold":156,"neow_bonus":"THREE_ENEMY_KILL","is_daily":false,"chose_seed":false,"campfire_upgraded":4,"win_rate":0.0,"timestamp":1608907661,"path_taken":["R","M","?","M","?","R","T","?","M","?","E","M","R","?","M","BOSS","R","M","?","?","?","R","T","M","R","?","M","?","R","?","M","BOSS","R","M","?","?","?","E","T","E","M","?","M","R","M","?","M","BOSS"],"items_purchased_type":["Card","Relic","Card","Relic","Relic","Card","Card","Card","Potion"],"build_version":"2020-12-22","purchased_purges":0,"victory":true,"max_hp_per_floor":[80,80,80,80,80,80,80,80,80,80,80,80,90,90,90,90,57,57,57,57,57,57,57,57,57,57,57,57,57,57,57,57,57,57,57,57,57,57,62,62,62,62,65,65,65,65,65,65,60,60],"card_choices":[{"not_picked":[],"picked":"Bomb","floor":0.0},{"not_picked":["Guardian:ChargeCore","Guardian:GuardianWhirl"],"picked":"Guardian:ArmoredProtocol","floor":2.0},{"not_picked":["Guardian:SpikerProtocol","Guardian:Recover"],"picked":"Guardian:Gem_Green","floor":4.0},{"not_picked":["Guardian:Emergency","Guardian:PrimingBeam"],"picked":"Guardian:TimeCapacitor","floor":5.0},{"not_picked":["Bomb","Guardian:TemporalStrike","Guardian:Gem_Lightblue"],"picked":"Guardian:WalkerClaw","floor":9.0},{"not_picked":["Guardian:Harden","Bomb","Guardian:Gem_White"],"picked":"Guardian:BronzeOrb","floor":10.0},{"not_picked":["Guardian:SentryBeam","Guardian:ChargeCore","Guardian:CrystalBeam"],"picked":"Guardian:EvasiveProtocol","floor":11.0},{"not_picked":["Guardian:BaubleBeam","Guardian:PiercingHide","Guardian:Suspension"],"picked":"Guardian:DonusPower","floor":12.0},{"not_picked":["Guardian:Suspension","Guardian:TemporalStrike","Guardian:PrismaticBeam"],"picked":"Guardian:ShieldCharger","floor":14.0},{"not_picked":["Guardian:ChargeCore","Guardian:BaubleBeam","Guardian:Recover"],"picked":"Guardian:ChargeUp","floor":15.0},{"not_picked":["Guardian:ConstructionForm","Guardian:StasisStrike","Guardian:StasisField"],"picked":"Guardian:TimeSifter","floor":16.0},{"not_picked":["Guardian:Reroute","Guardian:EvasiveProtocol+1","Guardian:HyperBeam_Guardian"],"picked":"Guardian:Repulse","floor":19.0},{"not_picked":["Guardian:Gem_Cyan","Guardian:RevengeProtocol","Guardian:Preprogram+1"],"picked":"Guardian:TemporalStrike+1","floor":20.0},{"not_picked":["Guardian:Gem_White","Guardian:BronzeArmor","Guardian:RollAttack+1"],"picked":"Guardian:ChargeCore+1","floor":25.0},{"not_picked":["Guardian:Gem_Cyan","Guardian:PrimingBeam+1","Guardian:Gem_Orange"],"picked":"Guardian:Harden+1","floor":28.0},{"not_picked":["Guardian:Recover+1","Guardian:ShieldSpikes+1","Guardian:VentSteam"],"picked":"Guardian:CrystalBeam+1","floor":31.0},{"not_picked":["Guardian:VentSteam","Guardian:Gem_Fragmented","Guardian:Emergency"],"picked":"Guardian:Recover","floor":32.0},{"not_picked":["Guardian:TimeSifter","Guardian:StasisStrike+1","Guardian:FastForward"],"picked":"Guardian:AncientConstruct","floor":33.0},{"not_picked":["Guardian:Suspension","Guardian:WalkerClaw+1","Guardian:Reroute+1","Guardian:VentSteam"],"picked":"SKIP","floor":36.0},{"not_picked":["Guardian:PiercingHide+1","Guardian:RollAttack+1","Guardian:ChargeCore+1"],"picked":"Guardian:BronzeOrb+1","floor":38.0},{"not_picked":["Guardian:RevengeProtocol","Guardian:TemporalStrike+1","Guardian:TemporalShield+1"],"picked":"Guardian:Repulse+1","floor":40.0},{"not_picked":["Guardian:Gem_Lightblue","Guardian:PiercingHide","Guardian:Gem_White"],"picked":"Guardian:TimeBomb","floor":42.0},{"not_picked":["Guardian:Suspension+1","Guardian:Emergency+1","Guardian:Gem_Crimson"],"picked":"Guardian:BronzeOrb+1","floor":43.0},{"not_picked":["Guardian:ShieldSpikes+1","Guardian:Gem_Crimson","Guardian:Gem_Fragmented"],"picked":"Guardian:TimeBomb+1","floor":44.0},{"not_picked":["Guardian:RollAttack+1","Guardian:StasisStrike+1","Guardian:Gem_Blue"],"picked":"Guardian:Gem_Purple","floor":45.0},{"not_picked":["Guardian:Incinerate+1","Guardian:Emergency+1","Guardian:ArmoredProtocol"],"picked":"Guardian:PolyBeam+1","floor":47.0},{"not_picked":["Guardian:Gem_Blue","Guardian:HyperBeam_Guardian+1","Guardian:Gem_Red"],"picked":"Guardian:DonusPower+1","floor":49.0}],"player_experience":379468,"relics_obtained":[{"floor":5.0,"key":"Question Card"},{"floor":5.0,"key":"BookOfRevelations"},{"floor":8.0,"key":"DeathBook"},{"floor":10.0,"key":"Odd Mushroom"},{"floor":11.0,"key":"Dead Branch"},{"floor":17.0,"key":"Pen Nib"},{"floor":17.0,"key":"PillsDrop"},{"floor":17.0,"key":"Girya"},{"floor":24.0,"key":"Molten Egg 2"},{"floor":36.0,"key":"Thread and Needle"},{"floor":40.0,"key":"MoneyPower"},{"floor":41.0,"key":"GuppysHead"},{"floor":42.0,"key":"Bag of Preparation"},{"floor":44.0,"key":"Toxic Egg 2"},{"floor":45.0,"key":"Gambling Chip"},{"floor":47.0,"key":"HowToJump"},{"floor":49.0,"key":"PreservedInsect"}],"event_choices":[{"damage_healed":0.0,"max_hp_gain":0.0,"max_hp_loss":0.0,"gold_gain":0.0,"event_name":"HidenRoomEvent","player_choice":"Fight","floor":5.0,"gold_loss":0.0,"damage_taken":0.0},{"damage_healed":0.0,"max_hp_gain":0.0,"max_hp_loss":0.0,"gold_gain":0.0,"event_name":"Mushrooms","player_choice":"Fought Mushrooms","floor":10.0,"gold_loss":0.0,"damage_taken":0.0},{"cards_removed":["Guardian:Strike_Guardian"],"damage_healed":0.0,"max_hp_gain":0.0,"max_hp_loss":0.0,"gold_gain":0.0,"event_name":"Wheel of Change","player_choice":"Card Removal","floor":22.0,"gold_loss":0.0,"damage_taken":0.0},{"damage_healed":0.0,"max_hp_gain":0.0,"max_hp_loss":0.0,"gold_gain":0.0,"event_name":"Ghosts","player_choice":"Ignored","floor":27.0,"gold_loss":0.0,"damage_taken":0.0},{"damage_healed":0.0,"max_hp_gain":0.0,"max_hp_loss":0.0,"gold_gain":0.0,"event_name":"Vampires","player_choice":"Ignored","floor":29.0,"gold_loss":0.0,"damage_taken":0.0},{"cards_removed":["Guardian:Strike_Guardian"],"damage_healed":0.0,"max_hp_gain":0.0,"max_hp_loss":0.0,"gold_gain":0.0,"event_name":"Falling","player_choice":"Removed Attack","floor":37.0,"gold_loss":0.0,"damage_taken":0.0}],"is_beta":false,"boss_relics":[{"not_picked":["Guardian:ModeShifterPlus","Snecko Eye"],"picked":"Calling Bell"},{"not_picked":[]},{"not_picked":["Pandora\u0027s Box","Astrolabe"],"picked":"ChampionBelt"},{"not_picked":[]}],"items_purged_floors":[],"is_endless":false,"potions_floor_spawned":[12,15,16,20,28,33,36,47,49],"ascension_level":20}}