{"host":"baymyijz6sxaqj5s","time":1608888478,"event":{"mods":["AchievementEnabler","BaseMod","Colored Map","Colored Powertips","DeckTracker","KOR Keyword Fix","Keyboard Shortcuts","Minty Spire (QoL Compilation)","Quick Restart","StSLib","SuperFastMode"],"gold_per_floor":[117,117,128,139,153,153,228,240,240,240,275,275,292,302,302,397,397,410,410,410,420,440,440,11,29,75,90,100,118,33,45,45,150,150,169,169,189,201,39,39,54,104,104,104,129,139,64,79,79,79],"floor_reached":51,"playtime":2170,"items_purged":["Strike_R"],"score":714,"play_id":"6f53da86-fe26-42c9-bb4d-839bba75ce69","local_time":"20201225182758","is_ascension_mode":true,"campfire_choices":[{"data":"Armaments","floor":6,"key":"SMITH"},{"data":"Sword Boomerang","floor":10,"key":"SMITH"},{"floor":12,"key":"REST"},{"floor":15,"key":"REST"},{"data":"Barricade","floor":23,"key":"SMITH"},{"data":"Body Slam","floor":32,"key":"SMITH"},{"data":"Enlightenment","floor":40,"key":"SMITH"},{"data":"Double Tap","floor":44,"key":"SMITH"},{"floor":49,"key":"REST"}],"circlet_count":0,"master_deck":["Strike_R","Strike_R","Strike_R","Defend_R","Defend_R","Defend_R","Defend_R","Bash","Sword Boomerang+1","Armaments+1","Ghostly Armor","Thunderclap","Barricade+1","Heavy Blade","Spot Weakness+1","Body Slam+1","Flame Barrier","Demon Form","Heavy Blade","Double Tap+1","Cleave","Violence","Secret Technique","Ghostly Armor+1","Reaper","Enlightenment+1","Bloodletting","Flex+1","Twin Strike+1"],"relics":["Black Blood","HornCleat","Red Skull","MutagenicStrength","Anchor","Happy Flower","PreservedInsect","Peace Pipe","Mark of Pain","Torii","Bottled Flame","Pen Nib"],"acts_visited":["Exordium","TheCity","TheBeyond"],"potions_floor_usage":[5,16,21,22,29,31,37,41],"damage_taken":[{"damage":2,"enemies":"Small Slimes","floor":1,"turns":5},{"damage":2,"enemies":"2 Louse","floor":3,"turns":5},{"damage":1,"enemies":"Cultist","floor":4,"turns":4},{"damage":31,"enemies":"Gremlin Gang","floor":5,"turns":5},{"damage":2,"enemies":"Blue Slaver","floor":8,"turns":5},{"damage":43,"enemies":"Lagavulin","floor":11,"turns":14},{"damage":0,"enemies":"Looter","floor":13,"turns":4},{"damage":0,"enemies":"3 Louse","floor":14,"turns":5},{"damage":43,"enemies":"Slime Boss","floor":16,"turns":14},{"damage":12,"enemies":"Chosen","floor":18,"turns":11},{"damage":12,"enemies":"3 Byrds","floor":21,"turns":7},{"damage":29,"enemies":"Snake Plant","floor":22,"turns":7},{"damage":28,"enemies":"Sentry and Sphere","floor":25,"turns":10},{"damage":5,"enemies":"Snecko","floor":27,"turns":6},{"damage":6,"enemies":"3 Cultists","floor":28,"turns":6},{"damage":25,"enemies":"Sentry and Sphere","floor":29,"turns":7},{"damage":0,"enemies":"Snecko","floor":31,"turns":4},{"damage":43,"enemies":"Champ","floor":33,"turns":11},{"damage":14,"enemies":"3 Shapes","floor":35,"turns":6},{"damage":23,"enemies":"3 Darklings","floor":37,"turns":4},{"damage":13,"enemies":"Spire Growth","floor":38,"turns":4},{"damage":17,"enemies":"Jaw Worm Horde","floor":41,"turns":7},{"damage":0,"enemies":"Mind Bloom Boss Battle","floor":42,"turns":5},{"damage":50,"enemies":"Transient","floor":46,"turns":5},{"damage":20,"enemies":"Writhing Mass","floor":48,"turns":4},{"damage":101,"enemies":"Donu and Deca","floor":50,"turns":9}],"seed_played":"7354055255804695637","potions_obtained":[{"floor":1,"key":"AttackPotion"},{"floor":5,"key":"FairyPotion"},{"floor":11,"key":"FairyPotion"},{"floor":14,"key":"Explosive Potion"},{"floor":18,"key":"SpeedPotion"},{"floor":20,"key":"Fire Potion"},{"floor":21,"key":"ColorlessPotion"},{"floor":27,"key":"GamblersBrew"},{"floor":29,"key":"FearPotion"},{"floor":35,"key":"PowerPotion"},{"floor":38,"key":"HeartOfIron"}],"is_trial":false,"path_per_floor":["M","?","M","M","M","R","?","M","T","R","E","R","M","M","R","B",null,"M","?","?","M","M","R","$","M","T","M","M","M","?","M","R","B",null,"M","?","M","M","$","R","M","?","T","R","T","M","$","M","R","B",null],"character_chosen":"IRONCLAD","items_purchased":["Body Slam","Flame Barrier","Anchor","Happy Flower","Reaper","Enlightenment"],"campfire_rested":3,"item_purchase_floors":[24,24,24,24,39,39],"current_hp_per_floor":[88,81,85,88,63,63,52,56,56,56,19,45,51,57,83,46,88,88,88,88,88,71,71,71,55,55,62,68,55,55,67,67,36,88,86,81,70,69,69,69,67,87,87,87,87,53,53,57,83,38],"gold":79,"neow_bonus":"TEN_PERCENT_HP_BONUS","is_daily":false,"chose_seed":false,"campfire_upgraded":6,"win_rate":0.0,"timestamp":1608888478,"path_taken":["M","?","M","M","M","R","?","M","T","R","E","R","M","M","R","BOSS","M","?","?","M","?","R","$","M","T","M","?","M","?","M","R","BOSS","M","?","M","M","$","R","M","?","T","R","?","M","?","M","R","BOSS"],"items_purchased_type":["Card","Card","Relic","Relic","Card","Card"],"build_version":"2020-12-22","purchased_purges":1,"victory":true,"max_hp_per_floor":[88,88,88,88,88,88,88,88,88,88,88,88,88,88,88,88,88,88,88,88,88,88,88,88,88,88,88,88,88,88,88,88,88,88,88,88,88,88,88,88,88,88,88,88,88,88,88,88,88,88],"card_choices":[{"not_picked":["Evolve","Disarm","Pommel Strike"],"picked":"SKIP","floor":1},{"not_picked":["Wild Strike","True Grit"],"picked":"Sword Boomerang","floor":3},{"not_picked":["Wild Strike","Anger","Juggernaut"],"picked":"SKIP","floor":4},{"not_picked":["Anger","Havoc"],"picked":"Armaments","floor":5},{"not_picked":["Thunderclap","True Grit"],"picked":"Ghostly Armor","floor":8},{"not_picked":["Armaments","Searing Blow","Iron Wave"],"picked":"SKIP","floor":11},{"not_picked":["Bloodletting","Pommel Strike","Twin Strike"],"picked":"SKIP","floor":13},{"not_picked":["Dark Embrace","Burning Pact"],"picked":"Thunderclap","floor":14},{"not_picked":["Double Tap","Reaper"],"picked":"Barricade","floor":16},{"not_picked":["Perfected Strike","Clash+1"],"picked":"Heavy Blade","floor":18},{"not_picked":["Wild Strike","Anger","True Grit+1"],"picked":"SKIP","floor":21},{"not_picked":["Warcry","Perfected Strike"],"picked":"Spot Weakness+1","floor":22},{"not_picked":["Searing Blow","Headbutt"],"picked":"Demon Form","floor":25},{"not_picked":["Pummel","Rage","Disarm"],"picked":"SKIP","floor":27},{"not_picked":["Sword Boomerang","Clothesline","Headbutt"],"picked":"SKIP","floor":28},{"not_picked":["Headbutt","Sword Boomerang+1"],"picked":"Heavy Blade","floor":29},{"not_picked":["Fire Breathing","Wild Strike","Infernal Blade"],"picked":"SKIP","floor":31},{"not_picked":["Demon Form","Fiend Fire"],"picked":"Double Tap","floor":33},{"not_picked":["Warcry","Thunderclap+1"],"picked":"Cleave","floor":35},{"not_picked":["Magnetism","Dark Shackles"],"picked":"Violence","floor":36},{"not_picked":["Mind Blast","Apotheosis"],"picked":"Secret Technique","floor":36},{"not_picked":["Disarm+1","Pommel Strike+1"],"picked":"Ghostly Armor+1","floor":37},{"not_picked":["Dropkick","Wild Strike+1","Warcry"],"picked":"SKIP","floor":38},{"not_picked":["Flame Barrier+1","Clash"],"picked":"Bloodletting","floor":41},{"not_picked":["Rupture+1","True Grit+1"],"picked":"Flex+1","floor":42},{"not_picked":["Thunderclap+1","Clothesline+1"],"picked":"Twin Strike+1","floor":46},{"not_picked":["Fire Breathing+1","Clothesline+1","Iron Wave"],"picked":"SKIP","floor":48}],"player_experience":238041,"relics_obtained":[{"floor":9,"key":"HornCleat"},{"floor":11,"key":"Red Skull"},{"floor":26,"key":"PreservedInsect"},{"floor":42,"key":"Torii"},{"floor":43,"key":"Bottled Flame"},{"floor":45,"key":"Pen Nib"}],"event_choices":[{"cards_removed":["Strike_R"],"damage_healed":0,"gold_gain":0,"player_choice":"Card Removal","damage_taken":7,"max_hp_gain":0,"max_hp_loss":0,"event_name":"Golden Wing","floor":2,"gold_loss":0},{"damage_healed":0,"gold_gain":75,"player_choice":"Gather Gold","damage_taken":11,"max_hp_gain":0,"max_hp_loss":0,"event_name":"World of Goop","floor":7,"gold_loss":0},{"damage_healed":0,"gold_gain":0,"player_choice":"Inject Mutagens","damage_taken":0,"relics_obtained":["MutagenicStrength"],"max_hp_gain":0,"max_hp_loss":0,"event_name":"Drug Dealer","floor":19,"gold_loss":0},{"damage_healed":0,"gold_gain":0,"player_choice":"Got Potions","damage_taken":0,"max_hp_gain":0,"max_hp_loss":0,"event_name":"Lab","floor":20,"gold_loss":0},{"damage_healed":0,"gold_gain":0,"player_choice":"Obtained Relic","damage_taken":0,"relics_obtained":["Peace Pipe"],"max_hp_gain":0,"max_hp_loss":0,"event_name":"Addict","floor":30,"gold_loss":85},{"damage_healed":0,"gold_gain":0,"player_choice":"Memory 2","damage_taken":5,"max_hp_gain":0,"max_hp_loss":0,"event_name":"SensoryStone","floor":36,"gold_loss":0},{"damage_healed":0,"gold_gain":0,"player_choice":"Fight","damage_taken":0,"max_hp_gain":0,"max_hp_loss":0,"event_name":"MindBloom","floor":42,"gold_loss":0}],"is_beta":false,"boss_relics":[{"not_picked":["Empty Cage","Velvet Choker"],"picked":"Black Blood"},{"not_picked":["Runic Dome","Philosopher\u0027s Stone"],"picked":"Mark of Pain"}],"items_purged_floors":[47],"is_endless":false,"potions_floor_spawned":[1,5,11,14,18,21,27,29,35,38],"ascension_level":1}}