{"host":"u94b8se4p65mmtuf","time":1608866273,"event":{"mods":["BaseMod","Downfall","Hubris","Infinite Spire","Jorbs\u0027s Wanderer Trilogy","Minty Spire (QoL Compilation)","Replay The Spire","StSLib","SuperFastMode","The Animator","The Jungle"],"gold_per_floor":[119,138,138,63,13,47,47,67,116,141,316,316,125,125,125,220,220,234,234,234,234,234,234,251,265,314,334,362,362,362],"floor_reached":29,"playtime":1353,"items_purged":["Strike_B","Doubt"],"score":288,"play_id":"b5b8d561-699a-4f6f-80c5-465b1e1efc4e","local_time":"20201224221753","is_ascension_mode":true,"campfire_choices":[{"data":"ReplayTheSpireMod:Calculation Training","floor":7,"key":"SMITH"},{"data":"Hologram","floor":12,"key":"SMITH"},{"data":"Crystallizer","floor":23,"key":"SMITH"},{"data":"Zap","floor":23,"key":"SMITH"}],"circlet_count":0,"master_deck":["Strike_B","Strike_B","Defend_B","Defend_B","Defend_B","Defend_B","Zap+1","Dualcast","Genetic Algorithm","Glacier","ReplayTheSpireMod:Calculation Training+1","Leap","Hologram+1","Crystallizer+1","Cold Snap","Doubt","Core Surge","Injury","Clumsy","animator:Curse_Nutcracker","Slimebound:CheckThePlaybook+1","ReplayTheSpireMod:Calculation Training+1","Leap+1","Chill+1","Compile Driver+1","Panic Button+1"],"relics":["Cracked Core","NeowsBlessing","Ancient Tea Set","Happy Flower","hubris:Metronome","BargainBundle","Replay:Bottled Flurry","Replay:Ancient Bell","Replay:Baseball","Toxic Egg 2","Replay:Arrowhead","Nuclear Battery","infinitespire:Lucky Rock","Replay:Mystery Machine","Pantograph"],"acts_visited":["Exordium","TheCity"],"potions_floor_usage":[16,16,25,28,28,29],"damage_taken":[{"damage":0,"enemies":"2 Louse","floor":1,"turns":1},{"damage":0,"enemies":"Jaw Worm","floor":2,"turns":1},{"damage":0,"enemies":"Gremlin Nob","floor":6,"turns":1},{"damage":0,"enemies":"Small Slimes","floor":8,"turns":5},{"damage":5,"enemies":"Lagavulin","floor":10,"turns":10},{"damage":57,"enemies":"Hexaghost","floor":16,"turns":23},{"damage":3,"enemies":"Shell Parasite","floor":18,"turns":16},{"damage":24,"enemies":"2 Thieves","floor":24,"turns":4},{"damage":17,"enemies":"Snake Plant","floor":25,"turns":5},{"damage":4,"enemies":"Snecko","floor":27,"turns":8},{"damage":22,"enemies":"Slavers","floor":28,"turns":7},{"damage":10,"enemies":"3 Cultists","floor":29,"turns":6}],"seed_played":"7686570723717680554","potions_obtained":[{"floor":2,"key":"SneckoOil"},{"floor":8,"key":"FairyPotion"},{"floor":10,"key":"Adrenaline Potion"},{"floor":16,"key":"CultistPotion"},{"floor":24,"key":"Fire Potion"},{"floor":27,"key":"Swift Potion"},{"floor":28,"key":"Dexterity Potion"}],"is_trial":false,"path_per_floor":["M","M","?","$","?","E","R","M","T","E","?","R","$","?","R","B",null,"M","?","AVR","?","?","R","M","M","T","M","E","M"],"character_chosen":"DEFECT","items_purchased":["BargainBundle","Crystallizer","Cold Snap"],"campfire_rested":0,"item_purchase_floors":[13,13,13],"current_hp_per_floor":[75,75,75,75,75,75,75,75,75,70,70,70,70,70,70,13,75,72,46,46,46,46,46,22,5,5,1,3,0,0],"gold":362,"neow_bonus":"THREE_ENEMY_KILL","is_daily":false,"chose_seed":false,"campfire_upgraded":4,"win_rate":0.0,"timestamp":1608866273,"path_taken":["M","M","?","$","?","E","R","M","T","E","?","R","$","?","R","BOSS","M","?","AVR","?","?","R","M","M","T","M","E","?"],"items_purchased_type":["Relic","Card","Card"],"build_version":"2020-12-22","purchased_purges":2,"victory":false,"max_hp_per_floor":[75,75,75,75,75,75,75,75,75,75,75,75,75,75,75,75,75,75,75,75,75,75,75,75,75,75,75,75,75,75],"card_choices":[{"not_picked":["Leap","Gash"],"picked":"Genetic Algorithm","floor":1},{"not_picked":["Redo","Steam"],"picked":"Glacier","floor":2},{"not_picked":["Conserve Battery","Turbo"],"picked":"Leap","floor":6},{"not_picked":["Turbo","Stack","Barrage"],"picked":"SKIP","floor":8},{"not_picked":["ReplayTheSpireMod:Omega Cannon","Go for the Eyes"],"picked":"Hologram","floor":10},{"not_picked":["hubris:SpecializedCircuitry","Seek"],"picked":"Core Surge","floor":16},{"not_picked":["hubris:Disease","Doubt"],"picked":"Injury","floor":17},{"not_picked":["ReplayTheSpireMod:Faulty Equipment","Pain"],"picked":"Clumsy","floor":17},{"not_picked":["CurseOfTheBell","stsjorbsmod:Amnesia"],"picked":"animator:Curse_Nutcracker","floor":17},{"not_picked":["Go for the Eyes","ReplayTheSpireMod:Repulse+1","ReplayTheSpireMod:Reroute Power+1"],"picked":"SKIP","floor":18},{"not_picked":["Force Field+1","Conserve Battery+1"],"picked":"Leap+1","floor":24},{"not_picked":["Cold Snap","hubris:PowerSurge"],"picked":"Chill+1","floor":25},{"not_picked":["Cold Snap+1","Rip and Tear"],"picked":"Compile Driver+1","floor":27},{"not_picked":["ReplayTheSpireMod:Omega Cannon","Redo+1"],"picked":"Panic Button+1","floor":28}],"player_experience":102351,"relics_obtained":[{"floor":6,"key":"Ancient Tea Set"},{"floor":9,"key":"Happy Flower"},{"floor":10,"key":"hubris:Metronome"},{"floor":15,"key":"Replay:Bottled Flurry"},{"floor":26,"key":"Replay:Mystery Machine"},{"floor":28,"key":"Pantograph"}],"event_choices":[{"cards_removed":["Strike_B"],"damage_healed":0,"gold_gain":0,"player_choice":"Card Removal","damage_taken":0,"max_hp_gain":0,"max_hp_loss":0,"event_name":"The Cleric","floor":5,"gold_loss":50},{"damage_healed":0,"gold_gain":175,"player_choice":"AGREE","damage_taken":0,"max_hp_gain":0,"max_hp_loss":0,"event_name":"Liars Game","floor":11,"gold_loss":0,"cards_obtained":["Doubt"]},{"damage_healed":0,"gold_gain":0,"player_choice":"Copied","damage_taken":0,"max_hp_gain":0,"max_hp_loss":0,"event_name":"Duplicator","floor":22,"gold_loss":0,"cards_obtained":["ReplayTheSpireMod:Calculation Training"]}],"is_beta":false,"boss_relics":[{"not_picked":["Coffee Dripper","ReplayTheSpireMod:DimensionalGlitch"],"picked":"Replay:Ancient Bell"},{"not_picked":["ReplayTheSpireMod:TigerMarble","War Paint"],"picked":"Replay:Baseball"},{"not_picked":["hubris:TinFlute","infinitespire:Broken Mirror"],"picked":"Toxic Egg 2"},{"not_picked":["hubris:64BitClover","hubris:AstralHammer"],"picked":"Replay:Arrowhead"}],"items_purged_floors":[4,13],"is_endless":false,"potions_floor_spawned":[2,8,10,16,24,27,28],"killed_by":"3 Cultists","ascension_level":1}}