{"host":"cv6i479uilws7tk5","time":1608865349,"event":{"mods":["BaseMod","Better Altar","Better Match","Better Note","Better Sensory Stone","Better Skull","Better Third Choice","Energized Spire","Highlight Path","Minty Spire (QoL Compilation)","Rare Cards Sparkle","Relic Stats","StSLib"],"gold_per_floor":[218,233,35,52,227,259,272,272,272,297,297,297,222,242,242,345,345,360,360,376,376,395,395,395,395],"floor_reached":24,"playtime":1219,"items_purged":["Doubt"],"score":247,"play_id":"236bc3b6-29e1-45cd-953b-d87274ccd774","local_time":"20201224200229","is_ascension_mode":true,"campfire_choices":[{"floor":8.0,"key":"REST"},{"floor":11,"key":"REST"},{"floor":15,"key":"REST"},{"floor":23,"key":"REST"}],"circlet_count":0,"master_deck":["Strike_G+1","Strike_G+1","Strike_G+1","Strike_G+1","Defend_G+1","Defend_G+1","Defend_G+1","Defend_G+1","Defend_G+1","Survivor","Neutralize","Deadly Poison","Bouncing Flask","PiercingWail","Footwork","Flying Knee","Dagger Spray","Well Laid Plans","Underhanded Strike","Adrenaline","CurseOfTheBell","Crippling Poison","Necronomicurse"],"relics":["Ring of the Snake","Anchor","HornCleat","Lizard Tail","Peace Pipe","Calling Bell","Regal Pillow","Shuriken","Tingsha","Necronomicon"],"acts_visited":["Exordium","TheCity"],"potions_floor_usage":[14,16],"damage_taken":[{"damage":4.0,"enemies":"Jaw Worm","floor":1.0,"turns":4.0},{"damage":1.0,"enemies":"2 Louse","floor":2.0,"turns":2.0},{"damage":5.0,"enemies":"Cultist","floor":4.0,"turns":4.0},{"damage":50.0,"enemies":"3 Sentries","floor":6.0,"turns":7.0},{"damage":11.0,"enemies":"Exordium Thugs","floor":7.0,"turns":6.0},{"damage":19,"enemies":"Gremlin Nob","floor":10,"turns":5},{"damage":9,"enemies":"Large Slime","floor":14,"turns":6},{"damage":40,"enemies":"Slime Boss","floor":16,"turns":15},{"damage":21,"enemies":"Spheric Guardian","floor":18,"turns":6},{"damage":25,"enemies":"Chosen","floor":20,"turns":6},{"damage":11,"enemies":"Centurion and Healer","floor":22,"turns":8},{"damage":84,"enemies":"Gremlin Leader","floor":24,"turns":10}],"seed_played":"-4024922179021673822","potions_obtained":[{"floor":1.0,"key":"Fruit Juice"},{"floor":2.0,"key":"Explosive Potion"},{"floor":6.0,"key":"Weak Potion"},{"floor":10,"key":"Explosive Potion"},{"floor":14,"key":"SkillPotion"},{"floor":18,"key":"Poison Potion"}],"is_trial":false,"path_per_floor":["M","M","$","M","?","E","M","R","T","E","R","?","$","M","R","B",null,"M","?","M","?","M","R","E"],"character_chosen":"THE_SILENT","items_purchased":["PiercingWail","Anchor"],"campfire_rested":4,"item_purchase_floors":[3,3],"current_hp_per_floor":[66,65,65,60,60,15,4,26,26,7,29,29,29,20,42,2,75,54,38,13,13,2,39,0,0],"gold":395,"neow_bonus":"HUNDRED_GOLD","is_daily":false,"chose_seed":false,"campfire_upgraded":0,"win_rate":0.0,"timestamp":1608865349,"path_taken":["M","M","$","M","?","E","M","R","T","E","R","?","$","?","R","BOSS","M","?","M","?","M","R","E"],"items_purchased_type":["Card","Relic"],"build_version":"2020-12-22","purchased_purges":1,"victory":false,"max_hp_per_floor":[70,70,70,70,70,75,75,75,75,75,75,75,75,75,75,75,75,75,75,75,75,75,75,75,75],"relic_stats":{"Peace Pipe":0,"Lizard Tail":37,"Regal Pillow":15,"counters":[12,79],"Shuriken":[6],"Tingsha":[12],"Necronomicon":[6],"obtain_stats":[{"Peace Pipe":10,"Calling Bell":17,"Anchor":3,"Lizard Tail":9,"Regal Pillow":17,"HornCleat":6,"Shuriken":17,"Tingsha":17,"Necronomicon":19,"Ring of the Snake":0},{"Peace Pipe":6,"Calling Bell":8,"Anchor":2,"Lizard Tail":5,"Regal Pillow":8,"HornCleat":4,"Shuriken":8,"Tingsha":8,"Necronomicon":9,"Ring of the Snake":0},{"Peace Pipe":28,"Calling Bell":49,"Anchor":6,"Lizard Tail":23,"Regal Pillow":49,"HornCleat":17,"Shuriken":49,"Tingsha":49,"Necronomicon":55,"Ring of the Snake":0}],"Ring of the Snake":[24]},"card_choices":[{"not_picked":["Choke","Acrobatics"],"picked":"Deadly Poison","floor":1.0},{"not_picked":["Sucker Punch","Tactician"],"picked":"Bouncing Flask","floor":2.0},{"not_picked":["Sucker Punch","All Out Attack"],"picked":"Footwork","floor":4.0},{"not_picked":["Dagger Throw","Heel Hook"],"picked":"Flying Knee","floor":6.0},{"not_picked":["Sucker Punch","Tools of the Trade"],"picked":"Dagger Spray","floor":7.0},{"not_picked":["Underhanded Strike","Tactician"],"picked":"Well Laid Plans","floor":10},{"not_picked":["Prepared","Quick Slash","PiercingWail"],"picked":"SKIP","floor":14},{"not_picked":["Die Die Die","Unload"],"picked":"Adrenaline","floor":16},{"not_picked":["Backflip+1","Escape Plan+1"],"picked":"Crippling Poison","floor":18},{"not_picked":["Deflect","Acrobatics","Tactician+1"],"picked":"SKIP","floor":20},{"not_picked":["PiercingWail+1","Quick Slash","Deadly Poison"],"picked":"SKIP","floor":22}],"player_experience":328031,"relics_obtained":[{"floor":6.0,"key":"HornCleat"},{"floor":9,"key":"Lizard Tail"},{"floor":10,"key":"Peace Pipe"},{"floor":17,"key":"Regal Pillow"},{"floor":17,"key":"Shuriken"},{"floor":17,"key":"Tingsha"},{"floor":19,"key":"Necronomicon"}],"event_choices":[{"damage_healed":0.0,"max_hp_gain":0.0,"max_hp_loss":0.0,"gold_gain":175.0,"event_name":"betterThird:BetterSerpent","player_choice":"AGREE","floor":5.0,"gold_loss":0.0,"damage_taken":52.0},{"damage_healed":0,"gold_gain":0,"cards_transformed":["Strike_G"],"player_choice":"Transformed","damage_taken":0,"max_hp_gain":0,"max_hp_loss":0,"event_name":"Transmorgrifier","floor":12,"gold_loss":0,"cards_obtained":["Underhanded Strike"]},{"damage_healed":0,"gold_gain":0,"player_choice":"Obtained Book","damage_taken":16,"max_hp_gain":0,"max_hp_loss":0,"event_name":"Cursed Tome","floor":19,"gold_loss":0},{"damage_healed":0,"gold_gain":0,"player_choice":"Simplicity","damage_taken":0,"max_hp_gain":0,"max_hp_loss":9,"event_name":"betterThird:BetterWriting","floor":21,"gold_loss":0}],"is_beta":false,"boss_relics":[{"not_picked":["energizedSpire:NeverEndingSparkler","WristBlade"],"picked":"Calling Bell"}],"items_purged_floors":[13],"is_endless":false,"potions_floor_spawned":[1,2,6,10,14,18],"killed_by":"Gremlin Leader","ascension_level":4}}