{"host":"wfy07lporsqrbz3r","time":1608899190,"event":{"mods":["BaseMod","Minty Spire (QoL Compilation)","Replay The Spire","StSLib"],"gold_per_floor":[119,119,129,129,152,152,177,190,190,190,190],"floor_reached":10,"playtime":209,"items_purged":[],"score":120,"play_id":"410d6ba5-aba2-4afe-9d88-f1c502fc46f7","local_time":"20201225202630","is_ascension_mode":true,"campfire_choices":[{"floor":6,"key":"REST"}],"circlet_count":0,"master_deck":["AscendersBane","Strike_G","Strike_G","Strike_G","Strike_G","Strike_G","Defend_G","Defend_G","Defend_G","Defend_G","Defend_G","Survivor","Neutralize","Prepared","Dagger Spray","Injury","Quick Slash","Backflip","Underhanded Strike"],"relics":["Ring of the Snake","NeowsBlessing","Counterbalance","Golden Idol","Basket Of Snakes"],"acts_visited":["Exordium"],"potions_floor_usage":[],"damage_taken":[{"damage":0,"enemies":"Small Slimes","floor":1,"turns":1},{"damage":0,"enemies":"Jaw Worm","floor":3,"turns":1},{"damage":0,"enemies":"2 Louse","floor":5,"turns":1},{"damage":7,"enemies":"Lots of Slimes","floor":7,"turns":3},{"damage":2,"enemies":"Blue Slaver","floor":8,"turns":6},{"damage":12,"enemies":"Lagavulin","floor":10,"turns":6}],"seed_played":"8574549645181280553","potions_obtained":[],"is_trial":false,"path_per_floor":["M","?","M","?","M","R","M","M","T","E"],"character_chosen":"THE_SILENT","items_purchased":[],"campfire_rested":1,"item_purchase_floors":[],"current_hp_per_floor":[59,14,14,14,14,33,26,24,24,12,12],"gold":190,"neow_bonus":"THREE_ENEMY_KILL","is_daily":false,"chose_seed":false,"campfire_upgraded":0,"win_rate":0.0,"timestamp":1608899190,"path_taken":["M","?","M","?","M","R","?","M","T","E"],"items_purchased_type":[],"build_version":"2020-12-22","purchased_purges":0,"victory":false,"max_hp_per_floor":[66,66,66,66,66,66,66,66,66,66,66],"card_choices":[{"not_picked":["Sucker Punch","Quick Slash"],"picked":"Prepared","floor":1},{"not_picked":["Caltrops","Riddle With Holes"],"picked":"Dagger Spray","floor":3},{"not_picked":["Bane","Night Terror"],"picked":"Quick Slash","floor":5},{"not_picked":["Bane","Heel Hook"],"picked":"Backflip","floor":7},{"not_picked":["Blur","Riddle With Holes"],"picked":"Underhanded Strike","floor":8}],"player_experience":714861,"relics_obtained":[{"floor":9,"key":"Basket Of Snakes"}],"event_choices":[{"damage_healed":0,"gold_gain":0,"player_choice":"Success","damage_taken":45,"relics_obtained":["Counterbalance"],"max_hp_gain":0,"max_hp_loss":0,"event_name":"Scrap Ooze","floor":2,"gold_loss":0},{"damage_healed":0,"gold_gain":0,"player_choice":"Take Wound","damage_taken":0,"relics_obtained":["Golden Idol"],"max_hp_gain":0,"max_hp_loss":0,"event_name":"Golden Idol","floor":4,"gold_loss":0,"cards_obtained":["Injury"]}],"is_beta":false,"boss_relics":[],"items_purged_floors":[],"is_endless":false,"potions_floor_spawned":[],"killed_by":"Lagavulin","ascension_level":20}}