{"host":"htqwg582tjjtn9p7","time":1608880806,"event":{"mods":["2.2 Compatiblity","AchievementEnabler","Act Like it!","Aspiration","BaseMod","Better Third Choice","Colored Map","Conspire","Curses Come First","Displayed Cursed Tome","Energized Spire","Force Act Four","GifTheSpireLib","Hermit","Highlight Path","JesterMod","Mad Scientist","Minty Spire (QoL Compilation)","Pale of the Ancients","Permanent Neow","Random Character Button","Relic Stats","Replay The Spire","Robot Space Explorer","Somnambulant","Spicy Shops","Spikes Relics","StSLib","Stuff the Spire","The Blue Laboratory","The Disciple","The Dragon Tamer","The Forsaken","The Gatherer","The Judge","The Jungle","The Marked","The Runesmith","The Servant 0.9.4"],"gold_per_floor":[110,110,120,120,120,120,140,140,140,140,174,174,7,17,17,91,91,109,309,319,69,83,110,110,110,110,110,110,129,158,178,178,254,254,273,291,305,321,44,44,71,23,23,39,69,86,112,127,127,127,144,156,156,206,206,220,220,145,145,145],"floor_reached":61,"playtime":3283,"items_purged":["Regret","Clumsy","Strike_G"],"score":2253,"play_id":"89c35975-2556-42f9-ae31-b9874616f33e","local_time":"20201225082006","is_ascension_mode":true,"campfire_choices":[{"data":"Neutralize","floor":6,"key":"SMITH"},{"data":"Flying Knee","floor":8,"key":"SMITH"},{"floor":10,"key":"REST"},{"floor":12,"key":"REST"},{"data":"ReplayTheSpireMod:Scrap Shanks","floor":15,"key":"SMITH"},{"floor":24,"key":"REST"},{"data":"conspire:Banana","floor":27,"key":"SMITH"},{"floor":32,"key":"REST"},{"floor":40,"key":"REST"},{"floor":49,"key":"REST"}],"circlet_count":0,"master_deck":["Strike_G","Strike_G","Strike_G","Strike_G","Defend_G","Defend_G+1","Defend_G","Defend_G","Defend_G","Survivor","Neutralize+1","Flying Knee+1","Underhanded Strike","PiercingWail","After Image","ReplayTheSpireMod:Scrap Shanks+1","conspire:Banana+1","Terror","Venomology","Blade Dance","Cloak And Dagger+1","Acrobatics","Noxious Fumes","Blade Dance+1","Backflip+1","Footwork","Acrobatics+1","Tools of the Trade","Escape Plan+1","Dagger Spray","Malaise+1","After Image","Prepared+1","ReplayTheSpireMod:Scrap Shanks","Cloak And Dagger+1","Cloak And Dagger+1","Hidden Blade+1","Prepared+1","Pace+1","Blade Dance+1","Accuracy","Deflect+1","Finisher+1","Footwork","Hidden Blade+1","Cloak And Dagger+1"],"relics":["energizedSpire:HighHeels","Toy Ornithopter","StuffTheSpire:Gunfinga","StuffTheSpire:Tea","Honey Jar","Toxic Egg 2","aspiration:SeaSaltIceCream","theForsaken:Lifeblossom","Sundial","HoveringKite","Chameleon Ring","Omamori","Snack Pack","HornCleat","paleoftheancients:Timepiece","Gremlin Horn","CultistMask","paleoftheancients:SoulOfTheWokeBloke"],"acts_visited":["Exordium","TheCity","TheBeyond","TheBeyond"],"potions_floor_usage":[11,20,20,20,23,30,30,31,31,33,35,37,37,38,41,44,45,45,45,46,46,48,48,50,51,51,52,52,52,60],"damage_taken":[{"damage":2,"enemies":"Jaw Worm","floor":1,"turns":5},{"damage":2,"enemies":"2 Louse","floor":3,"turns":3},{"damage":2,"enemies":"Small Slimes","floor":7,"turns":4},{"damage":24,"enemies":"Lagavulin","floor":11,"turns":8},{"damage":13,"enemies":"Exordium Thugs","floor":14,"turns":5},{"damage":33,"enemies":"Hexaghost","floor":16,"turns":11},{"damage":3,"enemies":"Shell Parasite","floor":18,"turns":6},{"damage":11,"enemies":"Chosen","floor":20,"turns":6},{"damage":10,"enemies":"Snake Plant","floor":22,"turns":4},{"damage":16,"enemies":"Book of Stabbing","floor":23,"turns":5},{"damage":30,"enemies":"Snecko","floor":29,"turns":5},{"damage":31,"enemies":"Slavers","floor":30,"turns":5},{"damage":0,"enemies":"3 Cultists","floor":31,"turns":4},{"damage":19,"enemies":"Champ","floor":33,"turns":10},{"damage":5,"enemies":"Orb Walker","floor":35,"turns":3},{"damage":42,"enemies":"3 Darklings","floor":36,"turns":6},{"damage":15,"enemies":"Writhing Mass","floor":37,"turns":12},{"damage":4,"enemies":"Transient","floor":38,"turns":5},{"damage":26,"enemies":"Reptomancer","floor":41,"turns":7},{"damage":14,"enemies":"Spire Growth","floor":44,"turns":5},{"damage":21,"enemies":"Nemesis","floor":45,"turns":5},{"damage":0,"enemies":"Writhing Mass","floor":46,"turns":15},{"damage":8,"enemies":"Reptomancer","floor":47,"turns":7},{"damage":30,"enemies":"Transient","floor":48,"turns":5},{"damage":34,"enemies":"Awakened One","floor":50,"turns":10},{"damage":13,"enemies":"Awakened One","floor":51,"turns":6},{"damage":44,"enemies":"Awakened One","floor":52,"turns":6},{"damage":22,"enemies":"Awakened One","floor":56,"turns":3},{"damage":44,"enemies":"paleoftheancients:N","floor":60,"turns":9}],"seed_played":"-274727445758756947","potions_obtained":[{"floor":7,"key":"blueLaboratory:ArtistsPotion"},{"floor":16,"key":"blueLaboratory:Moonshine"},{"floor":18,"key":"blueLaboratory:RememoryPotion"},{"floor":22,"key":"blueLaboratory:PhilterOfMotion"},{"floor":28,"key":"BlessingOfTheForge"},{"floor":28,"key":"SneckoOil"},{"floor":30,"key":"blueLaboratory:FrostheartPotion"},{"floor":33,"key":"Weak Potion"},{"floor":41,"key":"Fire Potion"},{"floor":45,"key":"blueLaboratory:ImpenetrablePotion"},{"floor":47,"key":"blueLaboratory:PhilterOfMotion"},{"floor":48,"key":"Elixir"},{"floor":51,"key":"blueLaboratory:BottleOfRum"},{"floor":52,"key":"Elixir"},{"floor":55,"key":"blueLaboratory:SuffocatingSmog"},{"floor":55,"key":"blueLaboratory:NullPotion"}],"is_trial":false,"path_per_floor":["M","?","M","?","?","R","M","R","T","R","E","R","$","M","R","B",null,"M","?","M","$","M","E","R","?","T","R","?","M","E","M","R","B",null,"M","M","M","M","$","R","E","$","T","M","E","M","E","M","R","B","M","M","?","T","R","M","R","$","?","B",null],"character_chosen":"THE_SILENT","items_purchased":["ReplayTheSpireMod:Scrap Shanks","conspire:Banana","Acrobatics","Prepared+1","ReplayTheSpireMod:Scrap Shanks","Cloak And Dagger+1","Hidden Blade+1","Cloak And Dagger+1"],"campfire_rested":6,"item_purchase_floors":[13,13,21,39,39,42,58,58],"current_hp_per_floor":[57,57,55,55,55,55,53,53,53,66,42,61,61,49,49,17,55,53,53,60,60,51,41,63,63,63,63,63,41,28,46,70,64,78,79,43,46,55,55,81,68,68,68,67,69,98,101,89,103,105,107,101,101,101,101,106,106,106,106,104],"gold":145,"neow_bonus":"BOSS_RELIC","is_daily":false,"chose_seed":false,"campfire_upgraded":4,"win_rate":0.0,"timestamp":1608880806,"path_taken":["M","?","M","?","?","R","?","R","T","R","E","R","?","M","R","BOSS","M","?","?","$","M","E","R","?","T","R","?","M","E","M","R","BOSS","M","?","M","?","?","R","E","$","T","M","E","M","E","M","R","BOSS","M","M","?","T","R","M","R","$","?","BOSS"],"items_purchased_type":["Card","Card","Card","Card","Card","Card","Card","Card"],"build_version":"2020-12-22","purchased_purges":3,"victory":true,"max_hp_per_floor":[66,66,66,66,66,66,66,66,66,66,66,66,66,67,67,68,68,69,69,72,72,73,74,74,74,74,74,74,76,78,80,80,82,82,82,84,86,88,88,88,90,90,90,92,94,99,101,103,103,105,107,109,109,109,109,111,111,111,111,113],"relic_stats":{"Gremlin Horn":[12,12],"counters":[29,185],"Sundial":[18],"HoveringKite":[81],"obtain_stats":[{"Gremlin Horn":50,"HoveringKite":34,"theForsaken:Lifeblossom":26,"Omamori":43,"aspiration:SeaSaltIceCream":26,"paleoftheancients:Timepiece":50,"StuffTheSpire:Gunfinga":9,"Chameleon Ring":41,"HornCleat":47,"Sundial":30,"paleoftheancients:SoulOfTheWokeBloke":52,"Honey Jar":17,"CultistMask":50,"Snack Pack":45,"Toxic Egg 2":23,"energizedSpire:HighHeels":0,"Toy Ornithopter":5,"Ring of the Snake":0,"StuffTheSpire:Tea":11},{"Gremlin Horn":25,"HoveringKite":14,"theForsaken:Lifeblossom":10,"Omamori":19,"aspiration:SeaSaltIceCream":10,"paleoftheancients:Timepiece":25,"StuffTheSpire:Gunfinga":3,"Chameleon Ring":19,"HornCleat":23,"Sundial":12,"paleoftheancients:SoulOfTheWokeBloke":27,"Honey Jar":6,"CultistMask":25,"Snack Pack":21,"Toxic Egg 2":10,"energizedSpire:HighHeels":0,"Toy Ornithopter":2,"Ring of the Snake":0,"StuffTheSpire:Tea":4},{"Gremlin Horn":161,"HoveringKite":81,"theForsaken:Lifeblossom":57,"Omamori":114,"aspiration:SeaSaltIceCream":57,"paleoftheancients:Timepiece":161,"StuffTheSpire:Gunfinga":12,"Chameleon Ring":114,"HornCleat":146,"Sundial":67,"paleoftheancients:SoulOfTheWokeBloke":173,"Honey Jar":36,"CultistMask":161,"Snack Pack":124,"Toxic Egg 2":57,"energizedSpire:HighHeels":0,"Toy Ornithopter":8,"Ring of the Snake":0,"StuffTheSpire:Tea":20}],"Toy Ornithopter":115},"card_choices":[{"not_picked":["Quick Slash","Deflect"],"picked":"Flying Knee","floor":1},{"not_picked":["Dagger Spray","Acrobatics"],"picked":"Underhanded Strike","floor":3},{"not_picked":["Replay:Poison Smokescreen","Slice"],"picked":"PiercingWail","floor":7},{"not_picked":["Deadly Poison","StuffTheSpire:Injection"],"picked":"After Image","floor":11},{"not_picked":["StuffTheSpire:Shiver","StuffTheSpire:Repulse"],"picked":"Terror","floor":14},{"not_picked":["Grand Finale","Burst"],"picked":"Venomology","floor":16},{"not_picked":["Choke","Cloak And Dagger","Outmaneuver"],"picked":"Blade Dance","floor":18},{"not_picked":["Dodge and Roll","ReplayTheSpireMod:The Works","Backstab+1"],"picked":"Cloak And Dagger+1","floor":20},{"not_picked":["Eviscerate","Poisoned Stab","Backflip"],"picked":"Noxious Fumes","floor":22},{"not_picked":["PiercingWail+1","Distraction+1","Masterful Stab"],"picked":"Blade Dance+1","floor":23},{"not_picked":["Slice","Acrobatics+1","Deflect+1"],"picked":"Backflip+1","floor":29},{"not_picked":["Malaise+1","ReplayTheSpireMod:The Works+1","Infinite Blades"],"picked":"Footwork","floor":30},{"not_picked":["Flying Knee","StuffTheSpire:Injection","StuffTheSpire:Python+1"],"picked":"Acrobatics+1","floor":31},{"not_picked":["Poison Darts+1","Venomology+1","Doppelganger+1"],"picked":"Tools of the Trade","floor":33},{"not_picked":["PiercingWail+1","StuffTheSpire:BumpUp","Dodge and Roll+1"],"picked":"Escape Plan+1","floor":35},{"not_picked":["Toxin Wave+1","Flying Knee","Underhanded Strike"],"picked":"Dagger Spray","floor":36},{"not_picked":["Sucker Punch+1","Quick Slash+1","Underhanded Strike"],"picked":"Malaise+1","floor":37},{"not_picked":["Deadly Poison+1","Poisoned Stab+1","ReplayTheSpireMod:Scrap Shanks"],"picked":"After Image","floor":38},{"not_picked":["Sucker Punch","Quick Slash","Flying Knee"],"picked":"Cloak And Dagger+1","floor":41},{"not_picked":["Caltrops+1","Crippling Poison+1","Dagger Throw"],"picked":"Hidden Blade+1","floor":44},{"not_picked":["Flying Knee+1","Deflect+1","Bouncing Flask+1"],"picked":"Prepared+1","floor":45},{"not_picked":["Distraction+1","Deadly Poison+1","Dagger Spray+1"],"picked":"Pace+1","floor":46},{"not_picked":["Slice","StuffTheSpire:Fury+1","Outmaneuver+1"],"picked":"Blade Dance+1","floor":47},{"not_picked":["StuffTheSpire:Incantation+1","Deadly Poison+1","Flying Knee"],"picked":"Accuracy","floor":48},{"not_picked":["Quick Slash","ReplayTheSpireMod:Tripwire+1","Backflip+1"],"picked":"Deflect+1","floor":51},{"not_picked":["ShadowRift+1","Slice","Hidden Blade+1"],"picked":"Finisher+1","floor":52},{"not_picked":["Outmaneuver+1","aspiration:Lunge","Poisoned Stab+1"],"picked":"Footwork","floor":56}],"player_experience":1778093,"relics_obtained":[{"floor":9,"key":"StuffTheSpire:Gunfinga"},{"floor":11,"key":"StuffTheSpire:Tea"},{"floor":23,"key":"Toxic Egg 2"},{"floor":26,"key":"aspiration:SeaSaltIceCream"},{"floor":30,"key":"Sundial"},{"floor":41,"key":"Chameleon Ring"},{"floor":43,"key":"Omamori"},{"floor":45,"key":"Snack Pack"},{"floor":47,"key":"HornCleat"},{"floor":52,"key":"paleoftheancients:SoulOfTheWokeBloke"}],"event_choices":[{"damage_healed":0,"gold_gain":0,"player_choice":"Box","damage_taken":0,"relics_obtained":["Toy Ornithopter"],"max_hp_gain":0,"max_hp_loss":0,"event_name":"Big Fish","floor":5,"gold_loss":0,"cards_obtained":["Regret"]},{"damage_healed":0,"gold_gain":250,"player_choice":"Bet on Owner","damage_taken":0,"max_hp_gain":0,"max_hp_loss":0,"event_name":"The Joust","floor":19,"gold_loss":50},{"damage_healed":0,"gold_gain":0,"player_choice":"Ignored","damage_taken":0,"max_hp_gain":0,"max_hp_loss":0,"event_name":"Ghosts","floor":25,"gold_loss":0},{"damage_healed":0,"gold_gain":0,"player_choice":"Got Potions","damage_taken":0,"max_hp_gain":0,"max_hp_loss":0,"event_name":"Lab","floor":28,"gold_loss":0}],"is_beta":false,"boss_relics":[{"not_picked":["Coffee Dripper","Runic Pyramid"],"picked":"Honey Jar"},{"not_picked":["Replay:Grab Bag","Abe\u0027s Treasure"],"picked":"HoveringKite"}],"items_purged_floors":[21,21,39],"is_endless":false,"potions_floor_spawned":[7,16,18,22,30,33,41,45,47,48,51,52,56],"ascension_level":15}}