{"host":"lhth1efayex2023z","time":1608932904,"event":{"mods":["BaseMod","Colored Map","Googly Eyes","Minty Spire (QoL Compilation)","StSLib"],"gold_per_floor":[112,287,11,21,21,52,64,64,64,95,113,13,48,67,67,166,166,186,546,557,557,42,42,75,75,75,75,75,75,93,125,125,229,229,248,303,27,27,40,40,51,51,51,51,68,96,115,115,115,115,115,115,21,52,52,52],"floor_reached":55,"playtime":1745,"items_purged":["Doubt","Strike_G","A Thousand Cuts"],"score":1264,"play_id":"675ce00f-cfe3-4d03-90b6-d5e4725d70f3","local_time":"20201225144824","is_ascension_mode":true,"campfire_choices":[{"data":"Neutralize","floor":8.0,"key":"SMITH"},{"floor":15.0,"key":"REST"},{"floor":23.0,"key":"REST"},{"data":"Catalyst","floor":25.0,"key":"SMITH"},{"data":"Catalyst","floor":32.0,"key":"SMITH"},{"floor":40.0,"key":"DIG"},{"floor":42.0,"key":"DIG"},{"floor":44.0,"key":"DIG"},{"floor":49,"key":"RECALL"},{"floor":52,"key":"DIG"}],"circlet_count":0,"master_deck":["AscendersBane","Strike_G+1","Strike_G+1","Strike_G+1","Defend_G+1","Defend_G+1","Defend_G+1","Defend_G+1","Defend_G+1","Survivor","Neutralize+1","Catalyst+1","Blade Dance","Dodge and Roll","Dash","Leg Sweep","Dagger Throw","Blade Dance","Catalyst+1","Bouncing Flask+1","Deadly Poison+1","Catalyst+1","Cloak And Dagger","Noxious Fumes","Bandage Up","Cloak And Dagger","Escape Plan","Noxious Fumes","Storm of Steel","Cloak And Dagger+1","Choke+1","Master of Strategy","Finesse"],"relics":["Ring of the Snake","NeowsBlessing","Snake Skull","Pocketwatch","Lizard Tail","Bronze Scales","Paper Crane","WristBlade","Sundial","TwistedFunnel","Lantern","Bag of Marbles","Bag of Preparation","Nunchaku","Philosopher\u0027s Stone","Shovel","Oddly Smooth Stone","Matryoshka","Gremlin Horn","Strawberry","Bottled Lightning","Centennial Puzzle","Mercury Hourglass","InkBottle"],"acts_visited":["Exordium","TheCity","TheBeyond","TheEnding"],"potions_floor_usage":[46,50,55],"damage_taken":[{"damage":0.0,"enemies":"Jaw Worm","floor":1.0,"turns":1.0},{"damage":0.0,"enemies":"Small Slimes","floor":4.0,"turns":1.0},{"damage":0.0,"enemies":"Lagavulin","floor":6.0,"turns":1.0},{"damage":2.0,"enemies":"Cultist","floor":7.0,"turns":4.0},{"damage":32.0,"enemies":"Gremlin Nob","floor":10.0,"turns":6.0},{"damage":0.0,"enemies":"2 Fungi Beasts","floor":11.0,"turns":3.0},{"damage":22.0,"enemies":"Lagavulin","floor":13.0,"turns":7.0},{"damage":4.0,"enemies":"Red Slaver","floor":14.0,"turns":3.0},{"damage":0.0,"enemies":"The Guardian","floor":16.0,"turns":6.0},{"damage":0.0,"enemies":"Chosen","floor":18.0,"turns":3.0},{"damage":6.0,"enemies":"2 Thieves","floor":20.0,"turns":3.0},{"damage":3.0,"enemies":"Book of Stabbing","floor":24.0,"turns":2.0},{"damage":17.0,"enemies":"Centurion and Healer","floor":30.0,"turns":4.0},{"damage":14.0,"enemies":"Slavers","floor":31.0,"turns":4.0},{"damage":8.0,"enemies":"Automaton","floor":33.0,"turns":3.0},{"damage":0.0,"enemies":"Orb Walker","floor":35.0,"turns":1.0},{"damage":6.0,"enemies":"2 Orb Walkers","floor":36.0,"turns":3.0},{"damage":0.0,"enemies":"3 Darklings","floor":39.0,"turns":4.0},{"damage":1.0,"enemies":"Jaw Worm Horde","floor":41.0,"turns":3.0},{"damage":32,"enemies":"Spire Growth","floor":45,"turns":3},{"damage":0,"enemies":"Reptomancer","floor":46,"turns":2},{"damage":0,"enemies":"Sphere and 2 Shapes","floor":47,"turns":2},{"damage":36,"enemies":"Donu and Deca","floor":50,"turns":7},{"damage":2,"enemies":"Shield and Spear","floor":54,"turns":3},{"damage":118,"enemies":"The Heart","floor":55,"turns":5}],"seed_played":"-6456867149308214864","potions_obtained":[{"floor":10.0,"key":"Weak Potion"},{"floor":13.0,"key":"Explosive Potion"},{"floor":14.0,"key":"Weak Potion"},{"floor":20.0,"key":"SpeedPotion"},{"floor":24.0,"key":"Regen Potion"},{"floor":30.0,"key":"Weak Potion"},{"floor":39.0,"key":"Block Potion"},{"floor":45,"key":"AttackPotion"},{"floor":46,"key":"Energy Potion"},{"floor":47,"key":"BlessingOfTheForge"}],"is_trial":false,"path_per_floor":["M","?","$","M","?","E","M","R","T","E","M","$","E","M","R","B",null,"M","?","M","T","$","R","E","R","T","$","?","?","M","E","R","B",null,"M","?","$","?","M","R","M","R","T","R","M","E","M","?","R","B",null,"R","$","E","B"],"character_chosen":"THE_SILENT","items_purchased":["Snake Skull","Blade Dance","TwistedFunnel","Cloak And Dagger","Lantern","Noxious Fumes","Bandage Up","Oddly Smooth Stone","Finesse"],"campfire_rested":2,"item_purchase_floors":[3,3,22,22,22,22,22,37,53],"current_hp_per_floor":[63,63,63,63,63,63,61,61,61,29,29,29,7,3,24,24,59,59,22,16,16,16,38,35,35,35,35,35,35,22,26,26,22,62,62,56,56,56,60,60,59,59,66,66,38,38,42,42,42,10,64,64,64,66,0,0],"gold":52,"neow_bonus":"THREE_ENEMY_KILL","is_daily":false,"chose_seed":false,"campfire_upgraded":3,"win_rate":0.0,"timestamp":1608932904,"path_taken":["M","?","$","M","?","E","M","R","T","E","M","$","E","?","R","BOSS","M","?","?","?","$","R","E","R","T","?","?","?","M","E","R","BOSS","M","?","$","?","M","R","M","R","T","R","?","E","M","?","R","BOSS","R","$","E","BOSS"],"items_purchased_type":["Relic","Card","Relic","Card","Relic","Card","Card","Relic","Card"],"build_version":"2020-12-22","purchased_purges":3,"victory":false,"max_hp_per_floor":[70,70,70,70,70,70,70,70,70,70,70,70,70,70,70,70,70,70,75,75,75,75,75,75,75,75,75,75,75,75,75,75,75,75,75,75,75,75,75,75,75,75,82,82,82,82,82,82,82,82,82,82,82,82,82,82],"card_choices":[{"not_picked":["Blade Dance","Backflip"],"picked":"Catalyst","floor":1.0},{"not_picked":["Backflip","All Out Attack"],"picked":"Dodge and Roll","floor":4.0},{"not_picked":["Sucker Punch","Backflip"],"picked":"Leg Sweep","floor":6.0},{"not_picked":["Deflect","Flying Knee","PiercingWail"],"picked":"SKIP","floor":7.0},{"not_picked":["Prepared","Slice"],"picked":"Dagger Throw","floor":10.0},{"not_picked":["Dodge and Roll","Dagger Throw"],"picked":"Blade Dance","floor":11.0},{"not_picked":["Backflip","Dodge and Roll"],"picked":"Catalyst","floor":13.0},{"not_picked":["Flechettes","Sucker Punch"],"picked":"Bouncing Flask","floor":14.0},{"not_picked":["Adrenaline","Night Terror"],"picked":"A Thousand Cuts","floor":16.0},{"not_picked":["Quick Slash","Prepared"],"picked":"Deadly Poison+1","floor":18.0},{"not_picked":["Calculated Gamble","Acrobatics"],"picked":"Catalyst+1","floor":20.0},{"not_picked":["Tactician+1","Slice"],"picked":"Cloak And Dagger","floor":24.0},{"not_picked":["Dodge and Roll","Flying Knee"],"picked":"Escape Plan","floor":30.0},{"not_picked":["Blade Dance+1","Backstab"],"picked":"Noxious Fumes","floor":31.0},{"not_picked":["Grand Finale","Night Terror"],"picked":"Storm of Steel","floor":33.0},{"not_picked":["Poisoned Stab+1","Caltrops","Dagger Throw+1"],"picked":"SKIP","floor":35.0},{"not_picked":["Outmaneuver+1","Bane"],"picked":"Cloak And Dagger+1","floor":39.0},{"not_picked":["Sucker Punch+1","Underhanded Strike","Concentrate"],"picked":"SKIP","floor":41.0},{"not_picked":["Expertise+1","Riddle With Holes+1","Dagger Spray"],"picked":"SKIP","floor":45},{"not_picked":["Flying Knee+1","Phantasmal Killer"],"picked":"Choke+1","floor":46},{"not_picked":["Dagger Spray+1","Sucker Punch+1","Backflip"],"picked":"SKIP","floor":47},{"not_picked":["Madness","Mind Blast"],"picked":"Master of Strategy","floor":48},{"not_picked":["Expertise","Backstab","Bane"],"picked":"SKIP","floor":54}],"player_experience":399715,"relics_obtained":[{"floor":6.0,"key":"Pocketwatch"},{"floor":9.0,"key":"Lizard Tail"},{"floor":10.0,"key":"Bronze Scales"},{"floor":13.0,"key":"Paper Crane"},{"floor":21.0,"key":"Sundial"},{"floor":24.0,"key":"Bag of Marbles"},{"floor":26.0,"key":"Bag of Preparation"},{"floor":31.0,"key":"Nunchaku"},{"floor":36.0,"key":"Shovel"},{"floor":40.0,"key":"Matryoshka"},{"floor":42.0,"key":"Gremlin Horn"},{"floor":43.0,"key":"Strawberry"},{"floor":44.0,"key":"Bottled Lightning"},{"floor":46,"key":"Centennial Puzzle"},{"floor":52,"key":"Mercury Hourglass"},{"floor":54,"key":"InkBottle"}],"event_choices":[{"damage_healed":0.0,"max_hp_gain":0.0,"max_hp_loss":0.0,"gold_gain":175.0,"event_name":"Liars Game","player_choice":"AGREE","floor":2.0,"gold_loss":0.0,"damage_taken":0.0,"cards_obtained":["Doubt"]},{"damage_healed":0.0,"max_hp_gain":0.0,"max_hp_loss":0.0,"gold_gain":0.0,"cards_transformed":["Strike_G"],"event_name":"Transmorgrifier","player_choice":"Transformed","floor":5.0,"gold_loss":0.0,"damage_taken":0.0,"cards_obtained":["Dash"]},{"damage_healed":0.0,"max_hp_gain":0.0,"max_hp_loss":0.0,"gold_gain":360.0,"event_name":"Knowing Skull","player_choice":"GOLD GOLD GOLD GOLD POTION ","floor":19.0,"potions_obtained":["Fruit Juice"],"gold_loss":0.0,"damage_taken":42.0,"cards_obtained":[]},{"damage_healed":0.0,"max_hp_gain":0.0,"max_hp_loss":0.0,"gold_gain":0.0,"event_name":"Back to Basics","player_choice":"Simplicity","floor":28.0,"gold_loss":0.0,"damage_taken":0.0,"cards_upgraded":["Strike_G","Strike_G","Strike_G","Defend_G","Defend_G","Defend_G","Defend_G","Defend_G"]},{"damage_healed":0.0,"max_hp_gain":0.0,"max_hp_loss":0.0,"gold_gain":0.0,"event_name":"Vampires","player_choice":"Ignored","floor":29.0,"gold_loss":0.0,"damage_taken":0.0},{"damage_healed":0.0,"max_hp_gain":0.0,"max_hp_loss":0.0,"gold_gain":0.0,"event_name":"Mysterious Sphere","player_choice":"Fight","floor":36.0,"gold_loss":0.0,"damage_taken":0.0},{"damage_healed":0.0,"max_hp_gain":0.0,"max_hp_loss":0.0,"gold_gain":0.0,"event_name":"Accursed Blacksmith","player_choice":"Forge","floor":38.0,"gold_loss":0.0,"damage_taken":0.0,"cards_upgraded":["Bouncing Flask"]},{"damage_healed":0,"gold_gain":0,"player_choice":"Memory 1","damage_taken":0,"max_hp_gain":0,"max_hp_loss":0,"event_name":"SensoryStone","floor":48,"gold_loss":0}],"is_beta":false,"boss_relics":[{"not_picked":["SlaversCollar","Calling Bell"],"picked":"WristBlade"},{"not_picked":["Coffee Dripper","SacredBark"],"picked":"Philosopher\u0027s Stone"}],"items_purged_floors":[3,12,37],"is_endless":false,"potions_floor_spawned":[10,13,14,20,24,30,39,45,46,47],"killed_by":"The Heart","ascension_level":10}}