{"host":"mytek2nu1hrzdnew","time":1608929341,"event":{"mods":["Aspiration","BaseMod","Conspire","GifTheSpireLib","Gold Saver","Hubris","Minty Spire (QoL Compilation)","Replay The Spire","StSLib","Stuff the Spire","Uncapped"],"gold_per_floor":[1011,1025,1045,162,175,207,207,107,107,57,84,97,129,129],"floor_reached":13,"playtime":817,"items_purged":["Wraith Form v2","conspire:PoisonWeapons"],"score":180,"play_id":"20e6cbd6-7c71-4b22-9630-728495a715d9","local_time":"20201225154901","daily_mods":["SealedDeck","Vintage","Heirloom","Time Dilation","Flight","Binary"],"is_ascension_mode":false,"campfire_choices":[{"data":"ReplayTheSpireMod:Scrap Shanks","floor":7,"key":"SMITH"}],"circlet_count":0,"master_deck":["Demon Form","Echo Form","DevaForm","Fluid Movement","hubris:SlightOfHand","ReplayTheSpireMod:Shiv Toss","Blade Dance","Blade Dance","Deflect","Noxious Fumes","ReplayTheSpireMod:Scrap Shanks+1","ReplayTheSpireMod:Brewmster"],"relics":["Unceasing Top","Busted Crown","hubris:BundleOfHerbs","hubris:Metronome","Centennial Puzzle","Durian","hubris:TenFootPole","Darkstone Periapt","ReplayTheSpireMod:ShopPack","StuffTheSpire:GrapeVine","Bag of Preparation","FossilizedHelix","Replay:Bottled Flurry","Snake Skull","conspire:BottledYoYo"],"acts_visited":["Exordium"],"potions_floor_usage":[5,5,6,11,11,11,11,11],"damage_taken":[{"damage":12,"enemies":"2 Louse","floor":1,"turns":2},{"damage":0,"enemies":"Jaw Worm","floor":2,"turns":1},{"damage":0,"enemies":"Cultist","floor":3,"turns":1},{"damage":6,"enemies":"Large Slime","floor":5,"turns":3},{"damage":8,"enemies":"Gremlin Nob","floor":6,"turns":3},{"damage":0,"enemies":"Lagavulin","floor":11,"turns":3},{"damage":6,"enemies":"2 Fungi Beasts","floor":12,"turns":2},{"damage":0,"enemies":"Gremlin Nob","floor":13,"turns":3}],"seed_played":"-8549812855621088260","potions_obtained":[{"floor":1,"key":"EssenceOfSteel"}],"is_trial":true,"path_per_floor":["M","M","M","$","M","E","R","$","T","?","E","M","E"],"character_chosen":"THE_SILENT","items_purchased":["Fruit Juice","ReplayTheSpireMod:Brewmster","hubris:TenFootPole","Darkstone Periapt","ReplayTheSpireMod:ShopPack"],"campfire_rested":0,"item_purchase_floors":[4,4,4,4,4],"current_hp_per_floor":[58,58,63,63,62,54,54,54,54,54,63,57,57,57],"gold":129,"neow_bonus":"","is_daily":false,"chose_seed":false,"campfire_upgraded":1,"win_rate":0.0,"timestamp":1608929341,"path_taken":["M","M","M","$","M","E","R","$","T","?","E","M","E"],"items_purchased_type":["Potion","Card","Relic","Relic","Relic"],"build_version":"2020-12-22","purchased_purges":2,"victory":false,"max_hp_per_floor":[70,70,75,75,80,80,80,80,80,80,80,80,80,80],"card_choices":[],"player_experience":951490,"relics_obtained":[{"floor":1,"key":"hubris:Metronome"},{"floor":2,"key":"Centennial Puzzle"},{"floor":3,"key":"Durian"},{"floor":5,"key":"StuffTheSpire:GrapeVine"},{"floor":6,"key":"Bag of Preparation"},{"floor":9,"key":"FossilizedHelix"},{"floor":11,"key":"Replay:Bottled Flurry"},{"floor":12,"key":"Snake Skull"},{"floor":13,"key":"conspire:BottledYoYo"}],"event_choices":[{"cards_removed":["Backflip"],"damage_healed":0,"gold_gain":0,"player_choice":"Card Removal","damage_taken":0,"max_hp_gain":0,"max_hp_loss":0,"event_name":"The Cleric","floor":10,"gold_loss":50}],"is_beta":false,"boss_relics":[],"items_purged_floors":[4,8],"is_endless":false,"potions_floor_spawned":[1,3,5],"killed_by":"Gremlin Nob","ascension_level":0}}