{"host":"zm2copjc1o2b6hjv","time":1608939718,"event":{"mods":["AchievementEnabler","BaseMod","BetterRewards","Conspire","Downfall","Friendly Minions","Infinite Spire","Minty Spire (QoL Compilation)","Replay The Spire","StSLib"],"gold_per_floor":[118,118,136,150,167,167,179,143,143,143,143,69,102,102,102,202,202,202,202],"floor_reached":18,"playtime":760,"items_purged":[],"score":184,"play_id":"3826d528-2fe3-40e1-a737-c536e654789f","local_time":"20201225184158","is_ascension_mode":true,"campfire_choices":[{"floor":6,"key":"REST"},{"data":"expansioncontent:YouAreMine","floor":11,"key":"SMITH"}],"circlet_count":0,"master_deck":["Strike_B","Strike_B","Strike_B","Strike_B","Defend_B","Defend_B","Defend_B","Defend_B","Zap","Dualcast","ReplayUltimateDefense","expansioncontent:YouAreMine+1","Panacea+1","Creative AI","ReplaySolidLightProjector","Recycle","Chill","Crystallizer","Backstab","Turbo","Echo Form"],"relics":["m_SlimeRing","ReplayTheSpireMod:ShopPack","Pantograph","Bottled Lightning","infinitespire:Cubic Diamond","Onion Ring","ReplayTheSpireMod:DimensionalGlitch"],"acts_visited":["Exordium","TheCity"],"potions_floor_usage":[7,16],"damage_taken":[{"damage":2,"enemies":"Cultist","floor":1,"turns":5},{"damage":8,"enemies":"Small Slimes","floor":3,"turns":4},{"damage":2,"enemies":"Jaw Worm","floor":4,"turns":3},{"damage":6,"enemies":"2 Fungi Beasts","floor":5,"turns":4},{"damage":9,"enemies":"Gremlin Gang","floor":7,"turns":3},{"damage":26,"enemies":"Lagavulin","floor":13,"turns":9},{"damage":35,"enemies":"Slime Boss","floor":16,"turns":9},{"damage":16,"enemies":"conspire:FuzzyDice","floor":18,"turns":1}],"seed_played":"-3675739698068088592","potions_obtained":[{"floor":5,"key":"Explosive Potion"},{"floor":7,"key":"FearPotion"},{"floor":16,"key":"FearPotion"}],"is_trial":false,"path_per_floor":["M","?","M","M","M","R","M","$","T","?","R","$","E","$","R","B",null,"M"],"character_chosen":"DEFECT","items_purchased":["ReplayTheSpireMod:ShopPack","Crystallizer","Backstab"],"campfire_rested":1,"item_purchase_floors":[0,8,12],"current_hp_per_floor":[73,73,65,63,57,75,66,66,66,66,66,66,40,40,62,40,75,59,59],"gold":202,"neow_bonus":"","is_daily":false,"chose_seed":false,"campfire_upgraded":1,"win_rate":0.0,"timestamp":1608939718,"path_taken":["M","?","M","M","?","R","M","?","T","?","R","$","E","?","R","BOSS","M"],"items_purchased_type":["Relic","Card","Card"],"build_version":"2020-12-22","purchased_purges":0,"victory":false,"max_hp_per_floor":[75,75,75,75,75,75,75,75,75,75,75,75,75,75,75,75,75,75,75],"card_choices":[{"not_picked":["expansioncontent:StudyTheSpire","Panache"],"picked":"ReplayUltimateDefense","floor":0},{"not_picked":["Deep Breath","Survey Options"],"picked":"expansioncontent:YouAreMine","floor":0},{"not_picked":["Replay:SS_fish_1","Finesse"],"picked":"Panacea","floor":0},{"not_picked":["Compile Driver","Hologram"],"picked":"Turbo","floor":1},{"not_picked":["FIFO Queue","Turbo"],"picked":"Creative AI","floor":3},{"not_picked":["conspire:Rain","Stack"],"picked":"ReplaySolidLightProjector","floor":4},{"not_picked":["Beam Cell","Rebound"],"picked":"Recycle","floor":5},{"not_picked":["Capacitor","Redo"],"picked":"Chill","floor":7},{"not_picked":["conspire:Rain","Hologram"],"picked":"Turbo","floor":13},{"not_picked":["Thunder Strike","ReplayTheSpireMod:Fabricate Wheel"],"picked":"Echo Form","floor":16}],"player_experience":182367,"relics_obtained":[{"floor":9,"key":"Bottled Lightning"},{"floor":13,"key":"Onion Ring"}],"event_choices":[{"cards_removed":["Turbo"],"damage_healed":0,"gold_gain":0,"player_choice":"Gave Card","damage_taken":0,"relics_obtained":["Pantograph"],"max_hp_gain":0,"max_hp_loss":0,"event_name":"WeMeetAgain","floor":2,"gold_loss":0}],"is_beta":false,"boss_relics":[{"not_picked":["Ring of Chaos","Fusion Hammer"],"picked":"ReplayTheSpireMod:DimensionalGlitch"}],"items_purged_floors":[],"is_endless":false,"potions_floor_spawned":[5,7,16],"killed_by":"conspire:FuzzyDice","ascension_level":3}}