{"host":"hqvh779b89tfrjxy","time":1608906422,"event":{"mods":["Act Like it!","BaseMod","Better Third Choice","Downfall","Elementarium","Filter the Spire","GifTheSpireLib","Minty Spire (QoL Compilation)","Replay The Spire","Spicy Shops","StSLib"],"gold_per_floor":[110,123,142,158,158,193,207,207,207,207,225,251,262,294,294,391,391,402,402,402,420,420,420,455,455,455,481,481,501,501,501,501,602,602,612,667,667,397,407,407,437,452,452,176,176,176,205,217,217,217,217,217,42,72,72],"floor_reached":56,"playtime":4970,"items_purged":["Pain","Strike_R"],"score":1644,"play_id":"0a7f4d47-b155-46d7-bbf0-add472f03ffc","local_time":"20201225152702","is_ascension_mode":true,"campfire_choices":[{"data":"ReplayTheSpireMod:Limb From Limb","floor":8,"key":"SMITH"},{"data":"Perfected Strike","floor":15,"key":"SMITH"},{"data":"Eclipse","floor":23,"key":"SMITH"},{"data":"Elementarium:EarthblessedBlade","floor":25,"key":"SMITH"},{"data":"Clothesline","floor":28,"key":"SMITH"},{"data":"Sever Soul","floor":30,"key":"SMITH"},{"floor":32,"key":"DIG"},{"data":"Bash","floor":40,"key":"SMITH"},{"floor":49,"key":"RECALL"},{"data":"Perfected Strike","floor":52,"key":"SMITH"}],"circlet_count":0,"master_deck":["Strike_R","Strike_R","Strike_R","Defend_R","Defend_R+1","Defend_R+1","Defend_R","Bash+1","Perfected Strike","ReplayTheSpireMod:Limb From Limb+1","Clothesline+1","Sever Soul+1","Perfected Strike+1","Eclipse+1","Perfected Strike+1","Elementarium:EarthblessedBlade+1","Barricade","Carnage","Perfected Strike","Uppercut+1","Immolate"],"relics":["Snecko Eye","Calipers","Replay:Kaleidoscope","Toy Ornithopter","Happy Flower","Blood Vial","Runic Pyramid","Elementarium:GolemsHeart","ReplayTheSpireMod:Spearhead","Paper Frog","Boot","Elementarium:ElementariumTrophy","Snecko Heart","Torii","Membership Card","TungstenRod","Omamori","War Paint","The Courier","Gremlin Food","Toxic Egg 2","Red Skull","ReplayTheSpireMod:Lightbulb","Mummified Hand","Another Sword"],"acts_visited":["Exordium","Elementarium:Elementarium","TheBeyond","TheEnding"],"potions_floor_usage":[6,6,14,33,41,55,55],"damage_taken":[{"damage":0,"enemies":"Cultist","floor":1,"turns":4},{"damage":3,"enemies":"2 Louse","floor":2,"turns":4},{"damage":7,"enemies":"Jaw Worm","floor":3,"turns":2},{"damage":3,"enemies":"Blue Slaver","floor":4,"turns":2},{"damage":23,"enemies":"3 Sentries","floor":6,"turns":8},{"damage":0,"enemies":"Looter","floor":7,"turns":2},{"damage":0,"enemies":"Large Slime","floor":11,"turns":1},{"damage":3,"enemies":"Replay:BlueRogue","floor":12,"turns":3},{"damage":1,"enemies":"Exordium Thugs","floor":13,"turns":2},{"damage":0,"enemies":"Lagavulin","floor":14,"turns":2},{"damage":0,"enemies":"Slime Boss","floor":16,"turns":3},{"damage":0,"enemies":"Elementarium:Cyclone","floor":18,"turns":2},{"damage":1,"enemies":"Elementarium:VoidCorruption","floor":21,"turns":2},{"damage":16,"enemies":"Elementarium:ElementalPortal","floor":24,"turns":5},{"damage":0,"enemies":"Elementarium:WarGolem","floor":27,"turns":1},{"damage":3,"enemies":"Elementarium:CYCLONE_AND_LIVING_STORMCLOUD","floor":29,"turns":2},{"damage":31,"enemies":"Elementarium:GoldenDragon","floor":33,"turns":7},{"damage":1,"enemies":"3 Darklings","floor":35,"turns":2},{"damage":6,"enemies":"2 Orb Walkers","floor":36,"turns":2},{"damage":0,"enemies":"Orb Walker","floor":39,"turns":2},{"damage":17,"enemies":"R_Hoarder","floor":41,"turns":3},{"damage":0,"enemies":"Sphere and 2 Shapes","floor":42,"turns":4},{"damage":0,"enemies":"Nemesis","floor":47,"turns":3},{"damage":3,"enemies":"4 Shapes","floor":48,"turns":3},{"damage":57,"enemies":"Awakened One","floor":50,"turns":5},{"damage":5,"enemies":"Shield and Spear","floor":54,"turns":3},{"damage":33,"enemies":"The Heart","floor":55,"turns":5}],"seed_played":"-6896611237140579900","potions_obtained":[{"floor":1,"key":"LifebloodPotion"},{"floor":2,"key":"DistilledChaos"},{"floor":4,"key":"Dexterity Potion"},{"floor":7,"key":"HeartOfIron"},{"floor":18,"key":"champ:CounterPotion"},{"floor":24,"key":"Dexterity Potion"},{"floor":27,"key":"ColorlessPotion"},{"floor":36,"key":"LifebloodPotion"},{"floor":42,"key":"PowerPotion"}],"is_trial":false,"path_per_floor":["M","M","M","M","T","E","M","R","T","?","M","E","M","E","R","B",null,"M","?","?","M","?","R","E","R","T","E","R","M","R","?","R","B",null,"M","?","?","$","M","R","E","M","T","$","?","?","E","M","R","B",null,"R","$","E","B",null],"character_chosen":"IRONCLAD","items_purchased":["Membership Card","TungstenRod","Omamori","Gremlin Food","Toxic Egg 2","Red Skull","ReplayTheSpireMod:Lightbulb","Mummified Hand"],"campfire_rested":0,"item_purchase_floors":[38,38,38,44,44,44,53,53],"current_hp_per_floor":[80,77,70,67,67,44,44,44,44,44,44,41,40,45,45,47,72,74,74,74,75,60,60,46,46,46,48,48,47,47,47,47,23,70,71,67,67,67,69,69,59,61,61,61,61,61,63,62,62,7,63,63,63,60,39],"gold":72,"neow_bonus":"BOSS_RELIC","is_daily":false,"chose_seed":false,"campfire_upgraded":8,"win_rate":0.0,"timestamp":1608906422,"path_taken":["M","M","M","M","?","E","M","R","T","?","?","E","M","E","R","BOSS","M","?","?","M","?","R","E","R","T","E","R","M","R","?","R","BOSS","M","?","?","$","M","R","E","M","T","$","?","?","E","M","R","BOSS","R","$","E","BOSS"],"items_purchased_type":["Relic","Relic","Relic","Relic","Relic","Relic","Relic","Relic"],"build_version":"2020-12-22","purchased_purges":2,"victory":true,"max_hp_per_floor":[80,80,80,80,80,80,80,80,80,80,80,80,80,80,80,80,80,80,80,80,80,85,85,85,85,85,85,85,85,85,85,85,85,85,85,85,85,85,85,85,85,85,85,85,81,81,81,81,81,81,81,81,81,81,81],"card_choices":[{"not_picked":["Defy Death","Twin Strike","Headbutt"],"picked":"SKIP","floor":1},{"not_picked":["Clothesline","Twin Strike"],"picked":"Perfected Strike","floor":2},{"not_picked":["Armaments","Thunderclap","Seeing Red"],"picked":"SKIP","floor":3},{"not_picked":["Replay:Undeath\u0027s Touch","Intimidate","Thunderclap"],"picked":"SKIP","floor":4},{"not_picked":["Brutality","Second Wind"],"picked":"ReplayTheSpireMod:Limb From Limb","floor":6},{"not_picked":["Feel No Pain","Armaments","Iron Wave"],"picked":"SKIP","floor":7},{"not_picked":["Thunderclap","Hemokinesis"],"picked":"Clothesline","floor":11},{"not_picked":["True Grit","Clash"],"picked":"Sever Soul","floor":12},{"not_picked":["True Grit","Headbutt","Wild Strike"],"picked":"SKIP","floor":13},{"not_picked":["Wild Strike","Clothesline"],"picked":"Perfected Strike","floor":14},{"not_picked":["Hemogenesis","Brutality"],"picked":"Eclipse","floor":16},{"not_picked":["Seeing Red","Cleave"],"picked":"Perfected Strike","floor":18},{"not_picked":["ReplayTheSpireMod:Strike From Hell","Hemokinesis","Iron Wave"],"picked":"SKIP","floor":21},{"not_picked":["Replay:Undeath\u0027s Touch","Ghostly Armor+1","Demonic Infusion"],"picked":"SKIP","floor":24},{"not_picked":["Cleave+1","Sentinel","Searing Blow"],"picked":"SKIP","floor":27},{"not_picked":["Flex","Sword Boomerang","ReplayTheSpireMod:Strike From Hell"],"picked":"SKIP","floor":29},{"not_picked":["Brutality","Fiend Fire"],"picked":"Barricade","floor":33},{"not_picked":["Armaments+1","Heavy Blade"],"picked":"Carnage","floor":35},{"not_picked":["Fire Breathing","Havoc"],"picked":"Perfected Strike","floor":36},{"not_picked":["Replay:Undeath\u0027s Touch+1","True Grit+1"],"picked":"Uppercut+1","floor":39},{"not_picked":["Anger","Body Slam","Searing Blow"],"picked":"SKIP","floor":41},{"not_picked":["Fire Breathing","Anger"],"picked":"Immolate","floor":42},{"not_picked":["Feel No Pain+1","Heavy Blade+1","Thunderclap+1"],"picked":"SKIP","floor":47},{"not_picked":["Flex+1","Twin Strike+1","Bloodletting+1"],"picked":"SKIP","floor":48},{"not_picked":["Clash","Carnage+1","Fire Breathing+1"],"picked":"SKIP","floor":54}],"player_experience":173815,"relics_obtained":[{"floor":5,"key":"Calipers"},{"floor":6,"key":"Replay:Kaleidoscope"},{"floor":9,"key":"Toy Ornithopter"},{"floor":12,"key":"Happy Flower"},{"floor":14,"key":"Blood Vial"},{"floor":24,"key":"ReplayTheSpireMod:Spearhead"},{"floor":27,"key":"Paper Frog"},{"floor":32,"key":"Boot"},{"floor":36,"key":"Torii"},{"floor":41,"key":"War Paint"},{"floor":43,"key":"The Courier"},{"floor":54,"key":"Another Sword"}],"event_choices":[{"damage_healed":0,"gold_gain":0,"player_choice":"0 cards matched","damage_taken":0,"max_hp_gain":0,"max_hp_loss":0,"event_name":"Match and Keep!","floor":10,"gold_loss":0,"cards_obtained":[]},{"damage_healed":0,"gold_gain":0,"player_choice":"Chest","damage_taken":0,"relics_obtained":["Elementarium:GolemsHeart"],"max_hp_gain":0,"max_hp_loss":0,"event_name":"Elementarium:AbandonedFactory","floor":19,"gold_loss":0,"cards_obtained":["Pain"]},{"damage_healed":0,"gold_gain":0,"player_choice":"Take","damage_taken":0,"max_hp_gain":0,"max_hp_loss":0,"event_name":"Elementarium:BladeSeller","floor":20,"gold_loss":0,"cards_obtained":["Elementarium:EarthblessedBlade"]},{"damage_healed":0,"gold_gain":0,"player_choice":"Sacrifice","damage_taken":20,"max_hp_gain":5,"max_hp_loss":0,"event_name":"Elementarium:RadiantAltar","floor":22,"gold_loss":0},{"damage_healed":0,"gold_gain":0,"player_choice":"Fight","damage_taken":0,"max_hp_gain":0,"max_hp_loss":0,"event_name":"Mysterious Sphere","floor":36,"gold_loss":0},{"cards_removed":["Strike_R"],"damage_healed":0,"gold_gain":0,"player_choice":"Removed Attack","damage_taken":0,"max_hp_gain":0,"max_hp_loss":0,"event_name":"Falling","floor":37,"gold_loss":0},{"damage_healed":0,"gold_gain":0,"player_choice":"Max HP","damage_taken":0,"max_hp_gain":0,"max_hp_loss":4,"event_name":"Winding Halls","floor":45,"gold_loss":0}],"is_beta":false,"boss_relics":[{"not_picked":["Ooze Armor","Busted Crown"],"picked":"Runic Pyramid"},{"not_picked":["Philosopher\u0027s Stone","Fusion Hammer"],"picked":"Snecko Heart"}],"items_purged_floors":[38,44],"is_endless":false,"potions_floor_spawned":[1,2,4,7,18,24,27,36,42,47,48,54],"ascension_level":5}}