{"host":"p5axfb00mxhraew6","time":1608880556,"event":{"mods":["Abigail Mod","Act Like it!","BaseMod","CapriCore","Friendly Minions","GifTheSpireLib","Jedi Mod","KomeijiMod","MarisaÅiñ∂âJÅ@ñÇóùçπÅj","Minty Spire (QoL Compilation)","Prisma Mod","ReimuÅiîé??öÎÅj","RemiliaÅiÂQïƒ‰ª?Åj","SOSÅiézîb?îVéqÅj","StSLib","Td1madao Mod","The Alterego","The Animator","The Immortal","The Marked","The Problem Sleuth","TheSwordswoman","TheWitcher","YoumuÅiç∞ÈÆódöÎÅj","Åy?ï˚ìÒéü?çÏÅzî™â]éámod"],"gold_per_floor":[134,17,17,17,30,30,62,62,62,92,92,107,32,32,32,109,109,119,119,119,129,143,175,194,221,233,271,283,295,317,148,148,222,222,239,264,279,279,279,306,18,35,35,67,67,92,105,133,133,133,133,133,8,37,37],"floor_reached":56,"playtime":2247,"items_purged":["AT_purpleEX","AT_purpleEX","Doubt"],"score":2803,"play_id":"d1e9bf57-743b-4d50-860d-adc552d778ca","local_time":"20201225161556","is_ascension_mode":true,"campfire_choices":[{"data":"CommonSense_AntiCommonSense_purple","floor":6,"key":"SMITH"},{"data":"Nest_LightFlightworm_purple","floor":8,"key":"SMITH"},{"data":"Nest_LightFlightworm_purple","floor":15,"key":"SMITH"},{"data":"Mirror_WaveAndshot_purple","floor":29,"key":"SMITH"},{"floor":32,"key":"RECALL"},{"data":"Shallow_ocean_purpleEX","floor":49,"key":"SMITH"},{"data":"WangLiang_OokamiKakushi_purple","floor":52,"key":"SMITH"}],"circlet_count":0,"master_deck":["AT_purpleEX","AT_purpleEX","Defend_purpleEX","Defend_purpleEX","Defend_purpleEX","Defend_purpleEX","Observe_purple_1","Observe_purple_2+1","Nest_LightFlightworm_purple+1","CommonSense_AntiCommonSense_purple+1","MeetDecomposer_purple","Shallow_ocean_purpleEX+1","Nest_LightFlightworm_purple+1","Nest_LightFlightworm_purple+1","StateErode_purple","WangLiang_OokamiKakushi_purple+1","OmniscientAndOmnipotent_Monster_purple","VanishingEverything+1","Umbrella_purple+1","Mirror_WaveAndshot_purple+1","MNeedle_purple+1","Boundary_LifeAndDeath_purple","Bait_Toxicbait_purple+1","DarkRealmRedLine_purple","WangLiang_OokamiKakushi_purple","Erosivefilter_purple+1","Umbrella_purple+1","MonsterNeedle_purple+1","StateDuplicate_purple+1","Charmbait_purple","Human_Monster_Realm_purple+1"],"relics":["Boundary_crack","Memoryfragments_purpleEX","RuthlessExorcism:ReiMu","CrazyTorch:ReiMu","Ornamental Fan","Pear","jedi:bottledfury","jedi:paperlyon","Bag of Marbles","MawBank","Toxic Egg 2","Potion Belt","MutagenicStrength","Cursed Key","KyoryuNoHagoromo","Toy Ornithopter","jedi:heavyjacket","ScarletDevilRocket","Darkstone Periapt","Regal Pillow","Blue Candle"],"acts_visited":["Exordium","TheCity","TheBeyond","TheEnding"],"potions_floor_usage":[7,37,42,42,42],"damage_taken":[{"damage":2,"enemies":"2 Louse","floor":1,"turns":3},{"damage":0,"enemies":"Small Slimes","floor":5,"turns":2},{"damage":28,"enemies":"Lagavulin","floor":7,"turns":7},{"damage":8,"enemies":"3 Sentries","floor":10,"turns":5},{"damage":0,"enemies":"Jaw Worm","floor":12,"turns":2},{"damage":0,"enemies":"Slime Boss","floor":16,"turns":7},{"damage":0,"enemies":"Shell Parasite","floor":18,"turns":3},{"damage":0,"enemies":"Spheric Guardian","floor":21,"turns":1},{"damage":8,"enemies":"Snake Plant","floor":22,"turns":2},{"damage":0,"enemies":"Slavers","floor":23,"turns":3},{"damage":0,"enemies":"Centurion and Healer","floor":24,"turns":1},{"damage":20,"enemies":"Gremlin Leader","floor":25,"turns":2},{"damage":0,"enemies":"Slavers","floor":27,"turns":4},{"damage":0,"enemies":"Cultist and Chosen","floor":30,"turns":4},{"damage":0,"enemies":"Champ","floor":33,"turns":6},{"damage":0,"enemies":"Orb Walker","floor":35,"turns":2},{"damage":0,"enemies":"Mind Bloom Boss Battle","floor":36,"turns":3},{"damage":7,"enemies":"3 Shapes","floor":37,"turns":2},{"damage":0,"enemies":"Nemesis","floor":40,"turns":3},{"damage":8,"enemies":"Writhing Mass","floor":42,"turns":3},{"damage":1,"enemies":"Reptomancer","floor":44,"turns":4},{"damage":0,"enemies":"Nemesis","floor":46,"turns":3},{"damage":0,"enemies":"Spire Growth","floor":47,"turns":3},{"damage":0,"enemies":"Giant Head","floor":48,"turns":5},{"damage":6,"enemies":"Time Eater","floor":50,"turns":7},{"damage":9,"enemies":"Shield and Spear","floor":54,"turns":5},{"damage":6,"enemies":"The Heart","floor":55,"turns":7}],"seed_played":"-5220200515857945061","potions_obtained":[{"floor":1,"key":"Weak Potion"},{"floor":10,"key":"Weak Potion"},{"floor":12,"key":"Block Potion"},{"floor":27,"key":"SpeedPotion"},{"floor":30,"key":"FearPotion"},{"floor":35,"key":"GamblersBrew"},{"floor":37,"key":"Fruit Juice"},{"floor":46,"key":"Energy Potion"}],"is_trial":false,"path_per_floor":["M","$","?","?","M","R","E","R","T","E","T","M","$","?","R","B",null,"M","?","?","M","M","E","M","E","T","E","?","R","M","$","R","B",null,"M","?","M","?","T","E","$","M","T","E","T","E","M","E","R","B",null,"R","$","E","B",null],"character_chosen":"Youkari","items_purchased":["CommonSense_AntiCommonSense_purple","MeetDecomposer_purple","DarkRealmRedLine_purple","jedi:heavyjacket"],"campfire_rested":0,"item_purchase_floors":[2,2,31,41],"current_hp_per_floor":[59,59,48,48,48,48,25,25,25,32,32,34,34,39,39,44,71,71,71,71,71,65,67,67,47,47,52,52,52,56,56,56,62,76,76,79,77,77,77,77,77,77,77,85,85,85,85,85,85,84,85,85,85,85,85],"gold":37,"neow_bonus":"UPGRADE_CARD","is_daily":false,"chose_seed":false,"campfire_upgraded":6,"win_rate":0.0,"timestamp":1608880556,"path_taken":["M","$","?","?","M","R","E","R","T","E","?","M","$","?","R","BOSS","M","?","?","M","M","E","M","E","T","E","?","R","M","$","R","BOSS","M","?","M","?","?","E","$","?","T","E","?","E","M","E","R","BOSS","R","$","E","BOSS"],"items_purchased_type":["Card","Card","Card","Relic"],"build_version":"2020-12-22","purchased_purges":3,"victory":true,"max_hp_per_floor":[65,65,65,65,65,65,65,65,65,75,75,75,75,80,80,80,80,80,80,80,80,80,80,80,80,80,80,80,80,80,80,80,80,80,80,80,85,85,85,85,85,85,85,85,85,85,85,85,85,85,85,85,85,85,85],"card_choices":[{"not_picked":["WingOfChimera_purple","Charmbait_purple"],"picked":"Nest_LightFlightworm_purple","floor":1},{"not_picked":["Mirror_FormAndEmptin_purple","StateErode_purple"],"picked":"Shallow_ocean_purpleEX","floor":5},{"not_picked":["Boundary_of_Extermination_purpleEX","DarkRealmRedLine_purple"],"picked":"Nest_LightFlightworm_purple","floor":7},{"not_picked":["StateErode_purple","WingOfChimera_purple"],"picked":"Nest_LightFlightworm_purple","floor":10},{"not_picked":["ButterflyHabitatTemple_purple","Umbrella_purple"],"picked":"StateErode_purple","floor":12},{"not_picked":["Monsters_DoubleDeathButterfly_purple","WasteWire_Metro_purple"],"picked":"WangLiang_OokamiKakushi_purple","floor":16},{"not_picked":["Worldmountain_purple","Shallow_ocean_purpleEX"],"picked":"OmniscientAndOmnipotent_Monster_purple","floor":18},{"not_picked":["Mirror_FormAndEmptin_purple","WatchEyeChange_purple"],"picked":"Umbrella_purple+1","floor":21},{"not_picked":["Charmbait_purple","OmniscientAndOmnipotent_Monster_purple"],"picked":"Mirror_WaveAndshot_purple","floor":22},{"not_picked":["AdvanceAttack_purple","Worldmountain_purple"],"picked":"MNeedle_purple+1","floor":23},{"not_picked":["RealityDreamConfluencek_purple","StateErode_purple"],"picked":"Boundary_LifeAndDeath_purple","floor":24},{"not_picked":["ExternalForce_HighSpeedFlying_purple","Boundary_LightAndDark_purple","Realm_recovery_purpleEX"],"picked":"SKIP","floor":25},{"not_picked":["Mirror_FourBoundary_purple","SfantasyHide_purple+1","ExistenceContinue_purple"],"picked":"SKIP","floor":27},{"not_picked":["StateErode_purple","CommonSense_AntiCommonSense_purple"],"picked":"Bait_Toxicbait_purple+1","floor":30},{"not_picked":["UniverseChoice_purple","WangLiang_LineAndCurveDreams_purple"],"picked":"WangLiang_OokamiKakushi_purple","floor":33},{"not_picked":["AdvanceAttack_purple","ExternalForce_HighSpeedFlying_purple","RealityDreamConfluencek_purple+1"],"picked":"SKIP","floor":35},{"not_picked":["Worldmountain_purple","SfantasyHide_purple+1"],"picked":"Erosivefilter_purple+1","floor":36},{"not_picked":["SfantasyHide_purple+1","RealityDreamConfluencek_purple+1","Umbrella_purple"],"picked":"SKIP","floor":37},{"not_picked":["BarrageBoundary_PipeDream_purple","Worldmountain_purple+1"],"picked":"Umbrella_purple+1","floor":40},{"not_picked":["Worldmountain_purple","StateErode_purple","Yakumo_Ran_purple+1"],"picked":"SKIP","floor":42},{"not_picked":["FragmentationRealm_purple","AdvanceAttack_purple+1"],"picked":"MonsterNeedle_purple+1","floor":44},{"not_picked":["SfantasyHide_purple+1","ExistenceContinue_purple"],"picked":"StateDuplicate_purple+1","floor":46},{"not_picked":["SharpContractionReality_purple","Worldmountain_purple","EighthInstrument_OneDividesIntoTwo_purple+1"],"picked":"SKIP","floor":47},{"not_picked":["PurpleNeedle_purple","Boundary_LifeAndDeath_purple+1"],"picked":"Charmbait_purple","floor":48},{"not_picked":["Line_surface_state_purple+1","MeetDecomposer_purple+1"],"picked":"Human_Monster_Realm_purple+1","floor":54}],"player_experience":1268276,"relics_obtained":[{"floor":7,"key":"CrazyTorch:ReiMu"},{"floor":9,"key":"Ornamental Fan"},{"floor":10,"key":"Pear"},{"floor":11,"key":"jedi:bottledfury"},{"floor":23,"key":"Bag of Marbles"},{"floor":25,"key":"MawBank"},{"floor":26,"key":"Toxic Egg 2"},{"floor":27,"key":"Potion Belt"},{"floor":36,"key":"KyoryuNoHagoromo"},{"floor":40,"key":"Toy Ornithopter"},{"floor":44,"key":"ScarletDevilRocket"},{"floor":46,"key":"Darkstone Periapt"},{"floor":48,"key":"Regal Pillow"},{"floor":54,"key":"Blue Candle"}],"event_choices":[{"damage_healed":0,"gold_gain":0,"player_choice":"Success","damage_taken":11,"relics_obtained":["RuthlessExorcism:ReiMu"],"max_hp_gain":0,"max_hp_loss":0,"event_name":"Scrap Ooze","floor":3,"gold_loss":0},{"damage_healed":0,"gold_gain":0,"player_choice":"Grow","damage_taken":0,"max_hp_gain":0,"max_hp_loss":0,"event_name":"Living Wall","floor":4,"gold_loss":0,"cards_upgraded":["Nest_LightFlightworm_purple"]},{"damage_healed":0,"gold_gain":0,"player_choice":"Inject Mutagens","damage_taken":0,"relics_obtained":["MutagenicStrength"],"max_hp_gain":0,"max_hp_loss":0,"event_name":"Drug Dealer","floor":28,"gold_loss":0},{"damage_healed":0,"gold_gain":0,"player_choice":"Fight","damage_taken":0,"max_hp_gain":0,"max_hp_loss":0,"event_name":"MindBloom","floor":36,"gold_loss":0}],"is_beta":false,"boss_relics":[{"not_picked":["Astrolabe","RedLine:ReiMu"],"picked":"jedi:paperlyon"},{"not_picked":["Velvet Choker","SacredBark"],"picked":"Cursed Key"}],"items_purged_floors":[13,31,53],"is_endless":false,"potions_floor_spawned":[1,10,12,18,23,27,30,35,37,46],"ascension_level":18}}