{"host":"lreod2rejfd0az5i","time":1608933455,"event":{"mods":["AchievementEnabler","Aspiration","BaseMod","Colored Powertips","Conspire","Downfall","Highlight Path","Hubris","Infinite Spire","Mad Scientist","Minty Spire (QoL Compilation)","Rare Cards Sparkle","Relic Stats","Replay The Spire","StSLib","The Bug Knight","The Jungle"],"gold_per_floor":[118,118,132,185,185,185,210,210,210,210,242,242,242,257,332,359,359,434,434,448,425,3,16,16,16,16,80,80,150,250,250,250],"floor_reached":31,"playtime":861,"items_purged":["Strike_B"],"score":538,"play_id":"f9582ed3-b80a-4e19-8817-da3eae9f6c99","local_time":"20201225145735","is_ascension_mode":true,"campfire_choices":[{"data":"sneckomod:SnekBite","floor":6,"key":"SMITH"},{"data":"Zap","floor":8,"key":"SMITH"},{"data":"Gash","floor":10,"key":"SMITH"},{"floor":17,"key":"REST"},{"floor":25,"key":"REST"}],"circlet_count":0,"master_deck":["AscendersBane","Strike_B","Strike_B","Defend_B","Defend_B","Defend_B","Defend_B","Zap+1","Dualcast","sneckomod:SnekBite+1","Replay:GuardianBash+1","Gash+1","Ball Lightning","Glacier","Loop","Gash","Gash"],"relics":["Cracked Core","CaptainsWheel","Anchor","hubris:Spice","Smiling Mask","Replay:PocketPolymizer","SsserpentHead","Omamori"],"acts_visited":["Exordium","TheCity"],"potions_floor_usage":[7,11,31,31],"damage_taken":[{"damage":3,"enemies":"Small Slimes","floor":1,"turns":3},{"damage":0,"enemies":"Cultist","floor":3,"turns":2},{"damage":0,"enemies":"Gremlin Nob","floor":7,"turns":2},{"damage":20,"enemies":"3 Sentries","floor":11,"turns":7},{"damage":0,"enemies":"Jaw Worm","floor":14,"turns":2},{"damage":7,"enemies":"HollowMod:MossKnight","floor":16,"turns":8},{"damage":36,"enemies":"The Guardian","floor":18,"turns":10},{"damage":27,"enemies":"3 Byrds","floor":20,"turns":5},{"damage":13,"enemies":"2 Thieves","floor":21,"turns":4},{"damage":0,"enemies":"Cultist and Chosen","floor":23,"turns":5},{"damage":12,"enemies":"3 Cultists","floor":27,"turns":4},{"damage":7,"enemies":"Centurion and Healer","floor":29,"turns":5},{"damage":9,"enemies":"conspire:Head Lice","floor":31,"turns":2}],"seed_played":"-5943214470609952178","potions_obtained":[{"floor":1,"key":"AttackPotion"},{"floor":3,"key":"BlessingOfTheForge"},{"floor":18,"key":"Milkshake"},{"floor":20,"key":"sneckomod:MuddlingPotion"},{"floor":29,"key":"BlessingOfTheForge"}],"is_trial":false,"path_per_floor":["M","?","M","T","?","R","E","R","T","R","E","PTL","PTL","M","?","E","R","B",null,"M","M","$","M","?","R","?","M","T","M","?","E"],"character_chosen":"DEFECT","items_purchased":["Gash","hubris:Spice"],"campfire_rested":2,"item_purchase_floors":[22,22],"current_hp_per_floor":[61,61,61,61,69,69,69,69,69,69,57,57,57,57,46,39,62,26,54,27,14,14,14,14,28,28,16,16,9,9,0,0],"gold":250,"neow_bonus":"ONE_RARE_RELIC","is_daily":false,"chose_seed":false,"campfire_upgraded":3,"win_rate":0.0,"timestamp":1608933455,"path_taken":["M","?","?","?","?","R","E","R","T","R","E","PTL","PTL","M","?","E","R","BOSS","M","M","$","M","?","R","?","?","T","?","?","E"],"items_purchased_type":["Card","Relic"],"build_version":"2020-12-22","purchased_purges":1,"victory":false,"max_hp_per_floor":[71,71,71,71,79,79,79,79,79,79,87,87,87,87,87,79,79,71,63,63,55,47,47,47,47,47,47,47,47,47,47,47],"relic_stats":{"SsserpentHead":150,"counters":[13,59],"Smiling Mask":25,"obtain_stats":[{"SsserpentHead":26,"CaptainsWheel":0,"Anchor":4,"Replay:PocketPolymizer":9,"hubris:Spice":5,"Omamori":28,"Cracked Core":0,"Smiling Mask":7},{"SsserpentHead":10,"CaptainsWheel":0,"Anchor":2,"Replay:PocketPolymizer":3,"hubris:Spice":2,"Omamori":11,"Cracked Core":0,"Smiling Mask":3},{"SsserpentHead":48,"CaptainsWheel":0,"Anchor":5,"Replay:PocketPolymizer":7,"hubris:Spice":5,"Omamori":52,"Cracked Core":0,"Smiling Mask":7}]},"card_choices":[{"not_picked":["Rebound","ReplayTheSpireMod:System Scan","Skim"],"picked":"SKIP","floor":1},{"not_picked":["BasicCrystalCard","Panic Button","ReplayTheSpireMod:Repulse"],"picked":"SKIP","floor":3},{"not_picked":["Skim","Steam","Sweeping Beam"],"picked":"SKIP","floor":7},{"not_picked":["Lockon","Compile Driver"],"picked":"Ball Lightning","floor":11},{"not_picked":["Cold Snap","Hologram"],"picked":"Glacier","floor":14},{"not_picked":["ReplayTheSpireMod:Dual Polarity","Static Discharge","Genetic Algorithm"],"picked":"SKIP","floor":16},{"not_picked":["Creative AI","hubris:Prefetch"],"picked":"hubris:SpiceAddiction","floor":18},{"not_picked":["Ball Lightning","Time Bomb+1"],"picked":"Loop","floor":20},{"not_picked":["hubris:SpiceAddiction","hubris:Ukulele"],"picked":"hubris:SpiceAddiction","floor":21},{"not_picked":["Go for the Eyes","Redo","ReplayTheSpireMod:System Scan"],"picked":"SKIP","floor":23},{"not_picked":["Steam","hubris:SpiceAddiction"],"picked":"Gash","floor":27},{"not_picked":["White Noise","conspire:SharedLibrary"],"picked":"hubris:SpiceAddiction","floor":29}],"player_experience":870369,"relics_obtained":[{"floor":4,"key":"Anchor"},{"floor":5,"key":"hubris:Spice"},{"floor":7,"key":"Smiling Mask"},{"floor":9,"key":"Replay:PocketPolymizer"},{"floor":11,"key":"hubris:Spice"},{"floor":16,"key":"hubris:Spice"},{"floor":28,"key":"Omamori"}],"event_choices":[{"damage_healed":0,"gold_gain":0,"player_choice":"Upgraded","damage_taken":0,"max_hp_gain":0,"max_hp_loss":0,"event_name":"Upgrade Shrine","floor":2,"gold_loss":0,"cards_upgraded":["Replay:GuardianBash"]},{"damage_healed":0,"gold_gain":75,"player_choice":"Gather Gold","damage_taken":11,"max_hp_gain":0,"max_hp_loss":0,"event_name":"World of Goop","floor":15,"gold_loss":0},{"damage_healed":0,"gold_gain":0,"player_choice":"Ignored","damage_taken":0,"max_hp_gain":0,"max_hp_loss":0,"event_name":"Vampires","floor":24,"gold_loss":0},{"damage_healed":0,"gold_gain":0,"player_choice":"Trade","damage_taken":0,"relics_obtained":["SsserpentHead"],"max_hp_gain":0,"max_hp_loss":0,"event_name":"FaceTrader","floor":26,"gold_loss":0},{"damage_healed":0,"gold_gain":50,"player_choice":"Stole From Cult","damage_taken":0,"max_hp_gain":0,"max_hp_loss":0,"event_name":"Nest","floor":30,"gold_loss":0}],"is_beta":false,"boss_relics":[{"not_picked":["hubris:Spice","hubris:Spice"],"picked":"hubris:Spice"}],"items_purged_floors":[22],"is_endless":false,"potions_floor_spawned":[1,3,18,20,29],"killed_by":"conspire:Head Lice","ascension_level":19}}