{"host":"o4h0rmbndwm6mjyo","time":1608918496,"event":{"mods":["BaseMod","Colored Map","Colored Powertips","DeckTracker","Googly Eyes","Minty Spire (QoL Compilation)","Rare Cards Sparkle","Synergy Search"],"gold_per_floor":[109,29,29,42,42,71,83,114,126,169,256,268,280,307,319,408,420,445,468,480,290,305,305,338,338,338],"floor_reached":25,"playtime":1630,"items_purged":[],"score":457,"play_id":"5ef07eb1-ec66-468e-bfb0-34889221b1d5","local_time":"20201225184816","is_ascension_mode":true,"campfire_choices":[{"data":"Inflame","floor":7.0,"key":"SMITH"},{"floor":13.0,"key":"REST"},{"data":"Bash","floor":15.0,"key":"SMITH"},{"floor":23.0,"key":"REST"}],"circlet_count":0,"master_deck":["AscendersBane","Strike_R","Strike_R+1","Strike_R+1","Strike_R","Strike_R+1","Defend_R","Defend_R","Defend_R","Defend_R+1","Bash+1","Twin Strike","Inflame+1","Carnage+1","Twin Strike+1","Perfected Strike+1","Headbutt+1","Impervious","CurseOfTheBell","Cleave+1","Perfected Strike+1","Double Tap","Pummel+1","Heavy Blade+1","Sword Boomerang+1"],"relics":["Burning Blood","NeowsBlessing","Molten Egg 2","MawBank","Bronze Scales","Calling Bell","Nunchaku","Mercury Hourglass","Gambling Chip","Whetstone","HornCleat"],"acts_visited":["Exordium","TheCity"],"potions_floor_usage":[],"damage_taken":[{"damage":0.0,"enemies":"Small Slimes","floor":1.0,"turns":1.0},{"damage":0.0,"enemies":"Jaw Worm","floor":4.0,"turns":1.0},{"damage":0.0,"enemies":"3 Sentries","floor":6.0,"turns":2.0},{"damage":3.0,"enemies":"2 Louse","floor":8.0,"turns":3.0},{"damage":30.0,"enemies":"Lagavulin","floor":10.0,"turns":4.0},{"damage":8.0,"enemies":"Blue Slaver","floor":14.0,"turns":2.0},{"damage":30.0,"enemies":"The Guardian","floor":16.0,"turns":8.0},{"damage":6.0,"enemies":"Spheric Guardian","floor":18.0,"turns":3.0},{"damage":2.0,"enemies":"3 Byrds","floor":19.0,"turns":3.0},{"damage":42.0,"enemies":"Shelled Parasite and Fungi","floor":22.0,"turns":4.0},{"damage":37.0,"enemies":"Slavers","floor":24.0,"turns":4.0},{"damage":19,"enemies":"Chosen and Byrds","floor":25,"turns":4}],"seed_played":"-4555104735921405288","potions_obtained":[{"floor":1.0,"key":"ColorlessPotion"},{"floor":6.0,"key":"HeartOfIron"},{"floor":14.0,"key":"Energy Potion"},{"floor":16.0,"key":"ElixirPotion"},{"floor":19.0,"key":"Dexterity Potion"}],"is_trial":false,"path_per_floor":["M","$","?","M","?","E","R","M","T","E","?","?","R","M","R","B",null,"M","M","?","$","M","R","E","M"],"character_chosen":"IRONCLAD","items_purchased":["Inflame","Pummel+1","Whetstone"],"campfire_rested":2,"item_purchase_floors":[2,21,21],"current_hp_per_floor":[74,74,74,75,68,74,74,75,75,51,40,17,39,37,37,13,60,60,64,64,64,28,50,19,0,0],"gold":338,"neow_bonus":"THREE_ENEMY_KILL","is_daily":false,"chose_seed":false,"campfire_upgraded":2,"win_rate":0.0,"timestamp":1608918496,"path_taken":["M","$","?","M","?","E","R","M","T","E","?","?","R","?","R","BOSS","M","M","?","$","M","R","E","M"],"items_purchased_type":["Card","Card","Relic"],"build_version":"2020-12-22","purchased_purges":0,"victory":false,"max_hp_per_floor":[75,75,75,75,75,75,75,75,75,75,75,75,75,75,75,75,75,75,75,75,75,75,75,75,75,75],"card_choices":[{"not_picked":["Power Through","Warcry"],"picked":"Twin Strike","floor":1.0},{"not_picked":["Fire Breathing","Searing Blow+1"],"picked":"Carnage+1","floor":4.0},{"not_picked":["Clothesline+1","Entrench","Battle Trance"],"picked":"SKIP","floor":6.0},{"not_picked":["Anger+1","Barricade"],"picked":"Twin Strike+1","floor":8.0},{"not_picked":["Flex","Cleave+1"],"picked":"Perfected Strike+1","floor":10.0},{"not_picked":["Burning Pact","Dark Embrace"],"picked":"Headbutt+1","floor":14.0},{"not_picked":["Brutality","Exhume"],"picked":"Impervious","floor":16.0},{"not_picked":["Clash+1","Seeing Red"],"picked":"Cleave+1","floor":18.0},{"not_picked":["Flex","Entrench"],"picked":"Perfected Strike+1","floor":19.0},{"not_picked":["Headbutt+1","Thunderclap+1"],"picked":"Heavy Blade+1","floor":22.0},{"not_picked":["Rage","Twin Strike+1"],"picked":"Sword Boomerang+1","floor":24.0}],"player_experience":2128366,"relics_obtained":[{"floor":6.0,"key":"MawBank"},{"floor":10.0,"key":"Bronze Scales"},{"floor":17.0,"key":"Nunchaku"},{"floor":17.0,"key":"Mercury Hourglass"},{"floor":17.0,"key":"Gambling Chip"},{"floor":24.0,"key":"HornCleat"}],"event_choices":[{"damage_healed":0.0,"max_hp_gain":0.0,"max_hp_loss":0.0,"gold_gain":0.0,"event_name":"Big Fish","player_choice":"Box","floor":3.0,"gold_loss":0.0,"damage_taken":0.0,"relics_obtained":["Molten Egg 2"],"cards_obtained":["Regret"]},{"cards_removed":["Regret"],"damage_healed":0.0,"max_hp_gain":0.0,"max_hp_loss":0.0,"gold_gain":0.0,"event_name":"Golden Wing","player_choice":"Card Removal","floor":5.0,"gold_loss":0.0,"damage_taken":7.0},{"damage_healed":0.0,"max_hp_gain":0.0,"max_hp_loss":0.0,"gold_gain":75.0,"event_name":"World of Goop","player_choice":"Gather Gold","floor":11.0,"gold_loss":0.0,"damage_taken":11.0},{"damage_healed":0.0,"max_hp_gain":0.0,"max_hp_loss":0.0,"gold_gain":0.0,"event_name":"Shining Light","player_choice":"Entered Light","floor":12.0,"gold_loss":0.0,"damage_taken":23.0,"cards_upgraded":["Strike_R","Defend_R"]},{"damage_healed":0.0,"max_hp_gain":0.0,"max_hp_loss":0.0,"gold_gain":0.0,"event_name":"The Library","player_choice":"Read","floor":20.0,"gold_loss":0.0,"damage_taken":0.0,"cards_obtained":["Double Tap"]}],"is_beta":false,"boss_relics":[{"not_picked":["Tiny House","Pandora\u0027s Box"],"picked":"Calling Bell"}],"items_purged_floors":[],"is_endless":false,"potions_floor_spawned":[1,6,14,16,19],"killed_by":"Chosen and Byrds","ascension_level":16}}