{"host":"i6h98ln524gxv8ri","time":1608873264,"event":{"mods":["BaseMod","Downfall","Minty Spire (QoL Compilation)","MostiFishMod","Quick Restart","Shop Mod","StSLib","Uncapped"],"gold_per_floor":[113,137,160,189,212,250,297,335,427,458,470,502,148,180,180,257,257,269,286,302,313,112,112,112,142,142,142,142,161,161,176,176,249,249,268,288,307,408,423,423,423,423,423,443,30,47,47,67,67,67,67,67,67,67,97,97],"floor_reached":57,"playtime":1926,"items_purged":[],"score":3395,"play_id":"8e742332-4d9a-44e3-ade9-63c09d21d62f","local_time":"20201225131424","daily_mods":["SealedDeck","Vintage","Heirloom","Flight","downfall:Jewelcrafting","Lethality","Binary"],"is_ascension_mode":true,"campfire_choices":[{"floor":11,"key":"RECALL"},{"data":"Guardian:ExploitGems","floor":27,"key":"SMITH"},{"data":"Guardian:ExploitGems","floor":28,"key":"SMITH"},{"floor":30,"key":"DIG"},{"data":"MostiFishMod:FantasySummer","floor":32,"key":"SMITH"},{"data":"MostiFishMod:RacingGame","floor":40,"key":"SMITH"},{"data":"MostiFishMod:SparklingWater","floor":41,"key":"SMITH"},{"data":"MostiFishMod:DarkDeal","floor":42,"key":"SMITH"},{"data":"Battle Trance","floor":47,"key":"SMITH"},{"data":"MostiFishMod:#F4004","floor":49,"key":"SMITH"},{"floor":53,"key":"DIG"}],"circlet_count":0,"master_deck":["AscendersBane","Guardian:ExploitGems+1","Guardian:ExploitGems+1","Warcry","Pommel Strike","True Grit","Battle Trance+1","Heavy Blade+1","MostiFishMod:#F4004+1","Rage","Warcry","Hemokinesis","Thunderclap+1","MostiFishMod:Mottled","MostiFishMod:DarkDeal+1","MostiFishMod:Neptune","MostiFishMod:TheEndOfMoonlight+1","MostiFishMod:SparklingWater+1","MostiFishMod:FantasySummer+1","MostiFishMod:NightSea+1","MostiFishMod:RacingGame+1"],"relics":["Burning Blood","Busted Crown","Guardian:PickAxe","DaveBox","ExusiaiGun","Unceasing Top","SynthV:TestCard","Bottled Flame","champ:DeflectingBracers","Ornamental Fan","PreservedInsect","DianPoetry","MealTicket","Eternal Feather","Oddly Smooth Stone","MerchantsRug","MoonlightInvasionPlan","Darkstone Periapt","Gremlin Horn","Tiny Chest","Paper Frog","StrikeDummy","Meat on the Bone","Shovel","Bag of Marbles","Turnip","ShadowXiaoBlade","Kunai","Akabeko","Anchor","Sundial","Pantograph","HornCleat","Technique","Frozen Egg 2","Torii","Bronze Scales","Shuriken","Lantern"],"acts_visited":["Exordium","TheCity","TheBeyond","TheEnding"],"potions_floor_usage":[16,55],"damage_taken":[{"damage":0,"enemies":"Jaw Worm","floor":1,"turns":1},{"damage":0,"enemies":"2 Louse","floor":2,"turns":1},{"damage":0,"enemies":"Cultist","floor":3,"turns":1},{"damage":0,"enemies":"Exordium Wildlife","floor":4,"turns":1},{"damage":0,"enemies":"Blue Slaver","floor":5,"turns":1},{"damage":0,"enemies":"3 Sentries","floor":6,"turns":1},{"damage":0,"enemies":"Lagavulin","floor":7,"turns":1},{"damage":0,"enemies":"3 Sentries","floor":8,"turns":1},{"damage":0,"enemies":"2 Fungi Beasts","floor":10,"turns":1},{"damage":0,"enemies":"3 Louse","floor":12,"turns":1},{"damage":0,"enemies":"Gremlin Nob","floor":14,"turns":1},{"damage":0,"enemies":"The Guardian","floor":16,"turns":2},{"damage":0,"enemies":"2 Thieves","floor":18,"turns":1},{"damage":0,"enemies":"Spheric Guardian","floor":19,"turns":1},{"damage":0,"enemies":"Snecko","floor":20,"turns":1},{"damage":0,"enemies":"Centurion and Healer","floor":21,"turns":1},{"damage":5,"enemies":"Book of Stabbing","floor":25,"turns":1},{"damage":2,"enemies":"Snake Plant","floor":29,"turns":1},{"damage":0,"enemies":"Sentry and Sphere","floor":31,"turns":1},{"damage":0,"enemies":"Champ","floor":33,"turns":1},{"damage":0,"enemies":"3 Darklings","floor":35,"turns":1},{"damage":42,"enemies":"3 Shapes","floor":36,"turns":1},{"damage":0,"enemies":"Spire Growth","floor":37,"turns":1},{"damage":0,"enemies":"Maw","floor":39,"turns":1},{"damage":0,"enemies":"3 Darklings","floor":44,"turns":1},{"damage":5,"enemies":"Writhing Mass","floor":46,"turns":2},{"damage":0,"enemies":"Jaw Worm Horde","floor":48,"turns":1},{"damage":0,"enemies":"Donu and Deca","floor":50,"turns":1},{"damage":5,"enemies":"Time Eater","floor":51,"turns":1},{"damage":0,"enemies":"Shield and Spear","floor":55,"turns":1},{"damage":0,"enemies":"The Heart","floor":56,"turns":1}],"seed_played":"-6061572814841956183","potions_obtained":[{"floor":1,"key":"FearPotion"},{"floor":3,"key":"SteroidPotion"},{"floor":12,"key":"hexamod:EctoCoolerPotion"},{"floor":20,"key":"SkillPotion"},{"floor":39,"key":"EssenceOfSteel"},{"floor":46,"key":"LiquidMemories"},{"floor":55,"key":"Fruit Juice"}],"is_trial":true,"path_per_floor":["M","M","M","M","M","E","E","E","T","M","R","M","$","E","R","B",null,"M","M","M","M","$","R","R","E","T","R","R","M","R","M","R","B",null,"M","M","M","$","M","R","R","R","T","M","$","M","R","M","R","B","B",null,"R","$","E","B",null],"character_chosen":"IRONCLAD","items_purchased":["MerchantsRug","MostiFishMod:Mottled","Paper Frog","Technique","Frozen Egg 2"],"campfire_rested":0,"item_purchase_floors":[13,13,22,45,45],"current_hp_per_floor":[74,75,75,75,75,75,75,75,75,75,75,75,75,75,75,75,75,75,75,75,85,85,85,85,85,85,85,85,85,85,85,85,85,85,85,49,55,70,76,85,85,85,85,85,85,85,85,85,85,85,85,85,85,85,90,90],"gold":97,"neow_bonus":"","is_daily":false,"chose_seed":false,"campfire_upgraded":8,"win_rate":0.0,"timestamp":1608873264,"path_taken":["M","M","M","M","M","E","E","E","T","M","R","M","$","E","R","BOSS","M","M","M","M","$","R","R","E","T","R","R","M","R","M","R","BOSS","M","M","M","$","M","R","R","R","T","M","$","M","R","M","R","BOSS","BOSS","R","$","E","BOSS"],"items_purchased_type":["Relic","Card","Relic","Relic","Relic"],"build_version":"2020-12-22","purchased_purges":0,"victory":true,"max_hp_per_floor":[75,75,75,75,75,75,75,75,75,75,75,75,75,75,75,75,75,75,75,75,85,85,85,85,85,85,85,85,85,85,85,85,85,85,85,85,85,85,85,85,85,85,85,85,85,85,85,85,85,85,85,85,85,85,90,90],"card_choices":[{"not_picked":["Flame Barrier","Clash"],"picked":"SKIP","floor":6},{"not_picked":["Heavy Blade","Clash"],"picked":"SKIP","floor":7},{"not_picked":["Seeing Red","Clothesline"],"picked":"SKIP","floor":8},{"not_picked":["Heavy Blade","Twin Strike"],"picked":"SKIP","floor":14},{"not_picked":["Double Tap"],"picked":"MostiFishMod:DarkDeal","floor":16},{"not_picked":["Seeing Red","Intimidate"],"picked":"SKIP","floor":25},{"not_picked":["Fiend Fire"],"picked":"MostiFishMod:RacingGame","floor":33},{"not_picked":["Pommel Strike+1","Clash"],"picked":"SKIP","floor":55}],"player_experience":45142,"relics_obtained":[{"floor":1,"key":"MawBank"},{"floor":1,"key":"SynthV:TestCard"},{"floor":2,"key":"Bottled Flame"},{"floor":3,"key":"champ:DeflectingBracers"},{"floor":4,"key":"Ornamental Fan"},{"floor":5,"key":"PreservedInsect"},{"floor":6,"key":"DianPoetry"},{"floor":7,"key":"MealTicket"},{"floor":8,"key":"Eternal Feather"},{"floor":10,"key":"Oddly Smooth Stone"},{"floor":12,"key":"Whetstone"},{"floor":14,"key":"Bottled Lightning"},{"floor":18,"key":"Darkstone Periapt"},{"floor":19,"key":"Gremlin Horn"},{"floor":20,"key":"Tiny Chest"},{"floor":21,"key":"Pear"},{"floor":25,"key":"StrikeDummy"},{"floor":26,"key":"Meat on the Bone"},{"floor":29,"key":"Shovel"},{"floor":30,"key":"Bag of Marbles"},{"floor":31,"key":"Turnip"},{"floor":35,"key":"Kunai"},{"floor":36,"key":"Akabeko"},{"floor":37,"key":"Anchor"},{"floor":39,"key":"Sundial"},{"floor":43,"key":"Pantograph"},{"floor":44,"key":"HornCleat"},{"floor":46,"key":"Torii"},{"floor":48,"key":"Bronze Scales"},{"floor":53,"key":"Shuriken"},{"floor":55,"key":"Lantern"}],"event_choices":[],"is_beta":false,"boss_relics":[{"not_picked":["TimeKeys","SacredBark"],"picked":"MoonlightInvasionPlan"},{"not_picked":["TakeMeEscape","JellyFishMachine"],"picked":"ShadowXiaoBlade"}],"items_purged_floors":[],"is_endless":false,"potions_floor_spawned":[1,3,6,12,14,20,25,29,35,36,39,46,55],"ascension_level":20}}