{"host":"6xsbn6ynqlzwllfm","time":1608916634,"event":{"mods":["2.2 Compatiblity","BaseMod","Bestiary","Colored Map","Colored Powertips","Curses Come First","Downfall","Highlight Path","Keyboard Shortcuts","Minty Spire (QoL Compilation)","Quick Restart","Relic Stats","Slay the Relics Exporter","StSLib","SuperFastMode"],"gold_per_floor":[109,34,34,49,62,95,115,146,228,228,228,248,259,18,18,95,95,106,116,66,77,34,34,34],"floor_reached":23,"playtime":593,"items_purged":["Normality"],"score":406,"play_id":"9f20cc9d-cfb7-46d1-aad5-6a72e53606c1","local_time":"20201225121714","is_ascension_mode":true,"campfire_choices":[{"floor":11,"key":"REST"},{"data":"Spot Weakness","floor":15,"key":"SMITH"}],"circlet_count":0,"master_deck":["AscendersBane","Strike_R","Strike_R","Strike_R","Defend_R","Defend_R","Defend_R","Defend_R","Bash","Whirlwind+1","Spot Weakness+1","Headbutt","Thunderclap+1","Metallicize","True Grit","Shockwave","Shrug It Off","Double Tap","Burning Pact+1","Uppercut"],"relics":["Cursed Key","Whetstone","StoneCalendar","Question Card","Dream Catcher","Bag of Preparation","Black Star"],"acts_visited":["Exordium","TheCity"],"potions_floor_usage":[6,6,6,6,8,21,23],"damage_taken":[{"damage":2,"enemies":"2 Louse","floor":1,"turns":4},{"damage":7,"enemies":"Jaw Worm","floor":4,"turns":3},{"damage":0,"enemies":"Small Slimes","floor":5,"turns":2},{"damage":5,"enemies":"Lagavulin","floor":6,"turns":3},{"damage":11,"enemies":"Looter","floor":7,"turns":2},{"damage":9,"enemies":"3 Sentries","floor":8,"turns":3},{"damage":5,"enemies":"Gremlin Gang","floor":12,"turns":3},{"damage":13,"enemies":"Blue Slaver","floor":13,"turns":3},{"damage":5,"enemies":"The Guardian","floor":16,"turns":8},{"damage":0,"enemies":"3 Byrds","floor":18,"turns":4},{"damage":18,"enemies":"2 Thieves","floor":19,"turns":4},{"damage":26,"enemies":"Sentry and Sphere","floor":21,"turns":6},{"damage":18,"enemies":"Book of Stabbing","floor":23,"turns":4}],"seed_played":"8391762126164275582","potions_obtained":[{"floor":1,"key":"Weak Potion"},{"floor":4,"key":"EntropicBrew"},{"floor":6,"key":"Strength Potion"},{"floor":18,"key":"EssenceOfSteel"},{"floor":19,"key":"LiquidMemories"}],"is_trial":false,"path_per_floor":["M","?","?","M","M","E","M","E","T","?","R","M","M","$","R","B",null,"M","M","?","M","$","E"],"character_chosen":"IRONCLAD","items_purchased":["Bag of Preparation","Uppercut"],"campfire_rested":1,"item_purchase_floors":[14,22],"current_hp_per_floor":[66,66,66,59,59,54,43,34,34,23,45,40,27,27,27,22,62,62,44,44,18,18,0,0],"gold":34,"neow_bonus":"BOSS_RELIC","is_daily":false,"chose_seed":false,"campfire_upgraded":1,"win_rate":0.0,"timestamp":1608916634,"path_taken":["M","?","?","?","M","E","M","E","T","?","R","M","M","$","R","BOSS","M","M","?","?","$","E"],"items_purchased_type":["Relic","Card"],"build_version":"2020-12-22","purchased_purges":1,"victory":false,"max_hp_per_floor":[75,75,75,75,75,75,75,75,75,75,75,75,75,75,75,75,75,75,75,75,75,75,75,75],"relic_stats":{"Dream Catcher":1,"counters":[13,49],"StoneCalendar":[52],"Bag of Preparation":[10],"Black Star":0,"Whetstone":["Thunderclap","Whirlwind"],"Cursed Key":1,"Question Card":7,"obtain_stats":[{"Dream Catcher":10,"StoneCalendar":8,"Bag of Preparation":14,"Black Star":17,"Whetstone":6,"Cursed Key":0,"Question Card":9,"Burning Blood":0},{"Dream Catcher":6,"StoneCalendar":6,"Bag of Preparation":8,"Black Star":9,"Whetstone":4,"Cursed Key":0,"Question Card":6,"Burning Blood":0},{"Dream Catcher":17,"StoneCalendar":17,"Bag of Preparation":23,"Black Star":31,"Whetstone":12,"Cursed Key":0,"Question Card":17,"Burning Blood":0}]},"card_choices":[{"not_picked":["Anger","Armaments"],"picked":"Whirlwind","floor":1},{"not_picked":["Bloodletting","Headbutt"],"picked":"Spot Weakness","floor":4},{"not_picked":["Wild Strike","Clash"],"picked":"Headbutt","floor":5},{"not_picked":["Iron Wave","Havoc"],"picked":"Thunderclap","floor":6},{"not_picked":["Cleave","Thunderclap"],"picked":"Metallicize","floor":7},{"not_picked":["Entrench","Rampage"],"picked":"True Grit","floor":8},{"not_picked":["Flex","Wild Strike","Rampage"],"picked":"Shockwave","floor":11},{"not_picked":["Entrench","Iron Wave","Evolve"],"picked":"Shrug It Off","floor":13},{"not_picked":["Bludgeon","Corruption","Impervious"],"picked":"Double Tap","floor":16},{"not_picked":["Headbutt","Flex","Clash"],"picked":"Burning Pact+1","floor":19}],"player_experience":1254567,"relics_obtained":[{"floor":6,"key":"Whetstone"},{"floor":8,"key":"StoneCalendar"},{"floor":9,"key":"Question Card"}],"event_choices":[{"cards_removed":["Strike_R"],"damage_healed":0,"gold_gain":0,"player_choice":"Card Removal","damage_taken":0,"max_hp_gain":0,"max_hp_loss":0,"event_name":"The Cleric","floor":2,"gold_loss":75},{"cards_removed":["Strike_R"],"damage_healed":0,"gold_gain":0,"player_choice":"Forget","damage_taken":0,"max_hp_gain":0,"max_hp_loss":0,"event_name":"Living Wall","floor":3,"gold_loss":0},{"damage_healed":0,"gold_gain":0,"player_choice":"Success","damage_taken":11,"relics_obtained":["Dream Catcher"],"max_hp_gain":0,"max_hp_loss":0,"event_name":"Scrap Ooze","floor":10,"gold_loss":0},{"damage_healed":0,"gold_gain":0,"player_choice":"Bet on Owner","damage_taken":0,"max_hp_gain":0,"max_hp_loss":0,"event_name":"The Joust","floor":20,"gold_loss":50}],"is_beta":false,"boss_relics":[{"not_picked":["Ectoplasm","Runic Pyramid"],"picked":"Black Star"}],"items_purged_floors":[14],"is_endless":false,"potions_floor_spawned":[1,4,6,18,19],"killed_by":"Book of Stabbing","ascension_level":20}}