{"host":"i6h98ln524gxv8ri","time":1608883653,"event":{"mods":["10 clothes from DAL","BaseMod","Minty Spire (QoL Compilation)","MostiFishMod","Quick Restart","Shop Mod","StSLib","Uncapped","【功能Mod】Neow奖励","【功能Mod】混沌之环修复补丁","【功能Mod】精心准备","【遗物Mod】死灵法师NEW","老伊莉雅"],"gold_per_floor":[114,132,132,144,154,179,179,206,206,231,231,261,272,304,304,383,383,398,37,56,69,87,87,104,131,178,178,210,235,246,266,266,344,344,364,384,159,172,192,192,192,224,224,241,259,95,115,145,145,220,296,-1104,-1094,-1078,-1053,-1028,-1003,-991,-963,-925,-913,-884,-852,-821,-774,-737,-725,-639,-627,-599,-569,-540,-508,-477,-431,-408,-384,-339,-317,34,69,83,94,94,171,171,189,145,163,179,179,179,179,179,179,179],"floor_reached":95,"playtime":4611,"items_purged":[],"score":5919,"play_id":"25405c7e-ec6b-4ecb-93ad-4310dd735d0d","local_time":"20201225160733","daily_mods":["SealedDeck","Vintage","Heirloom","Flight","Lethality","Terminal"],"is_ascension_mode":true,"campfire_choices":[{"data":"Acid_Javelin","floor":7,"key":"SMITH"},{"data":"Pandemic","floor":11,"key":"SMITH"},{"data":"Violent_Necrosis","floor":15,"key":"SMITH"},{"data":"Stop_Heart","floor":23,"key":"SMITH"},{"data":"Kotodama","floor":27,"key":"SMITH"},{"data":"Negative_Energy_Mist","floor":32,"key":"SMITH"},{"data":"finger_Of_Death","floor":40,"key":"SMITH"},{"data":"Thousand_Bone_Knives","floor":41,"key":"SMITH"},{"data":"Summon_Undead_Army","floor":49,"key":"SMITH"},{"data":"Bone_Armory","floor":58,"key":"SMITH"},{"data":"Toxic_Smoke_Screen","floor":67,"key":"SMITH"},{"data":"Reap_The_Weak","floor":84,"key":"SMITH"},{"data":"Bone_Shift","floor":92,"key":"SMITH"},{"data":"Toxic_Smoke_Screen+1","floor":93,"key":"SMITH"},{"data":"Toxic_Smoke_Screen+2","floor":94,"key":"SMITH"}],"circlet_count":0,"master_deck":["AscendersBane","Thousand_Bone_Knives+1","Negative_Energy_Sphere+1","Bone_Shift+1","Bone_Armory+1","Bone_Spikes+1","Toxic_Smoke_Screen+3","Acid_Javelin+1","Stop_Heart+1","Summon_Undead_Army+1","Pandemic+1","Kotodama+1","Negative_Energy_Javelin+1","finger_Of_Death+1","Violent_Necrosis+1","Negative_Energy_Burst+1","Skeleton_Dragon+1","ZombiePosion+1","Negative_Energy_Mist+1","PosionRing+1","Epidemicn+1","Posionadd+1","Summon_Lich+1","Epidemicm+1","Summon_Vampire_Lady+1","Summon_Lich+1","Stop_Heart+1","TimeTakenCity","Epidemic+1"],"relics":["Vampire_Amulet","DaveBox","OneHitWonderSystem","CombinedTypeHook","DaCapo","SynthV:TestCard","PreservedInsect","Frozen Egg 2","Happy Flower","Letter Opener","Bag of Preparation","Mercury Hourglass","Vajra","Anchor","ShadowXiaoBlade","SumUndead","MerchantsRug","UndeadPower","Orichalcum","Bottled Tornado","Lantern","SharePain","SynthV:C4","Bottled Lightning","HaiYi:Twilight","Toxic Egg 2","Ornamental Fan","DALC_SIX","Pen Nib","Bag of Marbles","The Courier","Mummified Hand","SentryEyes","Akabeko","SynthV:MejaisSoulstealer","Bottled Flame","Sundial","Omamori","Tiny Chest","Smiling Mask","Gremlin Horn","DALC_ONE","InkBottle","Potion Belt","Nunchaku","Kunai","Shuriken","Oddly Smooth Stone","Regal Pillow","Bronze Scales","Toy Ornithopter","ClockworkSouvenir","Boot","Strawberry"],"acts_visited":["Exordium","TheCity","TheBeyond","Exordium","TheCity","TheBeyond"],"potions_floor_usage":[16],"damage_taken":[{"damage":0,"enemies":"Small Slimes","floor":1,"turns":2},{"damage":0,"enemies":"Jaw Worm","floor":2,"turns":2},{"damage":0,"enemies":"2 Louse","floor":4,"turns":1},{"damage":0,"enemies":"2 Fungi Beasts","floor":5,"turns":2},{"damage":0,"enemies":"Lagavulin","floor":6,"turns":3},{"damage":0,"enemies":"Gremlin Nob","floor":8,"turns":2},{"damage":0,"enemies":"Lagavulin","floor":10,"turns":2},{"damage":0,"enemies":"Gremlin Nob","floor":12,"turns":2},{"damage":0,"enemies":"Blue Slaver","floor":13,"turns":2},{"damage":0,"enemies":"Lagavulin","floor":14,"turns":2},{"damage":0,"enemies":"Hexaghost","floor":16,"turns":4},{"damage":0,"enemies":"3 Byrds","floor":18,"turns":2},{"damage":0,"enemies":"2 Thieves","floor":20,"turns":3},{"damage":0,"enemies":"Snake Plant","floor":21,"turns":2},{"damage":0,"enemies":"Centurion and Healer","floor":22,"turns":3},{"damage":0,"enemies":"Snecko","floor":24,"turns":3},{"damage":0,"enemies":"Gremlin Leader","floor":25,"turns":2},{"damage":0,"enemies":"Book of Stabbing","floor":28,"turns":2},{"damage":0,"enemies":"Slavers","floor":29,"turns":2},{"damage":0,"enemies":"Snake Plant","floor":30,"turns":2},{"damage":0,"enemies":"Centurion and Healer","floor":31,"turns":2},{"damage":0,"enemies":"Champ","floor":33,"turns":4},{"damage":0,"enemies":"Orb Walker","floor":35,"turns":1},{"damage":0,"enemies":"3 Shapes","floor":36,"turns":2},{"damage":0,"enemies":"Jaw Worm Horde","floor":38,"turns":2},{"damage":0,"enemies":"4 Shapes","floor":39,"turns":2},{"damage":0,"enemies":"Nemesis","floor":42,"turns":3},{"damage":0,"enemies":"Spire Growth","floor":44,"turns":3},{"damage":0,"enemies":"3 Darklings","floor":45,"turns":2},{"damage":0,"enemies":"Sphere and 2 Shapes","floor":47,"turns":1},{"damage":0,"enemies":"Giant Head","floor":48,"turns":3},{"damage":0,"enemies":"Time Eater","floor":50,"turns":4},{"damage":0,"enemies":"Awakened One","floor":51,"turns":6},{"damage":0,"enemies":"Jaw Worm","floor":53,"turns":1},{"damage":0,"enemies":"Cultist","floor":54,"turns":1},{"damage":0,"enemies":"Small Slimes","floor":55,"turns":1},{"damage":0,"enemies":"3 Louse","floor":56,"turns":1},{"damage":0,"enemies":"Blue Slaver","floor":57,"turns":1},{"damage":0,"enemies":"2 Fungi Beasts","floor":59,"turns":1},{"damage":0,"enemies":"3 Sentries","floor":60,"turns":1},{"damage":0,"enemies":"Large Slime","floor":62,"turns":1},{"damage":0,"enemies":"Lots of Slimes","floor":63,"turns":1},{"damage":0,"enemies":"2 Fungi Beasts","floor":64,"turns":1},{"damage":0,"enemies":"Lagavulin","floor":65,"turns":1},{"damage":0,"enemies":"Gremlin Nob","floor":66,"turns":1},{"damage":0,"enemies":"Hexaghost","floor":68,"turns":3},{"damage":0,"enemies":"Shell Parasite","floor":70,"turns":1},{"damage":0,"enemies":"Spheric Guardian","floor":71,"turns":1},{"damage":0,"enemies":"Shelled Parasite and Fungi","floor":72,"turns":1},{"damage":0,"enemies":"Snecko","floor":73,"turns":2},{"damage":0,"enemies":"Centurion and Healer","floor":74,"turns":1},{"damage":0,"enemies":"Gremlin Leader","floor":75,"turns":1},{"damage":0,"enemies":"Snake Plant","floor":76,"turns":1},{"damage":0,"enemies":"Sentry and Sphere","floor":77,"turns":1},{"damage":0,"enemies":"Slavers","floor":78,"turns":1},{"damage":0,"enemies":"Centurion and Healer","floor":79,"turns":1},{"damage":0,"enemies":"Gremlin Leader","floor":81,"turns":2},{"damage":0,"enemies":"3 Cultists","floor":82,"turns":1},{"damage":0,"enemies":"Snecko","floor":83,"turns":1},{"damage":0,"enemies":"Automaton","floor":85,"turns":3},{"damage":0,"enemies":"3 Darklings","floor":87,"turns":1},{"damage":0,"enemies":"Orb Walker","floor":89,"turns":2},{"damage":0,"enemies":"Spire Growth","floor":90,"turns":2},{"damage":0,"enemies":"Giant Head","floor":95,"turns":4}],"seed_played":"5304592657693601375","potions_obtained":[{"floor":1,"key":"ColorlessPotion"},{"floor":4,"key":"Regen Potion"},{"floor":16,"key":"SneckoOil"},{"floor":21,"key":"FairyPotion"},{"floor":24,"key":"Explosive Potion"},{"floor":38,"key":"Weak Potion"},{"floor":44,"key":"LiquidMemories"},{"floor":48,"key":"Fruit Juice"},{"floor":54,"key":"LiquidBronze"},{"floor":74,"key":"CultistPotion"},{"floor":75,"key":"Dexterity Potion"},{"floor":82,"key":"Fire Potion"},{"floor":83,"key":"SkillPotion"},{"floor":85,"key":"DistilledChaos"}],"is_trial":true,"path_per_floor":["M","M","?","M","M","E","R","E","T","E","R","E","M","E","R","B",null,"M","$","M","M","M","R","M","E","T","R","E","E","M","M","R","B",null,"M","M","$","M","M","R","R","E","T","M","M","$","M","E","R","B","B",null,"M","M","M","M","M","R","M","E","T","M","M","M","E","E","R","B",null,"M","M","M","M","M","E","M","M","E","M","$","E","M","M","R","B",null,"M","$","M","M","?","R","R","R","E"],"character_chosen":"NECROMANCER","items_purchased":["MerchantsRug","ZombiePosion+1","UndeadPower","Toxic Egg 2","Mummified Hand","Posionadd+1","SentryEyes","TimeTakenCity","ClockworkSouvenir"],"campfire_rested":0,"item_purchase_floors":[19,19,19,37,46,46,46,80,88],"current_hp_per_floor":[1,1,1,1,1,1,1,1,1,1,1,1,1,1,1,1,1,1,1,1,1,1,1,1,1,1,1,1,1,1,1,1,1,1,1,1,1,1,1,1,1,2,1,1,1,1,1,1,1,1,1,1,1,1,1,1,1,1,1,2,1,1,1,1,2,1,1,1,1,1,1,1,1,1,1,1,1,1,1,1,1,1,1,1,1,1,1,1,1,7,1,1,1,1,1,1],"gold":179,"neow_bonus":"","is_daily":false,"chose_seed":false,"campfire_upgraded":15,"win_rate":0.0,"timestamp":1608883653,"path_taken":["M","M","?","M","M","E","R","E","T","E","R","E","M","E","R","BOSS","M","$","M","M","M","R","M","E","T","R","E","E","M","M","R","BOSS","M","M","$","M","M","R","R","E","T","M","M","$","M","E","R","BOSS","BOSS","M","M","M","M","M","R","M","E","T","M","M","M","E","E","R","BOSS","M","M","M","M","M","E","M","M","E","M","$","E","M","M","R","BOSS","M","$","M","M","?","R","R","R","E"],"items_purchased_type":["Relic","Card","Relic","Relic","Relic","Card","Relic","Card","Relic"],"build_version":"2020-12-22","purchased_purges":0,"victory":false,"max_hp_per_floor":[1,1,1,1,1,1,1,1,1,1,1,1,1,1,1,1,1,1,1,1,1,1,1,1,1,1,1,1,1,1,1,1,1,1,1,1,1,1,1,1,1,2,1,1,1,1,1,1,1,1,1,1,1,1,1,1,1,1,1,2,1,1,1,1,2,1,1,1,1,1,1,1,1,1,1,1,1,1,1,1,1,1,1,1,1,1,1,1,1,7,1,1,1,1,1,1],"card_choices":[{"not_picked":["Siphon_Strength","Summon_Undead_Army+1","Blood_Whip","Stop_Heart"],"picked":"Kotodama","floor":6},{"not_picked":["Bone_Armory+1","Negative_Energy_Sphere","Shackles_Of_Pain","Bone_Shift"],"picked":"Negative_Energy_Javelin","floor":8},{"not_picked":["Acid_Javelin","Toxic_Smoke_Screen","Life_Tap","Blood_Is_Power"],"picked":"finger_Of_Death","floor":10},{"not_picked":["Stop_Heart","finger_Of_Death","Shade_Step","Bone_Shift"],"picked":"Violent_Necrosis","floor":12},{"not_picked":["Plague_Bolt","Blood_Shield","Summon_Undead_Army+1","Vampiric_Strike"],"picked":"Negative_Energy_Burst","floor":14},{"not_picked":["Epidemic+1","Creater_Tree","Requiem","Summon_Death_Knight+1"],"picked":"Skeleton_Dragon+1","floor":16},{"not_picked":["Bone_Armory+1","Negative_Energy_Javelin","PosionRing","Negative_Energy_Sphere","Negative_Energy_Mist","Bone_Shift"],"picked":"SKIP","floor":25},{"not_picked":["Acid_Javelin","Spectral_Walk","PosionRing","Blood_Whip","WallConcept+1"],"picked":"Negative_Energy_Mist","floor":28},{"not_picked":["Negative_Energy_Javelin","Posionadd+1","Vampiric_Strike","PosionWeak","Thousand_Bone_Knives"],"picked":"PosionRing+1","floor":29},{"not_picked":["WallConcept+1","Creater_Tree","Time_Jump","Blood_Wake","Negative_Energy_Bomb"],"picked":"Epidemicn+1","floor":33},{"not_picked":["Hellfire","Negative_Energy_Mist+1","Bone_Spikes","Blood_Is_Power+1","Negative_Energy_Sphere","PosionRing+1"],"picked":"Singing Bowl","floor":42},{"not_picked":["Blood_Is_Power+1","Negative_Energy_Sphere","Vampiric_Strike","Epidemicn+1"],"picked":"Summon_Lich+1","floor":48},{"not_picked":["Epidemicn+1","Epidemic+1","Blood_Wake","Requiem"],"picked":"Epidemicm+1","floor":50},{"not_picked":["Blood_Magic+1","Epidemic+1","Requiem","Epidemicn+1"],"picked":"Summon_Vampire_Lady+1","floor":51},{"not_picked":["Toxic_Smoke_Screen+1","Negative_Energy_Javelin","Bone_Armor+1","Violent_Necrosis+1","PosionRing+1"],"picked":"Singing Bowl","floor":60},{"not_picked":["WallConcept+1","finger_Of_Death","Blood_Magic+1","PosionRing+1","Siphon_Strength+1"],"picked":"Singing Bowl","floor":65},{"not_picked":["Pandemic+1","Blood_Curse+1","Posionadd+1","Shade_Step+1"],"picked":"Summon_Lich+1","floor":66},{"not_picked":["WallConcept+1","Blood_Hammer","Blood_Magic+1","Time_Jump+1"],"picked":"Reap_The_Weak","floor":68},{"not_picked":["Bone_Spikes","Negative_Energy_Burst","OverdoomLine+1","Negative_Energy_Sphere","Negative_Energy_Javelin"],"picked":"SKIP","floor":75},{"not_picked":["ZombiePosion+1","Slay_Living","Life_Drain+1","Blood_Whip"],"picked":"Stop_Heart+1","floor":78},{"not_picked":["Summon_Undead_Army+1","Negative_Energy_Javelin","Strike_from_Beyond","Bone_Armor+1"],"picked":"Epidemic+1","floor":81},{"not_picked":["Negative_Energy_Mist+1","Hellfire+1","Summon_Lich+1","Kotodama+1","Plague_Bolt+1"],"picked":"SKIP","floor":95}],"player_experience":48964,"relics_obtained":[{"floor":1,"key":"DaCapo"},{"floor":1,"key":"SynthV:TestCard"},{"floor":2,"key":"PreservedInsect"},{"floor":4,"key":"Frozen Egg 2"},{"floor":5,"key":"Happy Flower"},{"floor":6,"key":"Letter Opener"},{"floor":8,"key":"Bag of Preparation"},{"floor":9,"key":"Mercury Hourglass"},{"floor":10,"key":"TungstenRod"},{"floor":12,"key":"Vajra"},{"floor":13,"key":"Anchor"},{"floor":14,"key":"Centennial Puzzle"},{"floor":18,"key":"SumUndead"},{"floor":20,"key":"Orichalcum"},{"floor":21,"key":"Question Card"},{"floor":22,"key":"Bottled Tornado"},{"floor":24,"key":"Lantern"},{"floor":25,"key":"SharePain"},{"floor":26,"key":"Dream Catcher"},{"floor":28,"key":"Toy Ornithopter"},{"floor":29,"key":"SynthV:C4"},{"floor":30,"key":"Meat on the Bone"},{"floor":31,"key":"Bottled Lightning"},{"floor":35,"key":"Whetstone"},{"floor":36,"key":"Singing Bowl"},{"floor":38,"key":"Ornamental Fan"},{"floor":39,"key":"Matryoshka"},{"floor":42,"key":"DALC_SIX"},{"floor":43,"key":"Pen Nib"},{"floor":43,"key":"Bag of Marbles"},{"floor":44,"key":"The Courier"},{"floor":47,"key":"Pantograph"},{"floor":48,"key":"Akabeko"},{"floor":53,"key":"Bottled Flame"},{"floor":54,"key":"MawBank"},{"floor":55,"key":"Sundial"},{"floor":56,"key":"Omamori"},{"floor":57,"key":"Darkstone Periapt"},{"floor":59,"key":"Blood Vial"},{"floor":61,"key":"StrikeDummy"},{"floor":61,"key":"Tiny Chest"},{"floor":62,"key":"Smiling Mask"},{"floor":63,"key":"Gremlin Horn"},{"floor":64,"key":"Whetstone"},{"floor":70,"key":"DALC_ONE"},{"floor":71,"key":"InkBottle"},{"floor":72,"key":"Potion Belt"},{"floor":73,"key":"Nunchaku"},{"floor":74,"key":"MealTicket"},{"floor":76,"key":"Kunai"},{"floor":77,"key":"Shuriken"},{"floor":79,"key":"Oddly Smooth Stone"},{"floor":82,"key":"Regal Pillow"},{"floor":83,"key":"Bronze Scales"},{"floor":87,"key":"Toy Ornithopter"},{"floor":89,"key":"Boot"},{"floor":90,"key":"Strawberry"}],"event_choices":[{"damage_healed":0,"gold_gain":0,"player_choice":"Ignored","damage_taken":0,"max_hp_gain":0,"max_hp_loss":0,"event_name":"Golden Wing","floor":3,"gold_loss":0},{"cards_removed":["Reap_The_Weak"],"damage_healed":0,"gold_gain":0,"player_choice":"Removed Attack","damage_taken":0,"max_hp_gain":0,"max_hp_loss":0,"event_name":"Falling","floor":91,"gold_loss":0}],"is_beta":false,"boss_relics":[{"not_picked":["Runic Pyramid","SlaversCollar"],"picked":"ShadowXiaoBlade"},{"not_picked":["TakeMeEscape","SacredBark"],"picked":"HaiYi:Twilight"},{"not_picked":["FeatherPendant","Calling Bell"],"picked":"SynthV:MejaisSoulstealer"},{"not_picked":["GraspOfShadows"],"picked":"MetallicRebirth"},{"not_picked":["GraspOfShadows"],"picked":"Accursed"}],"items_purged_floors":[],"is_endless":true,"potions_floor_spawned":[1,4,10,12,16,21,22,24,28,29,33,36,38,44,45,48,54,55,60,62,64,66,68,74,75,76,77,82,83,85,95],"killed_by":"Giant Head","ascension_level":20}}