{"host":"9ndbo4kgsfoemf7y","time":1608859761,"event":{"mods":["AchievementEnabler","BaseMod","Colored Map","DeckTracker","Keyboard Shortcuts","Minty Spire (QoL Compilation)","Permanent Neow","Quick Restart","Relic Stats","StSLib","SuperFastMode"],"gold_per_floor":[115,134,153,41,54,87,87,104,104,116,139,151,183,195,207,219,219],"floor_reached":16,"playtime":392,"items_purged":["Strike_G"],"score":203,"play_id":"ddad5d32-afd7-4f3e-9d22-784a2d34daea","local_time":"20201225102921","is_ascension_mode":true,"campfire_choices":[{"floor":7.0,"key":"REST"},{"floor":10,"key":"REST"},{"floor":12,"key":"REST"},{"data":"Calculated Gamble","floor":15,"key":"SMITH"}],"circlet_count":0,"master_deck":["AscendersBane","Strike_G","Strike_G","Strike_G","Defend_G","Defend_G","Defend_G","Defend_G","Survivor","Neutralize","Acrobatics","Corpse Explosion","Footwork","Dagger Spray","Calculated Gamble+1","Tactician","Grand Finale","Crippling Poison"],"relics":["Ring of the Snake","Kunai","MawBank","FaceOfCleric"],"acts_visited":["Exordium"],"potions_floor_usage":[],"damage_taken":[{"damage":1.0,"enemies":"Cultist","floor":1.0,"turns":4.0},{"damage":1.0,"enemies":"2 Louse","floor":2.0,"turns":4.0},{"damage":11.0,"enemies":"Jaw Worm","floor":3.0,"turns":4.0},{"damage":15.0,"enemies":"Large Slime","floor":5.0,"turns":6.0},{"damage":10.0,"enemies":"3 Sentries","floor":6.0,"turns":2.0},{"damage":21,"enemies":"Exordium Thugs","floor":8,"turns":4},{"damage":9,"enemies":"Blue Slaver","floor":11,"turns":4},{"damage":0,"enemies":"Red Slaver","floor":13,"turns":1},{"damage":33,"enemies":"The Guardian","floor":16,"turns":8}],"seed_played":"-6294061562135982511","potions_obtained":[{"floor":1.0,"key":"Ancient Potion"},{"floor":3.0,"key":"Ancient Potion"},{"floor":5.0,"key":"LiquidMemories"},{"floor":13,"key":"Explosive Potion"}],"is_trial":false,"path_per_floor":["M","M","M","$","M","E","R","M","T","R","M","R","M","?","R","B"],"character_chosen":"THE_SILENT","items_purchased":["Calculated Gamble"],"campfire_rested":3,"item_purchase_floors":[4],"current_hp_per_floor":[43,42,31,31,16,6,25,4,4,23,14,33,33,33,33,0,0],"gold":219,"neow_bonus":"TRANSFORM_TWO_CARDS","is_daily":false,"chose_seed":false,"campfire_upgraded":1,"win_rate":0.0,"timestamp":1608859761,"path_taken":["M","?","M","$","?","E","R","M","T","R","M","R","?","?","R","BOSS"],"items_purchased_type":["Card"],"build_version":"2020-12-22","purchased_purges":1,"victory":false,"max_hp_per_floor":[66,66,66,66,66,66,66,66,66,66,66,66,66,66,66,66,66],"relic_stats":{"FaceOfCleric":0,"counters":[9,37],"Kunai":[3],"MawBank":84,"obtain_stats":[{"FaceOfCleric":14,"Kunai":6,"MawBank":9,"Ring of the Snake":0},{"FaceOfCleric":8,"Kunai":5,"MawBank":6,"Ring of the Snake":0},{"FaceOfCleric":29,"Kunai":20,"MawBank":24,"Ring of the Snake":0}],"Ring of the Snake":[18]},"card_choices":[{"not_picked":["Endless Agony","Cloak And Dagger"],"picked":"Footwork","floor":1.0},{"not_picked":["Cloak And Dagger","Prepared"],"picked":"Dagger Spray","floor":2.0},{"not_picked":["Bane","Dagger Throw","Concentrate"],"picked":"SKIP","floor":3.0},{"not_picked":["Caltrops","Masterful Stab","Dodge and Roll"],"picked":"SKIP","floor":5.0},{"not_picked":["Outmaneuver","Quick Slash"],"picked":"Tactician","floor":6.0},{"not_picked":["Prepared","Footwork"],"picked":"Grand Finale","floor":8},{"not_picked":["Predator","Caltrops","Outmaneuver"],"picked":"SKIP","floor":11},{"not_picked":["Outmaneuver","Bane"],"picked":"Crippling Poison","floor":13}],"player_experience":740426,"relics_obtained":[{"floor":6.0,"key":"Kunai"},{"floor":9,"key":"MawBank"}],"event_choices":[{"damage_healed":0,"gold_gain":0,"player_choice":"Trade","damage_taken":0,"relics_obtained":["FaceOfCleric"],"max_hp_gain":0,"max_hp_loss":0,"event_name":"FaceTrader","floor":14,"gold_loss":0}],"is_beta":false,"boss_relics":[],"items_purged_floors":[4],"is_endless":false,"potions_floor_spawned":[1,3,5,13],"killed_by":"The Guardian","ascension_level":19}}