{"host":"pg2biz4zy3df4ctj","time":1608939834,"event":{"mods":["BaseMod","Minty Spire (QoL Compilation)","Quick Restart","Random Character Button"],"gold_per_floor":[114,114,124,142,417,417,451,462,462,482,511,116,116,145,145,241,241,259,10,29,49,49,49,49],"floor_reached":23,"playtime":853,"items_purged":["Regret"],"score":429,"play_id":"b03bd90a-9f7d-4127-b7d4-ab1d11873291","local_time":"20201225154354","is_ascension_mode":true,"campfire_choices":[{"data":"Swivel","floor":6,"key":"SMITH"},{"data":"Judgement","floor":15,"key":"SMITH"}],"circlet_count":0,"master_deck":["Strike_P","Strike_P","Strike_P","Defend_P","Defend_P","Defend_P","Defend_P","Eruption+1","Vigilance","PathToVictory","ReachHeaven","Swivel+1","CutThroughFate","Conclude","Brilliance","FlurryOfBlows","Judgement+1","FlurryOfBlows","Establishment","Consecrate+1"],"relics":["PureWater","NeowsBlessing","Mango","Thread and Needle","Girya","Ancient Tea Set","Oddly Smooth Stone","Cursed Key","Toxic Egg 2"],"acts_visited":["Exordium","TheCity"],"potions_floor_usage":[7,10,11,11],"damage_taken":[{"damage":0,"enemies":"2 Louse","floor":1,"turns":1},{"damage":0,"enemies":"Cultist","floor":3,"turns":1},{"damage":0,"enemies":"Small Slimes","floor":4,"turns":1},{"damage":3,"enemies":"Gremlin Nob","floor":7,"turns":2},{"damage":1,"enemies":"Blue Slaver","floor":8,"turns":3},{"damage":15,"enemies":"Exordium Wildlife","floor":10,"turns":4},{"damage":3,"enemies":"3 Sentries","floor":11,"turns":6},{"damage":31,"enemies":"Lagavulin","floor":14,"turns":4},{"damage":0,"enemies":"Slime Boss","floor":16,"turns":3},{"damage":0,"enemies":"2 Thieves","floor":18,"turns":4},{"damage":4,"enemies":"3 Byrds","floor":20,"turns":4},{"damage":9,"enemies":"Shelled Parasite and Fungi","floor":21,"turns":4},{"damage":44,"enemies":"Book of Stabbing","floor":23,"turns":5}],"seed_played":"-5247397262828137238","potions_obtained":[{"floor":3,"key":"LiquidMemories"},{"floor":4,"key":"Fire Potion"},{"floor":8,"key":"Weak Potion"},{"floor":10,"key":"Dexterity Potion"},{"floor":20,"key":"Ancient Potion"}],"is_trial":false,"path_per_floor":["M","?","M","M","?","R","E","M","T","M","E","$","?","E","R","B",null,"M","$","M","M","?","E"],"character_chosen":"WATCHER","items_purchased":["Brilliance","FlurryOfBlows","Ancient Tea Set","BottledMiracle","Toxic Egg 2"],"campfire_rested":0,"item_purchase_floors":[12,12,12,12,19],"current_hp_per_floor":[65,65,65,65,65,65,76,75,75,60,57,57,57,26,26,26,71,71,71,67,58,41,0,0],"gold":49,"neow_bonus":"THREE_ENEMY_KILL","is_daily":false,"chose_seed":false,"campfire_upgraded":2,"win_rate":0.0,"timestamp":1608939834,"path_taken":["M","?","?","M","?","R","E","M","T","?","E","?","?","E","R","BOSS","M","$","M","?","?","E"],"items_purchased_type":["Card","Card","Relic","Potion","Relic"],"build_version":"2020-12-22","purchased_purges":1,"victory":false,"max_hp_per_floor":[72,72,72,72,72,72,86,86,86,86,86,86,86,86,86,86,86,86,86,86,86,91,91,91],"card_choices":[{"not_picked":["Consecrate","JustLucky"],"picked":"PathToVictory","floor":1},{"not_picked":["CrushJoints","EmptyFist"],"picked":"ReachHeaven","floor":3},{"not_picked":["SignatureMove","Wireheading"],"picked":"Swivel","floor":4},{"not_picked":["Meditate","ReachHeaven"],"picked":"CutThroughFate","floor":7},{"not_picked":["Wallop","Judgement","Crescendo"],"picked":"SKIP","floor":8},{"not_picked":["CrushJoints","Nirvana","EmptyFist"],"picked":"SKIP","floor":10},{"not_picked":["EmptyFist","Worship"],"picked":"Conclude","floor":11},{"not_picked":["Wireheading","Protect"],"picked":"FlurryOfBlows","floor":14},{"not_picked":["Judgement","Vault"],"picked":"Establishment","floor":16},{"not_picked":["Tantrum","BowlingBash","WaveOfTheHand"],"picked":"SKIP","floor":18},{"not_picked":["Nirvana+1","JustLucky","CutThroughFate"],"picked":"SKIP","floor":20},{"not_picked":["Collect+1","EmptyFist"],"picked":"Consecrate+1","floor":21}],"player_experience":576664,"relics_obtained":[{"floor":7,"key":"Mango"},{"floor":9,"key":"Thread and Needle"},{"floor":11,"key":"Girya"},{"floor":14,"key":"Oddly Smooth Stone"}],"event_choices":[{"damage_healed":0,"gold_gain":0,"player_choice":"Forge","damage_taken":0,"max_hp_gain":0,"max_hp_loss":0,"event_name":"Accursed Blacksmith","floor":2,"gold_loss":0,"cards_upgraded":["Eruption"]},{"damage_healed":0,"gold_gain":275,"player_choice":"Desecrate","damage_taken":0,"max_hp_gain":0,"max_hp_loss":0,"event_name":"Golden Shrine","floor":5,"gold_loss":0,"cards_obtained":["Regret"]},{"damage_healed":0,"gold_gain":0,"cards_transformed":["Strike_P"],"player_choice":"Transformed","damage_taken":0,"max_hp_gain":0,"max_hp_loss":0,"event_name":"Transmorgrifier","floor":13,"gold_loss":0,"cards_obtained":["Judgement"]},{"damage_healed":0,"gold_gain":0,"player_choice":"Shed Blood","damage_taken":22,"max_hp_gain":5,"max_hp_loss":0,"event_name":"Forgotten Altar","floor":22,"gold_loss":0}],"is_beta":false,"boss_relics":[{"not_picked":["Fusion Hammer","Runic Dome"],"picked":"Cursed Key"}],"items_purged_floors":[12],"is_endless":false,"potions_floor_spawned":[3,4,8,10,20],"killed_by":"Book of Stabbing","ascension_level":6}}