{"host":"wfy07lporsqrbz3r","time":1608893226,"event":{"mods":["BaseMod","Minty Spire (QoL Compilation)","Replay The Spire","StSLib"],"gold_per_floor":[112,112,128,146,161,189,203,203,203,223,223,257,257,104,104,104,104],"floor_reached":16,"playtime":471,"items_purged":["Strike_G"],"score":199,"play_id":"a35410eb-d5db-4f78-965a-8c32a67a4ea6","local_time":"20201225184706","is_ascension_mode":true,"campfire_choices":[{"data":"Footwork","floor":8.0,"key":"SMITH"},{"floor":11,"key":"REST"},{"floor":15,"key":"REST"}],"circlet_count":0,"master_deck":["AscendersBane","Strike_G","Strike_G","Strike_G","Strike_G","Defend_G","Defend_G","Defend_G","Defend_G","Defend_G","Survivor","Neutralize","Bouncing Flask+1","Footwork+1","Underhanded Strike","PiercingWail","Acrobatics","Prepared","Sneak Up+1","Blade Dance","Dagger Throw","Tactician"],"relics":["Ring of the Snake","NeowsBlessing","Happy Flower","Blue Candle","Meat on the Bone"],"acts_visited":["Exordium"],"potions_floor_usage":[16],"damage_taken":[{"damage":0.0,"enemies":"Small Slimes","floor":1.0,"turns":1.0},{"damage":0.0,"enemies":"Cultist","floor":3.0,"turns":1.0},{"damage":0.0,"enemies":"Jaw Worm","floor":4.0,"turns":1.0},{"damage":7.0,"enemies":"Blue Slaver","floor":5.0,"turns":3.0},{"damage":29.0,"enemies":"3 Sentries","floor":6.0,"turns":9.0},{"damage":3.0,"enemies":"3 Louse","floor":7.0,"turns":4.0},{"damage":1,"enemies":"2 Fungi Beasts","floor":10,"turns":4},{"damage":35,"enemies":"Fading Forest","floor":16,"turns":10}],"seed_played":"7867751718659871548","potions_obtained":[{"floor":1.0,"key":"Swift Potion"},{"floor":5.0,"key":"Fruit Juice"},{"floor":10,"key":"Weak Potion"}],"is_trial":false,"path_per_floor":["M","?","M","M","M","E","M","R","T","M","R","?","?","$","R","B"],"character_chosen":"THE_SILENT","items_purchased":["Tactician"],"campfire_rested":2,"item_purchase_floors":[14],"current_hp_per_floor":[59,59,59,59,57,28,25,25,25,24,45,22,22,22,43,8,8],"gold":104,"neow_bonus":"THREE_ENEMY_KILL","is_daily":false,"chose_seed":false,"campfire_upgraded":1,"win_rate":0.0,"timestamp":1608893226,"path_taken":["M","?","?","M","M","E","M","R","T","M","R","?","?","$","R","BOSS"],"items_purchased_type":["Card"],"build_version":"2020-12-22","purchased_purges":1,"victory":false,"max_hp_per_floor":[66,66,66,66,71,71,71,71,71,71,71,71,71,71,71,71,71],"card_choices":[{"not_picked":["Distraction","Prepared"],"picked":"Bouncing Flask","floor":1.0},{"not_picked":["Quick Slash","Underhanded Strike"],"picked":"Footwork","floor":3.0},{"not_picked":["Poisoned Stab","Acrobatics"],"picked":"Underhanded Strike","floor":4.0},{"not_picked":["Endless Agony","Slice"],"picked":"PiercingWail","floor":5.0},{"not_picked":["Outmaneuver","Heel Hook"],"picked":"Acrobatics","floor":6.0},{"not_picked":["Flying Knee","Poisoned Stab"],"picked":"Prepared","floor":7.0},{"not_picked":["Cloak And Dagger","Underhanded Strike"],"picked":"Sneak Up","floor":10},{"not_picked":["Glass Knife","Cloak And Dagger"],"picked":"Blade Dance","floor":12},{"not_picked":["Quick Slash","Flying Knee"],"picked":"Dagger Throw","floor":12}],"player_experience":709846,"relics_obtained":[{"floor":6.0,"key":"Happy Flower"},{"floor":9.0,"key":"Blue Candle"},{"floor":12,"key":"Meat on the Bone"}],"event_choices":[{"damage_healed":0.0,"max_hp_gain":0.0,"max_hp_loss":0.0,"gold_gain":0.0,"event_name":"Upgrade Shrine","player_choice":"Upgraded","floor":2.0,"gold_loss":0.0,"damage_taken":0.0,"cards_upgraded":["Bouncing Flask"]}],"is_beta":false,"boss_relics":[],"items_purged_floors":[14],"is_endless":false,"potions_floor_spawned":[1,5,10],"killed_by":"Fading Forest","ascension_level":19}}