{"host":"6xsbn6ynqlzwllfm","time":1608920213,"event":{"mods":["2.2 Compatiblity","BaseMod","Bestiary","Colored Map","Colored Powertips","Curses Come First","Downfall","Highlight Path","Keyboard Shortcuts","Minty Spire (QoL Compilation)","Quick Restart","Relic Stats","Slay the Relics Exporter","StSLib","SuperFastMode"],"gold_per_floor":[114,114,132,142,142,170,170,170,197,197,211,227,227,261,261,336,336,350,350,361,372,402,402,402,402],"floor_reached":24,"playtime":674,"items_purged":[],"score":512,"play_id":"0986c301-e447-4aa3-931d-75e630ec15d6","local_time":"20201225131653","is_ascension_mode":true,"campfire_choices":[{"data":"Cleave","floor":7,"key":"SMITH"},{"data":"Barricade","floor":10,"key":"SMITH"},{"data":"Disarm","floor":13,"key":"SMITH"},{"data":"Bash","floor":15,"key":"SMITH"},{"floor":23,"key":"REST"}],"circlet_count":0,"master_deck":["AscendersBane","Strike_R","Strike_R","Defend_R","Defend_R","Defend_R","Defend_R","Bash","Rampage+1","Cleave+1","Bash+1","Barricade+1","Disarm+1","Impervious","True Grit+1","Feed","Spot Weakness"],"relics":["Runic Pyramid","Happy Flower","Bag of Marbles","FossilizedHelix","Empty Cage","Red Mask"],"acts_visited":["Exordium","TheCity"],"potions_floor_usage":[6,12,14,22,22],"damage_taken":[{"damage":6,"enemies":"Jaw Worm","floor":1,"turns":5},{"damage":1,"enemies":"Cultist","floor":3,"turns":3},{"damage":10,"enemies":"Small Slimes","floor":4,"turns":3},{"damage":26,"enemies":"Gremlin Nob","floor":6,"turns":4},{"damage":2,"enemies":"2 Fungi Beasts","floor":11,"turns":3},{"damage":9,"enemies":"Exordium Thugs","floor":12,"turns":5},{"damage":3,"enemies":"Lagavulin","floor":14,"turns":10},{"damage":0,"enemies":"The Guardian","floor":16,"turns":12},{"damage":2,"enemies":"Spheric Guardian","floor":18,"turns":7},{"damage":0,"enemies":"Chosen","floor":20,"turns":5},{"damage":0,"enemies":"Centurion and Healer","floor":21,"turns":7},{"damage":48,"enemies":"Masked Bandits","floor":22,"turns":6},{"damage":31,"enemies":"Book of Stabbing","floor":24,"turns":7}],"seed_played":"2952770681448355154","potions_obtained":[{"floor":1,"key":"PowerPotion"},{"floor":4,"key":"Fruit Juice"},{"floor":11,"key":"EssenceOfSteel"},{"floor":12,"key":"FearPotion"},{"floor":20,"key":"champ:CounterPotion"}],"is_trial":false,"path_per_floor":["M","?","M","M","?","E","R","?","T","R","M","M","R","E","R","B",null,"M","?","M","M","?","R","E"],"character_chosen":"IRONCLAD","items_purchased":[],"campfire_rested":1,"item_purchase_floors":[],"current_hp_per_floor":[62,62,61,51,51,25,25,25,25,25,23,19,19,16,16,16,64,62,62,62,62,17,41,10,10],"gold":402,"neow_bonus":"BOSS_RELIC","is_daily":false,"chose_seed":false,"campfire_upgraded":4,"win_rate":0.0,"timestamp":1608920213,"path_taken":["M","?","M","?","?","E","R","?","T","R","M","?","R","E","R","BOSS","M","?","M","M","?","R","E"],"items_purchased_type":[],"build_version":"2020-12-22","purchased_purges":0,"victory":false,"max_hp_per_floor":[75,75,75,75,75,75,75,75,75,75,75,80,80,80,80,80,80,80,80,80,80,83,83,83,83],"relic_stats":{"Happy Flower":[20],"counters":[13,77],"obtain_stats":[{"Happy Flower":6,"Bag of Marbles":9,"Red Mask":22,"Empty Cage":17,"Burning Blood":0,"FossilizedHelix":14,"Runic Pyramid":0},{"Happy Flower":4,"Bag of Marbles":4,"Red Mask":12,"Empty Cage":8,"Burning Blood":0,"FossilizedHelix":7,"Runic Pyramid":0},{"Happy Flower":15,"Bag of Marbles":15,"Red Mask":70,"Empty Cage":45,"Burning Blood":0,"FossilizedHelix":33,"Runic Pyramid":0}]},"card_choices":[{"not_picked":["Headbutt","Wild Strike"],"picked":"Rampage","floor":1},{"not_picked":["Headbutt","Twin Strike"],"picked":"Cleave","floor":3},{"not_picked":["Immolate","Metallicize"],"picked":"Disarm","floor":12},{"not_picked":["Blood for Blood","Clothesline","Clash"],"picked":"SKIP","floor":14},{"not_picked":["Double Tap","Exhume"],"picked":"Impervious","floor":16},{"not_picked":["Flex","Rupture","Wild Strike"],"picked":"SKIP","floor":18},{"not_picked":["Thunderclap","Twin Strike"],"picked":"True Grit+1","floor":20},{"not_picked":["Wild Strike","Havoc"],"picked":"Feed","floor":21},{"not_picked":["Armaments","Second Wind"],"picked":"Spot Weakness","floor":22}],"player_experience":1257471,"relics_obtained":[{"floor":6,"key":"Happy Flower"},{"floor":9,"key":"Bag of Marbles"},{"floor":14,"key":"FossilizedHelix"},{"floor":22,"key":"Red Mask"}],"event_choices":[{"cards_removed":["Strike_R"],"damage_healed":0,"gold_gain":0,"player_choice":"Purged","damage_taken":0,"max_hp_gain":0,"max_hp_loss":0,"event_name":"Purifier","floor":2,"gold_loss":0},{"damage_healed":0,"gold_gain":0,"player_choice":"Grow","damage_taken":0,"max_hp_gain":0,"max_hp_loss":0,"event_name":"Living Wall","floor":5,"gold_loss":0,"cards_upgraded":["Rampage"]},{"damage_healed":0,"gold_gain":0,"player_choice":"2 cards matched","damage_taken":0,"max_hp_gain":0,"max_hp_loss":0,"event_name":"Match and Keep!","floor":8,"gold_loss":0,"cards_obtained":["Bash","Barricade"]},{"damage_healed":0,"gold_gain":0,"player_choice":"Ignored","damage_taken":0,"max_hp_gain":0,"max_hp_loss":0,"event_name":"Cursed Tome","floor":19,"gold_loss":0},{"damage_healed":0,"gold_gain":0,"player_choice":"Fought Bandits","damage_taken":0,"max_hp_gain":0,"max_hp_loss":0,"event_name":"Masked Bandits","floor":22,"gold_loss":0}],"is_beta":false,"boss_relics":[{"not_picked":["Tiny House","Runic Cube"],"picked":"Empty Cage"}],"items_purged_floors":[],"is_endless":false,"potions_floor_spawned":[1,4,11,12,20],"killed_by":"Book of Stabbing","ascension_level":20}}