{"host":"anox4050deqdcqoh","time":1608920150,"event":{"mods":["BaseMod","Colored Map","Minty Spire (QoL Compilation)","Quick Restart"],"gold_per_floor":[113,133,133,133,149,176,176,19,19,19,19,19,36,50,50,153,153,170,186,111,111,111,111],"floor_reached":22,"playtime":870,"items_purged":[],"score":218,"play_id":"e4bd9707-c57f-4e22-bb7c-020982a610e6","local_time":"20201225131550","is_ascension_mode":true,"campfire_choices":[{"data":"Bash","floor":7,"key":"SMITH"},{"floor":12,"key":"REST"},{"data":"Bloodletting","floor":15,"key":"SMITH"}],"circlet_count":0,"master_deck":["Bash+1","Bloodletting+1","Berserk+1","Clothesline+1","Shrug It Off","Exhume","Cleave","Fiend Fire","Havoc","Barricade","Dark Embrace","Clash","Body Slam","Thunderclap","Barricade","Pommel Strike","Heavy Blade"],"relics":["Burning Blood","Pantograph","Letter Opener","Pandora\u0027s Box"],"acts_visited":["Exordium","TheCity"],"potions_floor_usage":[6,13,19,22],"damage_taken":[{"damage":1,"enemies":"Cultist","floor":1,"turns":3},{"damage":0,"enemies":"2 Louse","floor":2,"turns":3},{"damage":0,"enemies":"Small Slimes","floor":5,"turns":3},{"damage":50,"enemies":"Lagavulin","floor":6,"turns":7},{"damage":0,"enemies":"3 Louse","floor":13,"turns":2},{"damage":3,"enemies":"Large Slime","floor":14,"turns":4},{"damage":69,"enemies":"Hexaghost","floor":16,"turns":13},{"damage":51,"enemies":"Spheric Guardian","floor":18,"turns":6},{"damage":12,"enemies":"Chosen","floor":19,"turns":4},{"damage":28,"enemies":"3 Cultists","floor":22,"turns":3}],"seed_played":"-851214319197416438","potions_obtained":[{"floor":1,"key":"DuplicationPotion"},{"floor":6,"key":"Fire Potion"},{"floor":16,"key":"GamblersBrew"},{"floor":19,"key":"PowerPotion"}],"is_trial":false,"path_per_floor":["M","M","?","?","M","E","R","$","T","$","?","R","M","M","R","B",null,"M","M","?","?","M"],"character_chosen":"IRONCLAD","items_purchased":["Exhume"],"campfire_rested":1,"item_purchase_floors":[8],"current_hp_per_floor":[88,88,93,93,93,49,49,49,49,49,49,76,82,85,85,30,93,48,42,42,24,0,0],"gold":111,"neow_bonus":"TEN_PERCENT_HP_BONUS","is_daily":false,"chose_seed":false,"campfire_upgraded":2,"win_rate":0.0,"timestamp":1608920150,"path_taken":["M","M","?","?","?","E","R","$","T","$","?","R","M","M","R","BOSS","M","M","?","?","M"],"items_purchased_type":["Card"],"build_version":"2020-12-22","purchased_purges":0,"victory":false,"max_hp_per_floor":[88,88,93,93,93,93,93,93,93,93,93,93,93,93,93,93,93,93,93,93,98,98,98],"card_choices":[{"not_picked":["Pommel Strike","Warcry"],"picked":"Bloodletting","floor":1},{"not_picked":["Warcry","True Grit"],"picked":"Berserk","floor":2},{"not_picked":["Infernal Blade","Pommel Strike"],"picked":"Clothesline","floor":5},{"not_picked":["Warcry","Reckless Charge"],"picked":"Shrug It Off","floor":6},{"not_picked":["Seeing Red","True Grit"],"picked":"Cleave","floor":13},{"not_picked":["Warcry","Headbutt","Pommel Strike"],"picked":"SKIP","floor":14},{"not_picked":["Reaper","Double Tap"],"picked":"Fiend Fire","floor":16},{"not_picked":["Anger+1","Warcry+1"],"picked":"Heavy Blade","floor":18},{"not_picked":["Iron Wave","Anger","Twin Strike+1"],"picked":"SKIP","floor":19}],"player_experience":202424,"relics_obtained":[{"floor":6,"key":"Pantograph"},{"floor":9,"key":"Letter Opener"}],"event_choices":[{"damage_healed":0,"gold_gain":0,"player_choice":"Donut","damage_taken":0,"max_hp_gain":5,"max_hp_loss":0,"event_name":"Big Fish","floor":3,"gold_loss":0},{"damage_healed":0,"gold_gain":0,"player_choice":"Forge","damage_taken":0,"max_hp_gain":0,"max_hp_loss":0,"event_name":"Accursed Blacksmith","floor":4,"gold_loss":0,"cards_upgraded":["Berserk"]},{"damage_healed":0,"gold_gain":0,"player_choice":"Grow","damage_taken":0,"max_hp_gain":0,"max_hp_loss":0,"event_name":"Living Wall","floor":11,"gold_loss":0,"cards_upgraded":["Clothesline"]},{"cards_removed":["Corruption"],"damage_healed":0,"gold_gain":0,"player_choice":"Gave Gold","damage_taken":0,"max_hp_gain":0,"max_hp_loss":0,"event_name":"Beggar","floor":20,"gold_loss":75},{"damage_healed":0,"gold_gain":0,"player_choice":"Shed Blood","damage_taken":23,"max_hp_gain":5,"max_hp_loss":0,"event_name":"Forgotten Altar","floor":21,"gold_loss":0}],"is_beta":false,"boss_relics":[{"not_picked":["Calling Bell","Cursed Key"],"picked":"Pandora\u0027s Box"}],"items_purged_floors":[],"is_endless":false,"potions_floor_spawned":[1,6,16,19],"killed_by":"3 Cultists","ascension_level":1}}