{"host":"agbyy69nq62afhwx","time":1608917202,"event":{"mods":["BaseMod","Colored Map","Highlight Path","Keyboard Shortcuts","Minty Spire (QoL Compilation)","Quick Restart","StSLib","SuperFastMode","everything is the same but u backflip on backflip"],"gold_per_floor":[366,42,57,77,90,122,142,142,213,225,245,265,265,280,280,383,383,397,40,40,40,57,57,57,88,115,128,128,143,170,187,187,282,282,301,301,301,56,68,68,86,99,99,99,99,99,116,132,132,132],"floor_reached":51,"playtime":1502,"items_purged":["Defend_P","Defend_P+1"],"score":1134,"play_id":"0d9bd21b-1467-4811-972a-0287e7a8f8bc","local_time":"20201226022642","is_ascension_mode":true,"campfire_choices":[{"data":"Eruption","floor":8.0,"key":"SMITH"},{"data":"Scrawl","floor":13.0,"key":"SMITH"},{"data":"Adaptation","floor":15.0,"key":"SMITH"},{"data":"RitualDagger","floor":24.0,"key":"SMITH"},{"data":"Halt","floor":28.0,"key":"SMITH"},{"data":"DeusExMachina","floor":32.0,"key":"SMITH"},{"floor":40.0,"key":"REST"},{"floor":45.0,"key":"RECALL"},{"floor":49,"key":"REST"}],"circlet_count":0,"master_deck":["Strike_P+1","Strike_P+1","Defend_P+1","Eruption+1","Vigilance+1","WindmillStrike+1","Adaptation+1","Scrawl+1","Halt+1","EmptyFist+1","FollowUp+1","Judgement+1","Flash of Steel+1","BattleHymn+1","RitualDagger+1","DeusExMachina+1","FlurryOfBlows+1"],"relics":["PureWater","Mummified Hand","CaptainsWheel","Gremlin Horn","Empty Cage","TheAbacus","StoneCalendar","Boot","Pen Nib","SacredBark","Mark of the Bloom","Ancient Tea Set","Ornamental Fan"],"acts_visited":["Exordium","TheCity","TheBeyond"],"potions_floor_usage":[50,50,50,50],"damage_taken":[{"damage":2.0,"enemies":"Cultist","floor":1.0,"turns":3.0},{"damage":0.0,"enemies":"Small Slimes","floor":3.0,"turns":3.0},{"damage":2.0,"enemies":"2 Louse","floor":4.0,"turns":2.0},{"damage":0.0,"enemies":"Large Slime","floor":5.0,"turns":3.0},{"damage":4.0,"enemies":"3 Sentries","floor":6.0,"turns":6.0},{"damage":21.0,"enemies":"Exordium Thugs","floor":7.0,"turns":5.0},{"damage":0.0,"enemies":"3 Louse","floor":10.0,"turns":1.0},{"damage":1.0,"enemies":"Looter","floor":11.0,"turns":3.0},{"damage":0.0,"enemies":"Large Slime","floor":12.0,"turns":3.0},{"damage":5.0,"enemies":"Exordium Wildlife","floor":14.0,"turns":2.0},{"damage":0.0,"enemies":"Slime Boss","floor":16.0,"turns":4.0},{"damage":0.0,"enemies":"3 Byrds","floor":18.0,"turns":2.0},{"damage":0.0,"enemies":"Spheric Guardian","floor":22.0,"turns":1.0},{"damage":0.0,"enemies":"Gremlin Leader","floor":25.0,"turns":3.0},{"damage":0.0,"enemies":"Snake Plant","floor":27.0,"turns":2.0},{"damage":0.0,"enemies":"3 Cultists","floor":29.0,"turns":2.0},{"damage":0.0,"enemies":"Book of Stabbing","floor":30.0,"turns":2.0},{"damage":0.0,"enemies":"Chosen and Byrds","floor":31.0,"turns":2.0},{"damage":33.0,"enemies":"Champ","floor":33.0,"turns":8.0},{"damage":7.0,"enemies":"Orb Walker","floor":35.0,"turns":2.0},{"damage":0.0,"enemies":"3 Shapes","floor":39.0,"turns":4.0},{"damage":0.0,"enemies":"Maw","floor":41.0,"turns":2.0},{"damage":0.0,"enemies":"Jaw Worm Horde","floor":42.0,"turns":2.0},{"damage":0.0,"enemies":"Transient","floor":47.0,"turns":5.0},{"damage":0,"enemies":"Maw","floor":48,"turns":5},{"damage":0,"enemies":"Donu and Deca","floor":50,"turns":5}],"seed_played":"-9206075411482515788","potions_obtained":[{"floor":5.0,"key":"Strength Potion"},{"floor":6.0,"key":"Regen Potion"},{"floor":12.0,"key":"BottledMiracle"},{"floor":14.0,"key":"EntropicBrew"},{"floor":27.0,"key":"StancePotion"},{"floor":35.0,"key":"EssenceOfSteel"},{"floor":42.0,"key":"DuplicationPotion"}],"is_trial":false,"path_per_floor":["M","$","M","M","M","E","M","R","T","M","M","M","R","M","R","B",null,"M","$","?","?","M","?","R","E","T","M","R","M","E","M","R","B",null,"M","?","?","$","M","R","M","M","T","$","R","?","M","M","R","B",null],"character_chosen":"WATCHER","items_purchased":["Adaptation","Mummified Hand","Flash of Steel","BattleHymn","TheAbacus","Ancient Tea Set"],"campfire_rested":2,"item_purchase_floors":[2,2,19,19,19,38],"current_hp_per_floor":[63,63,63,61,61,57,36,36,36,36,35,35,35,30,30,30,65,65,65,59,59,59,59,59,59,59,59,59,59,59,59,59,26,65,58,58,58,58,58,58,58,58,58,58,58,58,58,58,58,58],"gold":132,"neow_bonus":"TWO_FIFTY_GOLD","is_daily":false,"chose_seed":false,"campfire_upgraded":6,"win_rate":0.0,"timestamp":1608917202,"path_taken":["M","$","?","M","M","E","?","R","T","M","M","M","R","M","R","BOSS","M","$","?","?","?","?","R","E","T","M","R","M","E","M","R","BOSS","M","?","?","$","M","R","M","?","T","$","R","?","M","M","R","BOSS"],"items_purchased_type":["Card","Relic","Card","Card","Relic","Relic"],"build_version":"2020-12-22","purchased_purges":2,"victory":true,"max_hp_per_floor":[65,65,65,65,65,65,65,65,65,65,65,65,65,65,65,65,65,65,65,65,65,65,65,65,65,65,65,65,65,65,65,65,65,65,65,65,65,65,65,65,65,65,65,65,65,65,65,65,65,65],"card_choices":[{"not_picked":["JustLucky","Crescendo"],"picked":"WindmillStrike","floor":1.0},{"not_picked":["WheelKick","Crescendo"],"picked":"Scrawl","floor":3.0},{"not_picked":["Evaluate","Crescendo","Prostrate"],"picked":"SKIP","floor":4.0},{"not_picked":["FlyingSleeves","WaveOfTheHand"],"picked":"Halt","floor":5.0},{"not_picked":["Protect","SignatureMove"],"picked":"EmptyFist","floor":6.0},{"not_picked":["Wallop","Halt","MasterReality"],"picked":"SKIP","floor":7.0},{"not_picked":["Protect","JustLucky"],"picked":"FollowUp","floor":10.0},{"not_picked":["FollowUp","LessonLearned","SashWhip"],"picked":"SKIP","floor":11.0},{"not_picked":["EmptyFist","Consecrate","Tantrum"],"picked":"SKIP","floor":12.0},{"not_picked":["Sanctity","Prostrate","CutThroughFate"],"picked":"SKIP","floor":14.0},{"not_picked":["DevaForm","Scrawl"],"picked":"Judgement","floor":16.0},{"not_picked":["FollowUp","CrushJoints+1","Crescendo"],"picked":"SKIP","floor":18.0},{"not_picked":["Crescendo","EmptyFist","Protect"],"picked":"SKIP","floor":22.0},{"not_picked":["WaveOfTheHand","JustLucky","ForeignInfluence+1"],"picked":"SKIP","floor":25.0},{"not_picked":["WaveOfTheHand","JustLucky"],"picked":"ForeignInfluence+1","floor":25.0},{"not_picked":["Crescendo","SandsOfTime+1","Consecrate"],"picked":"SKIP","floor":27.0},{"not_picked":["BowlingBash","Evaluate+1","Wallop"],"picked":"SKIP","floor":29.0},{"not_picked":["FollowUp","SashWhip"],"picked":"DeusExMachina","floor":30.0},{"not_picked":["Study","Crescendo","Halt"],"picked":"SKIP","floor":31.0},{"not_picked":["SandsOfTime+1","Weave","Swivel+1"],"picked":"SKIP","floor":35.0},{"not_picked":["Crescendo+1","Consecrate"],"picked":"FlurryOfBlows+1","floor":39.0},{"not_picked":["Crescendo","PathToVictory","Prostrate"],"picked":"SKIP","floor":41.0},{"not_picked":["ClearTheMind+1","PathToVictory+1","SashWhip+1"],"picked":"SKIP","floor":42.0},{"not_picked":["Swivel","Consecrate+1","Wish"],"picked":"SKIP","floor":47.0},{"not_picked":["DeceiveReality+1","Crescendo","FlurryOfBlows"],"picked":"SKIP","floor":48}],"player_experience":374892,"relics_obtained":[{"floor":6.0,"key":"CaptainsWheel"},{"floor":9.0,"key":"Gremlin Horn"},{"floor":25.0,"key":"StoneCalendar"},{"floor":26.0,"key":"Boot"},{"floor":30.0,"key":"Pen Nib"},{"floor":43.0,"key":"Ornamental Fan"}],"event_choices":[{"damage_healed":0.0,"max_hp_gain":0.0,"max_hp_loss":0.0,"gold_gain":0.0,"event_name":"Nest","player_choice":"Joined the Cult","floor":20.0,"gold_loss":0.0,"damage_taken":6.0,"cards_obtained":["RitualDagger"]},{"cards_removed":["Strike_P"],"damage_healed":0.0,"max_hp_gain":0.0,"max_hp_loss":0.0,"gold_gain":0.0,"event_name":"Bonfire Elementals","player_choice":"Offered Basic","floor":21.0,"gold_loss":0.0,"damage_taken":0.0},{"damage_healed":0.0,"max_hp_gain":0.0,"max_hp_loss":0.0,"gold_gain":0.0,"event_name":"Ghosts","player_choice":"Ignored","floor":23.0,"gold_loss":0.0,"damage_taken":0.0},{"damage_healed":0.0,"max_hp_gain":0.0,"max_hp_loss":0.0,"gold_gain":0.0,"event_name":"MindBloom","player_choice":"Upgrade","floor":36.0,"gold_loss":0.0,"damage_taken":0.0,"cards_upgraded":["Strike_P","Strike_P","Defend_P","Defend_P","Vigilance","WindmillStrike","EmptyFist","FollowUp","Judgement","Flash of Steel","BattleHymn"],"relics_obtained":["Mark of the Bloom"]},{"damage_healed":0.0,"max_hp_gain":0.0,"max_hp_loss":0.0,"gold_gain":0.0,"event_name":"The Woman in Blue","player_choice":"Bought 0 Potions","floor":37.0,"gold_loss":0.0,"damage_taken":0.0},{"cards_removed":["ForeignInfluence"],"damage_healed":0.0,"max_hp_gain":0.0,"max_hp_loss":0.0,"gold_gain":0.0,"event_name":"Falling","player_choice":"Removed Skill","floor":46.0,"gold_loss":0.0,"damage_taken":0.0}],"is_beta":false,"boss_relics":[{"not_picked":["Coffee Dripper","Tiny House"],"picked":"Empty Cage"},{"not_picked":["Sozu","Calling Bell"],"picked":"SacredBark"}],"items_purged_floors":[19,38],"is_endless":false,"potions_floor_spawned":[5,6,12,14,16,18,25,27,29,35,42],"ascension_level":4}}