{"host":"9vecvdjkx64cw9bo","time":1608883281,"event":{"mods":["BaseMod","Custom Start","Keyboard Shortcuts","Minty Spire (QoL Compilation)","Quick Restart","StSLib","SuperFastMode"],"gold_per_floor":[117,117,117,267,267,267,282,207,207,207,228,228,244,284,284,382,382,400,400,423,473,473,473,487,487,511,525,575,575,599,618,618,618,618],"floor_reached":33,"playtime":626,"items_purged":["Doubt"],"score":490,"play_id":"b9327c3b-75ff-4329-bdf4-51da98a7903c","local_time":"20201225170121","is_ascension_mode":true,"campfire_choices":[{"data":"Zap","floor":6.0,"key":"SMITH"},{"data":"Dualcast","floor":10.0,"key":"SMITH"},{"data":"Scrape","floor":12.0,"key":"SMITH"},{"data":"Coolheaded","floor":15.0,"key":"SMITH"},{"data":"Seek","floor":23.0,"key":"SMITH"},{"floor":25.0,"key":"REST"},{"data":"Steam","floor":29.0,"key":"SMITH"},{"data":"Fusion","floor":32,"key":"SMITH"}],"circlet_count":0,"master_deck":["AscendersBane","Strike_B","Defend_B","Defend_B","Defend_B","Defend_B","Zap+1","Dualcast+1","Gash","Gash","Scrape+1","Coolheaded+1","Steam+1","Seek+1","Fusion+1"],"relics":["Cracked Core","Golden Idol","Pear","Omamori","Busted Crown","Centennial Puzzle"],"acts_visited":["Exordium","TheCity"],"potions_floor_usage":[],"damage_taken":[{"damage":4.0,"enemies":"2 Louse","floor":1.0,"turns":3.0},{"damage":9.0,"enemies":"Jaw Worm","floor":7.0,"turns":4.0},{"damage":13.0,"enemies":"Small Slimes","floor":11.0,"turns":3.0},{"damage":2.0,"enemies":"Exordium Wildlife","floor":13.0,"turns":2.0},{"damage":9.0,"enemies":"Gremlin Nob","floor":14.0,"turns":3.0},{"damage":3.0,"enemies":"The Guardian","floor":16.0,"turns":8.0},{"damage":9.0,"enemies":"2 Thieves","floor":18.0,"turns":3.0},{"damage":23.0,"enemies":"3 Byrds","floor":20.0,"turns":5.0},{"damage":5.0,"enemies":"Snake Plant","floor":24.0,"turns":4.0},{"damage":0.0,"enemies":"Centurion and Healer","floor":27.0,"turns":4.0},{"damage":1.0,"enemies":"Shelled Parasite and Fungi","floor":30.0,"turns":3.0},{"damage":22,"enemies":"Cultist and Chosen","floor":31,"turns":7},{"damage":14,"enemies":"Automaton","floor":33,"turns":4}],"seed_played":"1187751258283696732","potions_obtained":[{"floor":7.0,"key":"CultistPotion"},{"floor":11.0,"key":"FearPotion"},{"floor":16.0,"key":"Fire Potion"},{"floor":20.0,"key":"SpeedPotion"},{"floor":24.0,"key":"DistilledChaos"}],"is_trial":false,"path_per_floor":["M","?","?","?","?","R","M","$","T","R","M","R","M","E","R","B",null,"M","?","M","?","?","R","M","R","T","M","?","R","M","M","R","B"],"character_chosen":"DEFECT","items_purchased":[],"campfire_rested":1,"item_purchase_floors":[],"current_hp_per_floor":[42,35,35,35,35,35,26,26,36,36,23,23,21,12,12,9,58,49,49,26,26,26,26,21,43,43,43,36,36,35,13,13,0,0],"gold":618,"neow_bonus":"REMOVE_TWO","is_daily":false,"chose_seed":false,"campfire_upgraded":7,"win_rate":0.0,"timestamp":1608883281,"path_taken":["M","?","?","?","?","R","M","$","T","R","?","R","M","E","R","BOSS","M","?","M","?","?","R","M","R","T","M","?","R","?","M","R","BOSS"],"items_purchased_type":[],"build_version":"2020-12-22","purchased_purges":1,"victory":false,"max_hp_per_floor":[71,71,71,71,64,64,64,64,74,74,74,74,74,74,74,74,74,74,74,74,74,74,74,74,74,74,74,74,74,74,74,74,74,74],"card_choices":[{"not_picked":["Go for the Eyes","Cold Snap"],"picked":"Gash","floor":1.0},{"not_picked":["Tempest","Heatsinks"],"picked":"Gash","floor":7.0},{"not_picked":["Lockon","Beam Cell"],"picked":"Scrape","floor":11.0},{"not_picked":["Hologram","Rip and Tear"],"picked":"Coolheaded","floor":13.0},{"not_picked":["Steam","Coolheaded","Streamline"],"picked":"SKIP","floor":14.0},{"not_picked":["Coolheaded","Streamline"],"picked":"Steam","floor":14.0},{"not_picked":["Echo Form","Creative AI"],"picked":"Seek","floor":16.0},{"not_picked":["Barrage"],"picked":"SKIP","floor":18.0},{"not_picked":["Ball Lightning"],"picked":"SKIP","floor":20.0},{"not_picked":["Cold Snap"],"picked":"SKIP","floor":24.0},{"not_picked":["Sweeping Beam"],"picked":"SKIP","floor":27.0},{"not_picked":["Consume"],"picked":"SKIP","floor":30.0},{"not_picked":[],"picked":"Fusion","floor":31}],"player_experience":774076,"relics_obtained":[{"floor":9.0,"key":"Pear"},{"floor":14.0,"key":"Omamori"},{"floor":26.0,"key":"Centennial Puzzle"}],"event_choices":[{"cards_removed":["Strike_B"],"damage_healed":0.0,"max_hp_gain":0.0,"max_hp_loss":0.0,"gold_gain":0.0,"event_name":"Golden Wing","player_choice":"Card Removal","floor":2.0,"gold_loss":0.0,"damage_taken":7.0},{"damage_healed":0.0,"max_hp_gain":0.0,"max_hp_loss":0.0,"gold_gain":0.0,"event_name":"Scrap Ooze","player_choice":"Fled","floor":3.0,"gold_loss":0.0,"damage_taken":0.0},{"damage_healed":0.0,"max_hp_gain":0.0,"max_hp_loss":0.0,"gold_gain":150.0,"event_name":"Liars Game","player_choice":"AGREE","floor":4.0,"gold_loss":0.0,"damage_taken":0.0,"cards_obtained":["Doubt"]},{"damage_healed":0.0,"max_hp_gain":0.0,"max_hp_loss":7.0,"gold_gain":0.0,"event_name":"Golden Idol","player_choice":"Lose Max HP","floor":5.0,"gold_loss":0.0,"damage_taken":0.0,"relics_obtained":["Golden Idol"]},{"damage_healed":0.0,"max_hp_gain":0.0,"max_hp_loss":0.0,"gold_gain":0.0,"event_name":"The Mausoleum","player_choice":"Ignored","floor":19.0,"gold_loss":0.0,"damage_taken":0.0},{"damage_healed":0.0,"max_hp_gain":0.0,"max_hp_loss":0.0,"gold_gain":50.0,"event_name":"Nest","player_choice":"Stole From Cult","floor":21.0,"gold_loss":0.0,"damage_taken":0.0},{"damage_healed":0.0,"max_hp_gain":0.0,"max_hp_loss":0.0,"gold_gain":0.0,"event_name":"Ghosts","player_choice":"Ignored","floor":22.0,"gold_loss":0.0,"damage_taken":0.0},{"damage_healed":0.0,"max_hp_gain":0.0,"max_hp_loss":0.0,"gold_gain":50.0,"event_name":"FaceTrader","player_choice":"Touch","floor":28.0,"gold_loss":0.0,"damage_taken":7.0}],"is_beta":false,"boss_relics":[{"not_picked":["Snecko Eye","FrozenCore"],"picked":"Busted Crown"}],"items_purged_floors":[8],"is_endless":false,"potions_floor_spawned":[7,11,16,20,24,27],"killed_by":"Automaton","ascension_level":20}}