{"host":"t75twhtg6c476ygg","time":1608902363,"event":{"mods":["AchievementEnabler","BaseMod","Colored Powertips","Minty Spire (QoL Compilation)","Quick Restart","Relic Stats","StSLib","SuperFastMode"],"gold_per_floor":[114,114,129,144,159,189,204,234,234,264,279,309,265,265,265,365,365,380,380,53,53,53,53,83,83,133,163,88,127,142,142,142,251,251,266,41,76,76,76,106,106,145,170,170,200,50,89,89,89,89],"floor_reached":51,"playtime":1806,"items_purged":[],"score":1443,"play_id":"4b0b8455-7d21-419b-9719-563961eb312c","local_time":"20201225131923","daily_mods":["Draft","Hoarder","Elite Swarm"],"is_ascension_mode":false,"campfire_choices":[{"data":"Whirlwind","floor":15.0,"key":"SMITH"},{"data":"Flex","floor":23.0,"key":"SMITH"},{"data":"Flex","floor":25.0,"key":"SMITH"},{"data":"Fiend Fire","floor":32.0,"key":"SMITH"},{"data":"1","floor":41,"key":"LIFT"},{"data":"2","floor":44,"key":"LIFT"},{"data":"3","floor":49,"key":"LIFT"}],"circlet_count":0,"master_deck":["Warcry","Warcry","Seeing Red","Seeing Red","Seeing Red","Flame Barrier","Flame Barrier","Cleave","Cleave","Cleave","Clash","Clash","Clash","Shrug It Off","Shrug It Off","Shrug It Off","Seeing Red","Seeing Red","Seeing Red","Clash","Clash","Clash","Thunderclap","Thunderclap","Thunderclap","Cleave","Cleave","Armaments","Armaments","Armaments","Shrug It Off","Shrug It Off","Shrug It Off","Shrug It Off","Shrug It Off","Limit Break","Limit Break","Limit Break","Limit Break+1","Limit Break+1","Limit Break+1","Limit Break+1","Limit Break+1","Limit Break+1","Limit Break+1","Limit Break+1","Limit Break+1","Limit Break+1","Limit Break+1","Limit Break+1","Limit Break+1","Limit Break+1","Limit Break+1","Limit Break+1","Limit Break+1","Limit Break+1","Whirlwind+1","Whirlwind","Whirlwind","Impervious","Impervious","Impervious","Carnage+1","Carnage+1","Carnage+1","Warcry+1","Warcry+1","Warcry+1","Immolate+1","Immolate+1","Immolate+1","Anger","Anger","Anger","Flex+1","Flex","Flex+1","Fiend Fire+1","Fiend Fire","Fiend Fire","Corruption","Corruption","Corruption","Offering","Offering","Offering","Offering","Offering","Offering"],"relics":["Burning Blood","Blue Candle","Vajra","Potion Belt","Pear","InkBottle","Red Skull","Astrolabe","Membership Card","Juzu Bracelet","Ancient Tea Set","Centennial Puzzle","CeramicFish","HornCleat","Magic Flower","Busted Crown","Sling","Bag of Preparation","Toy Ornithopter","CaptainsWheel","Girya","Blue Candle","Bronze Scales","Orichalcum","StoneCalendar","Anchor"],"acts_visited":["Exordium","TheCity","TheBeyond"],"potions_floor_usage":[37,37,40,50],"damage_taken":[{"damage":0.0,"enemies":"Small Slimes","floor":1.0,"turns":2.0},{"damage":3.0,"enemies":"Cultist","floor":3.0,"turns":2.0},{"damage":0.0,"enemies":"2 Louse","floor":4.0,"turns":1.0},{"damage":6.0,"enemies":"Large Slime","floor":5.0,"turns":8.0},{"damage":13.0,"enemies":"3 Sentries","floor":6.0,"turns":6.0},{"damage":19.0,"enemies":"Exordium Wildlife","floor":7.0,"turns":4.0},{"damage":0.0,"enemies":"Gremlin Nob","floor":8.0,"turns":2.0},{"damage":7.0,"enemies":"Lagavulin","floor":10.0,"turns":5.0},{"damage":4.0,"enemies":"Blue Slaver","floor":11.0,"turns":6.0},{"damage":13.0,"enemies":"Gremlin Nob","floor":12.0,"turns":3.0},{"damage":0.0,"enemies":"Slime Boss","floor":16.0,"turns":3.0},{"damage":2.0,"enemies":"Shell Parasite","floor":18.0,"turns":3.0},{"damage":27.0,"enemies":"Gremlin Leader","floor":24.0,"turns":5.0},{"damage":40.0,"enemies":"Book of Stabbing","floor":27.0,"turns":5.0},{"damage":16.0,"enemies":"Slavers","floor":29.0,"turns":5.0},{"damage":0.0,"enemies":"Spheric Guardian","floor":30.0,"turns":2.0},{"damage":0,"enemies":"Champ","floor":33,"turns":4},{"damage":3,"enemies":"3 Darklings","floor":35,"turns":2},{"damage":20,"enemies":"2 Orb Walkers","floor":37,"turns":5},{"damage":16,"enemies":"Reptomancer","floor":40,"turns":4},{"damage":18,"enemies":"Nemesis","floor":42,"turns":3},{"damage":6,"enemies":"Reptomancer","floor":45,"turns":1},{"damage":6,"enemies":"Giant Head","floor":47,"turns":3},{"damage":12,"enemies":"Donu and Deca","floor":50,"turns":1}],"seed_played":"-567031674859551473","potions_obtained":[{"floor":4.0,"key":"SteroidPotion"},{"floor":5.0,"key":"ColorlessPotion"},{"floor":6.0,"key":"Energy Potion"},{"floor":10.0,"key":"FearPotion"},{"floor":11.0,"key":"Regen Potion"},{"floor":16.0,"key":"Block Potion"},{"floor":24.0,"key":"FearPotion"},{"floor":37,"key":"Fruit Juice"},{"floor":45,"key":"EssenceOfSteel"},{"floor":47,"key":"Energy Potion"}],"is_trial":false,"path_per_floor":["M","?","M","M","M","E","M","E","T","E","M","E","?","?","R","B",null,"M","?","$","?","$","R","E","R","T","E","?","E","M","?","R","B",null,"M","$","?","?","?","E","R","E","T","R","E","$","E","?","R","B",null],"character_chosen":"IRONCLAD","items_purchased":["Membership Card","Juzu Bracelet","Flex","Ancient Tea Set","Sling","Bag of Preparation","Toy Ornithopter","StoneCalendar"],"campfire_rested":0,"item_purchase_floors":[20,20,20,20,36,36,36,46],"current_hp_per_floor":[80,80,80,80,80,73,60,66,76,75,77,70,70,75,75,81,95,95,95,95,95,95,95,74,74,74,40,40,30,39,39,39,48,95,95,95,94,84,84,85,85,76,76,76,79,79,82,82,82,87],"gold":89,"neow_bonus":"","is_daily":true,"chose_seed":false,"campfire_upgraded":4,"win_rate":0.0,"timestamp":1608902363,"path_taken":["M","?","M","M","?","E","M","E","T","E","M","E","?","?","R","BOSS","M","?","$","?","?","R","E","R","T","E","?","E","M","?","R","BOSS","M","$","?","?","?","E","R","E","T","R","E","$","E","?","R","BOSS"],"items_purchased_type":["Relic","Relic","Card","Relic","Relic","Relic","Relic","Relic"],"build_version":"2020-12-22","purchased_purges":0,"victory":true,"max_hp_per_floor":[80,80,80,80,80,80,80,80,90,90,90,90,90,95,95,95,95,95,95,95,95,95,95,95,95,95,95,95,95,95,95,95,95,95,95,95,100,100,100,100,100,100,100,100,100,100,100,100,100,100],"relic_stats":{"counters":[24,85],"Blue Candle":[7],"Astrolabe":["Carnage","Warcry","Immolate"],"CeramicFish":36,"Magic Flower":[30],"StoneCalendar":[0],"Juzu Bracelet":2,"Bag of Preparation":[12],"Orichalcum":[0],"Burning Blood":146,"Centennial Puzzle":[27],"Busted Crown":14,"Bronze Scales":[0],"obtain_stats":[{"CeramicFish":26,"Vajra":6,"Magic Flower":29,"StoneCalendar":46,"Juzu Bracelet":20,"Bag of Preparation":36,"Ancient Tea Set":20,"Sling":36,"Burning Blood":0,"Centennial Puzzle":24,"HornCleat":27,"InkBottle":10,"Red Skull":12,"Potion Belt":8,"Girya":40,"Pear":9,"Blue Candle":6,"Astrolabe":17,"Circlet":6,"Orichalcum":45,"CaptainsWheel":37,"Anchor":47,"Busted Crown":34,"Bronze Scales":43,"Membership Card":20,"Toy Ornithopter":36},{"CeramicFish":13,"Vajra":5,"Magic Flower":15,"StoneCalendar":22,"Juzu Bracelet":12,"Bag of Preparation":18,"Ancient Tea Set":12,"Sling":18,"Burning Blood":0,"Centennial Puzzle":13,"HornCleat":14,"InkBottle":8,"Red Skull":10,"Potion Belt":7,"Girya":20,"Pear":7,"Blue Candle":5,"Astrolabe":11,"Circlet":5,"Orichalcum":22,"CaptainsWheel":19,"Anchor":23,"Busted Crown":17,"Bronze Scales":21,"Membership Card":12,"Toy Ornithopter":18},{"CeramicFish":50,"Vajra":19,"Magic Flower":60,"StoneCalendar":81,"Juzu Bracelet":45,"Bag of Preparation":68,"Ancient Tea Set":45,"Sling":68,"Burning Blood":0,"Centennial Puzzle":50,"HornCleat":55,"InkBottle":30,"Red Skull":39,"Potion Belt":25,"Girya":77,"Pear":25,"Blue Candle":14,"Astrolabe":42,"Circlet":14,"Orichalcum":81,"CaptainsWheel":73,"Anchor":84,"Busted Crown":66,"Bronze Scales":80,"Membership Card":45,"Toy Ornithopter":68}],"InkBottle":[21],"Toy Ornithopter":21},"card_choices":[{"not_picked":["Havoc","Iron Wave"],"picked":"Warcry","floor":0.0},{"not_picked":["Reckless Charge","Pommel Strike"],"picked":"Seeing Red","floor":0.0},{"not_picked":["Searing Blow","Thunderclap"],"picked":"Flame Barrier","floor":0.0},{"not_picked":["Sentinel","Heavy Blade"],"picked":"Iron Wave","floor":0.0},{"not_picked":["Clothesline","Heavy Blade"],"picked":"Bloodletting","floor":0.0},{"not_picked":["Dual Wield","Heavy Blade"],"picked":"Cleave","floor":0.0},{"not_picked":["Cleave","Heavy Blade"],"picked":"Clash","floor":0.0},{"not_picked":["Power Through","Flex"],"picked":"Shrug It Off","floor":0.0},{"not_picked":["Heavy Blade","Combust"],"picked":"Seeing Red","floor":0.0},{"not_picked":["Armaments","Sword Boomerang"],"picked":"Clash","floor":0.0},{"not_picked":["Seeing Red","Perfected Strike"],"picked":"Thunderclap","floor":0.0},{"not_picked":["Wild Strike","Dropkick"],"picked":"Dual Wield","floor":0.0},{"not_picked":["Iron Wave","Havoc"],"picked":"Cleave","floor":0.0},{"not_picked":["Havoc","Body Slam"],"picked":"Disarm","floor":0.0},{"not_picked":["Clash","Rupture"],"picked":"Armaments","floor":0.0},{"not_picked":["Thunderclap","Combust","Sentinel"],"picked":"SKIP","floor":1.0},{"not_picked":["Entrench","Heavy Blade"],"picked":"Shrug It Off","floor":3.0},{"not_picked":["Seeing Red","Heavy Blade"],"picked":"Shrug It Off","floor":4.0},{"not_picked":["Clothesline","Searing Blow","Heavy Blade"],"picked":"SKIP","floor":5.0},{"not_picked":["Impervious","Exhume"],"picked":"Limit Break","floor":6.0},{"not_picked":["Clash","Thunderclap","Wild Strike"],"picked":"SKIP","floor":7.0},{"not_picked":["Limit Break","Reaper","Feed"],"picked":"SKIP","floor":8.0},{"not_picked":["Limit Break","Brutality","Impervious"],"picked":"SKIP","floor":10.0},{"not_picked":["Clothesline","Dark Embrace"],"picked":"Whirlwind","floor":11.0},{"not_picked":["Immolate","Juggernaut"],"picked":"Impervious","floor":12.0},{"not_picked":["Disarm","Dual Wield+1","Sword Boomerang"],"picked":"SKIP","floor":18.0},{"not_picked":["Fiend Fire","Bludgeon","Brutality"],"picked":"SKIP","floor":24.0},{"not_picked":["Immolate","Impervious","Brutality"],"picked":"SKIP","floor":27.0},{"not_picked":["Limit Break","Barricade"],"picked":"Fiend Fire","floor":29.0},{"not_picked":["Whirlwind","Pommel Strike","Dropkick"],"picked":"SKIP","floor":30.0},{"not_picked":["Double Tap","Impervious"],"picked":"Corruption","floor":33},{"not_picked":["Anger+1"],"picked":"SKIP","floor":35},{"not_picked":["Brutality"],"picked":"SKIP","floor":40},{"not_picked":[],"picked":"Offering","floor":42},{"not_picked":["Demon Form"],"picked":"SKIP","floor":45},{"not_picked":[],"picked":"Offering","floor":47}],"player_experience":192861,"relics_obtained":[{"floor":6.0,"key":"Vajra"},{"floor":8.0,"key":"Potion Belt"},{"floor":9.0,"key":"Pear"},{"floor":10.0,"key":"InkBottle"},{"floor":12.0,"key":"Red Skull"},{"floor":24.0,"key":"Centennial Puzzle"},{"floor":26.0,"key":"CeramicFish"},{"floor":27.0,"key":"HornCleat"},{"floor":29.0,"key":"Magic Flower"},{"floor":37,"key":"CaptainsWheel"},{"floor":40,"key":"Girya"},{"floor":42,"key":"Blue Candle"},{"floor":43,"key":"Bronze Scales"},{"floor":45,"key":"Orichalcum"},{"floor":47,"key":"Anchor"}],"event_choices":[{"damage_healed":0.0,"max_hp_gain":0.0,"max_hp_loss":0.0,"gold_gain":0.0,"event_name":"Wheel of Change","player_choice":"Cursed","floor":2.0,"gold_loss":0.0,"damage_taken":0.0,"cards_obtained":["Decay"]},{"damage_healed":0.0,"max_hp_gain":0.0,"max_hp_loss":0.0,"gold_gain":0.0,"event_name":"World of Goop","player_choice":"Left Gold","floor":13.0,"gold_loss":44.0,"damage_taken":0.0},{"damage_healed":0.0,"max_hp_gain":5.0,"max_hp_loss":0.0,"gold_gain":0.0,"event_name":"Big Fish","player_choice":"Donut","floor":14.0,"gold_loss":0.0,"damage_taken":0.0},{"damage_healed":0.0,"max_hp_gain":0.0,"max_hp_loss":0.0,"gold_gain":0.0,"event_name":"The Library","player_choice":"Read","floor":19.0,"gold_loss":0.0,"damage_taken":0.0,"cards_obtained":["Anger"]},{"cards_removed":["Shrug It Off"],"damage_healed":0.0,"max_hp_gain":0.0,"max_hp_loss":0.0,"gold_gain":0.0,"event_name":"Beggar","player_choice":"Gave Gold","floor":28.0,"gold_loss":75.0,"damage_taken":0.0},{"damage_healed":0.0,"max_hp_gain":0.0,"max_hp_loss":0.0,"gold_gain":0.0,"event_name":"Ghosts","player_choice":"Ignored","floor":31.0,"gold_loss":0.0,"damage_taken":0.0},{"damage_healed":0,"gold_gain":0,"player_choice":"Fight","damage_taken":0,"max_hp_gain":0,"max_hp_loss":0,"event_name":"Mysterious Sphere","floor":37,"gold_loss":0},{"damage_healed":0,"gold_gain":0,"player_choice":"Damaged","damage_taken":10,"max_hp_gain":0,"max_hp_loss":0,"event_name":"Wheel of Change","floor":38,"gold_loss":0},{"damage_healed":0,"gold_gain":0,"player_choice":"Memory 1","damage_taken":0,"max_hp_gain":0,"max_hp_loss":0,"event_name":"SensoryStone","floor":39,"gold_loss":0},{"damage_healed":0,"gold_gain":0,"player_choice":"Ignored","damage_taken":0,"max_hp_gain":0,"max_hp_loss":0,"event_name":"SecretPortal","floor":48,"gold_loss":0}],"is_beta":false,"boss_relics":[{"not_picked":["Black Star","SacredBark"],"picked":"Astrolabe"},{"not_picked":["Cursed Key","Coffee Dripper"],"picked":"Busted Crown"}],"items_purged_floors":[],"is_endless":false,"potions_floor_spawned":[4,5,6,10,11,16,24,27,30,37,45,47],"ascension_level":0}}