{"host":"vc42n08di9czm3e7","time":1608936613,"event":{"mods":["AchievementEnabler","Act Like it!","BaseMod","Colored Powertips","Downfall","Friendly Minions","GifTheSpireLib","Minty Spire (QoL Compilation)","Rare Cards Sparkle","StSLib"],"gold_per_floor":[114,131,146,146,166,191,191,208,208,208,219,219,230,240,240,240,240],"floor_reached":16,"playtime":923,"items_purged":[],"score":106,"play_id":"d89c1a00-40c0-4f5e-b74a-fed4747183e4","local_time":"20201225175013","is_ascension_mode":false,"campfire_choices":[{"floor":7,"key":"REST"},{"floor":10,"key":"REST"},{"floor":15,"key":"REST"}],"circlet_count":0,"master_deck":["Strike_P","Strike_P","Strike_P","Defend_P","Defend_P","Defend_P","Defend_P","Eruption+1","Vigilance","Meditate","ClearTheMind","EmptyBody","CutThroughFate","FlurryOfBlows","EmptyFist","PathToVictory","Halt","DevaForm"],"relics":["PureWater","The Courier"],"acts_visited":["Exordium"],"potions_floor_usage":[6],"damage_taken":[{"damage":2,"enemies":"Small Slimes","floor":1,"turns":3},{"damage":0,"enemies":"Jaw Worm","floor":2,"turns":3},{"damage":0,"enemies":"2 Louse","floor":3,"turns":3},{"damage":5,"enemies":"2 Fungi Beasts","floor":5,"turns":4},{"damage":60,"enemies":"Lagavulin","floor":6,"turns":10},{"damage":6,"enemies":"Gremlin Gang","floor":8,"turns":4},{"damage":5,"enemies":"Looter","floor":11,"turns":3},{"damage":13,"enemies":"Large Slime","floor":13,"turns":4},{"damage":8,"enemies":"Gremlin Gang","floor":14,"turns":4},{"damage":29,"enemies":"The Guardian","floor":16,"turns":4}],"seed_played":"-4480611938357459468","potions_obtained":[{"floor":5,"key":"Dexterity Potion"},{"floor":6,"key":"Guardian:BlockOnCardUsePotion"},{"floor":11,"key":"BottledMiracle"},{"floor":14,"key":"Strength Potion"}],"is_trial":false,"path_per_floor":["M","M","M","?","M","E","R","M","T","R","M","?","M","M","R","B"],"character_chosen":"WATCHER","items_purchased":[],"campfire_rested":3,"item_purchase_floors":[],"current_hp_per_floor":[70,70,70,70,65,5,26,20,20,41,36,29,16,8,29,0,0],"gold":240,"neow_bonus":"UPGRADE_CARD","is_daily":false,"chose_seed":false,"campfire_upgraded":0,"win_rate":0.0,"timestamp":1608936613,"path_taken":["M","M","M","?","M","E","R","M","T","R","M","?","M","?","R","BOSS"],"items_purchased_type":[],"build_version":"2020-12-22","purchased_purges":0,"victory":false,"max_hp_per_floor":[72,72,72,72,72,72,72,72,72,72,72,72,72,72,72,72,72],"card_choices":[{"not_picked":["Protect","BowlingBash"],"picked":"Meditate","floor":1},{"not_picked":["FearNoEvil","Consecrate"],"picked":"ClearTheMind","floor":2},{"not_picked":["FollowUp","Weave"],"picked":"EmptyBody","floor":3},{"not_picked":["FollowUp","Protect"],"picked":"CutThroughFate","floor":5},{"not_picked":["Evaluate","Fasting2"],"picked":"FlurryOfBlows","floor":6},{"not_picked":["FollowUp","Consecrate"],"picked":"EmptyFist","floor":8},{"not_picked":["ClearTheMind","Protect"],"picked":"PathToVictory","floor":11},{"not_picked":["Wallop","Indignation"],"picked":"Halt","floor":13},{"not_picked":["CutThroughFate","FollowUp"],"picked":"DevaForm","floor":14}],"player_experience":238984,"relics_obtained":[{"floor":6,"key":"The Courier"}],"event_choices":[{"damage_healed":0,"gold_gain":0,"player_choice":"Ignored","damage_taken":0,"max_hp_gain":0,"max_hp_loss":0,"event_name":"Liars Game","floor":4,"gold_loss":0},{"cards_removed":["Strike_P"],"damage_healed":0,"gold_gain":0,"player_choice":"Card Removal","damage_taken":7,"max_hp_gain":0,"max_hp_loss":0,"event_name":"Golden Wing","floor":12,"gold_loss":0}],"is_beta":false,"boss_relics":[],"items_purged_floors":[],"is_endless":false,"potions_floor_spawned":[5,6,11,14],"killed_by":"The Guardian","ascension_level":0}}