{"host":"26mrfot5w7uj2ebc","time":1608885822,"event":{"mods":["AchievementEnabler","BaseMod","Colored Map","Minty Spire (QoL Compilation)"],"gold_per_floor":[119,136,155,155,171,171,187,187,187,204,237,412,412,38,38,142,142,107,32,32,51,92,92,191,211,211,221,221,221,221,240,240,339,339,354,354,354,364,18,18,100,129,129,129,0,0,20,20,20,20,20,20,20,47,47,47],"floor_reached":55,"playtime":2089,"items_purged":["Regret"],"score":695,"play_id":"553c2652-f416-49aa-877d-eecd555468a8","local_time":"20201225174342","is_ascension_mode":false,"campfire_choices":[{"data":"TalkToTheHand","floor":6.0,"key":"SMITH"},{"data":"Consecrate","floor":8.0,"key":"SMITH"},{"floor":15.0,"key":"REST"},{"floor":23.0,"key":"REST"},{"data":"Adaptation","floor":28,"key":"SMITH"},{"data":"LikeWater","floor":30,"key":"SMITH"},{"floor":32,"key":"REST"},{"floor":40,"key":"REST"},{"floor":44,"key":"RECALL"},{"data":"Evaluate","floor":46,"key":"SMITH"},{"data":"Crescendo","floor":49,"key":"SMITH"},{"data":"LikeWater","floor":52,"key":"SMITH"}],"circlet_count":0,"master_deck":["Strike_P","Strike_P","Strike_P","Strike_P","Defend_P","Defend_P","Defend_P","Defend_P","Eruption+1","Vigilance","Consecrate+1","Crescendo+1","TalkToTheHand+1","LikeWater+1","Evaluate+1","Adaptation+1","SignatureMove","ClearTheMind+1","Wish+1","Crescendo+1","Vengeance+1","Meditate+1","EmptyMind+1","BattleHymn+1","FollowUp","FearNoEvil","Vault+1","Pray+1","Madness+1","Madness+1","Prostrate+1","Apotheosis+1","Conclude","LikeWater+1","Prostrate+1","CrushJoints"],"relics":["PureWater","NeowsBlessing","Bottled Flame","Pen Nib","CloakClasp","Toxic Egg 2","Sozu","WingedGreaves","Busted Crown","Eternal Feather","Ginger","Red Mask","Mummified Hand"],"acts_visited":["Exordium","TheCity","TheBeyond","TheEnding"],"potions_floor_usage":[42],"damage_taken":[{"damage":0.0,"enemies":"Jaw Worm","floor":1.0,"turns":1.0},{"damage":0.0,"enemies":"Cultist","floor":2.0,"turns":1.0},{"damage":0.0,"enemies":"2 Louse","floor":3.0,"turns":2.0},{"damage":2.0,"enemies":"Looter","floor":5.0,"turns":3.0},{"damage":10.0,"enemies":"Large Slime","floor":7.0,"turns":5.0},{"damage":10.0,"enemies":"3 Louse","floor":10.0,"turns":4.0},{"damage":8.0,"enemies":"3 Sentries","floor":11.0,"turns":9.0},{"damage":32.0,"enemies":"Hexaghost","floor":16.0,"turns":8.0},{"damage":23.0,"enemies":"2 Thieves","floor":18.0,"turns":5.0},{"damage":0.0,"enemies":"Spheric Guardian","floor":21.0,"turns":2.0},{"damage":14.0,"enemies":"Cultist and Chosen","floor":22.0,"turns":6.0},{"damage":0.0,"enemies":"Centurion and Healer","floor":25.0,"turns":3.0},{"damage":5,"enemies":"3 Cultists","floor":27,"turns":5},{"damage":18,"enemies":"Snecko","floor":31,"turns":3},{"damage":46,"enemies":"Collector","floor":33,"turns":7},{"damage":3,"enemies":"Orb Walker","floor":35,"turns":2},{"damage":22,"enemies":"3 Darklings","floor":38,"turns":5},{"damage":16,"enemies":"Nemesis","floor":42,"turns":6},{"damage":23,"enemies":"Writhing Mass","floor":47,"turns":4},{"damage":27,"enemies":"Donu and Deca","floor":50,"turns":6},{"damage":46,"enemies":"Shield and Spear","floor":54,"turns":6},{"damage":48,"enemies":"The Heart","floor":55,"turns":2}],"seed_played":"5421954917838557573","potions_obtained":[{"floor":5.0,"key":"LiquidMemories"},{"floor":10.0,"key":"FearPotion"},{"floor":11.0,"key":"Weak Potion"}],"is_trial":false,"path_per_floor":["M","M","M","?","M","R","M","R","T","M","E","?","?","$","R","B",null,"M","?","$","M","M","R","?","M","T","M","R","?","R","M","R","B",null,"M","?","?","M","$","R","T","E","T","R","?","R","M","$","R","B",null,"R","$","E","B"],"character_chosen":"WATCHER","items_purchased":["Toxic Egg 2","ClearTheMind+1","Apotheosis+1","Conclude","LikeWater"],"campfire_rested":4,"item_purchase_floors":[14,14,39,39,39],"current_hp_per_floor":[72,72,72,72,70,70,60,60,60,50,42,42,42,42,63,31,72,49,49,49,49,35,56,56,56,56,51,51,51,51,33,54,8,72,69,69,60,38,38,59,59,43,43,61,61,72,49,49,70,43,72,72,72,26,0,0],"gold":47,"neow_bonus":"THREE_ENEMY_KILL","is_daily":false,"chose_seed":false,"campfire_upgraded":7,"win_rate":0.0,"timestamp":1608885822,"path_taken":["M","M","M","?","M","R","?","R","T","M","E","?","?","$","R","BOSS","M","?","$","M","M","R","?","M","T","M","R","?","R","M","R","BOSS","M","?","?","M","$","R","?","E","T","R","?","R","?","$","R","BOSS","R","$","E","BOSS"],"items_purchased_type":["Relic","Card","Card","Card","Card"],"build_version":"2020-12-22","purchased_purges":1,"victory":false,"max_hp_per_floor":[72,72,72,72,72,72,72,72,72,72,72,72,72,72,72,72,72,72,72,72,72,72,72,72,72,72,72,72,72,72,72,72,72,72,72,72,72,72,72,72,72,72,72,72,72,72,72,72,72,72,72,72,72,72,72,72],"card_choices":[{"not_picked":["Protect","FollowUp"],"picked":"Consecrate","floor":1.0},{"not_picked":["Pray","Study"],"picked":"Crescendo","floor":2.0},{"not_picked":["ClearTheMind","InnerPeace"],"picked":"TalkToTheHand","floor":3.0},{"not_picked":["InnerPeace","SashWhip"],"picked":"LikeWater","floor":5.0},{"not_picked":["Prostrate","JustLucky"],"picked":"Evaluate","floor":7.0},{"not_picked":["Halt","CarveReality"],"picked":"Adaptation","floor":10.0},{"not_picked":["Crescendo","Protect"],"picked":"SignatureMove","floor":11.0},{"not_picked":["DevaForm","SpiritShield+1"],"picked":"Wish+1","floor":16.0},{"not_picked":["Fasting2","SignatureMove"],"picked":"Crescendo+1","floor":18.0},{"not_picked":["ThirdEye+1","Halt+1"],"picked":"Vengeance+1","floor":21.0},{"not_picked":["Crescendo+1","ClearTheMind+1"],"picked":"Meditate+1","floor":22.0},{"not_picked":["DeceiveReality+1","Perseverance+1"],"picked":"EmptyMind+1","floor":25.0},{"not_picked":["Halt+1","PathToVictory+1"],"picked":"BattleHymn+1","floor":27},{"not_picked":["CrushJoints+1","PathToVictory+1"],"picked":"FearNoEvil","floor":31},{"not_picked":["DevaForm","Wish+1"],"picked":"Vault+1","floor":33},{"not_picked":[],"picked":"Pray+1","floor":35},{"not_picked":[],"picked":"Prostrate+1","floor":38},{"not_picked":["ClearTheMind+1"],"picked":"SKIP","floor":42},{"not_picked":[],"picked":"Prostrate+1","floor":47},{"not_picked":[],"picked":"CrushJoints","floor":54}],"player_experience":204649,"relics_obtained":[{"floor":9.0,"key":"Bottled Flame"},{"floor":11.0,"key":"Pen Nib"},{"floor":26.0,"key":"WingedGreaves"},{"floor":42,"key":"Eternal Feather"},{"floor":43,"key":"Ginger"},{"floor":54,"key":"Mummified Hand"}],"event_choices":[{"damage_healed":0.0,"max_hp_gain":0.0,"max_hp_loss":0.0,"gold_gain":0.0,"event_name":"Upgrade Shrine","player_choice":"Upgraded","floor":4.0,"gold_loss":0.0,"damage_taken":0.0,"cards_upgraded":["Eruption"]},{"damage_healed":0.0,"max_hp_gain":0.0,"max_hp_loss":0.0,"gold_gain":175.0,"event_name":"Liars Game","player_choice":"AGREE","floor":12.0,"gold_loss":0.0,"damage_taken":0.0,"cards_obtained":["Doubt"]},{"damage_healed":0.0,"max_hp_gain":0.0,"max_hp_loss":0.0,"gold_gain":0.0,"event_name":"Big Fish","player_choice":"Box","floor":13.0,"gold_loss":0.0,"damage_taken":0.0,"relics_obtained":["CloakClasp"],"cards_obtained":["Regret"]},{"cards_removed":["Doubt"],"damage_healed":0.0,"max_hp_gain":0.0,"max_hp_loss":0.0,"gold_gain":0.0,"event_name":"Beggar","player_choice":"Gave Gold","floor":19.0,"gold_loss":75.0,"damage_taken":0.0},{"damage_healed":0.0,"max_hp_gain":0.0,"max_hp_loss":0.0,"gold_gain":99.0,"event_name":"Nest","player_choice":"Stole From Cult","floor":24.0,"gold_loss":0.0,"damage_taken":0.0},{"damage_healed":0,"gold_gain":0,"player_choice":"Read","damage_taken":0,"max_hp_gain":0,"max_hp_loss":0,"event_name":"The Library","floor":29,"gold_loss":0,"cards_obtained":["FollowUp"]},{"damage_healed":0,"gold_gain":0,"player_choice":"Ignored","damage_taken":0,"max_hp_gain":0,"max_hp_loss":0,"event_name":"Mysterious Sphere","floor":36,"gold_loss":0},{"damage_healed":0,"gold_gain":0,"player_choice":"Embrace Madness","damage_taken":9,"max_hp_gain":0,"max_hp_loss":0,"event_name":"Winding Halls","floor":37,"gold_loss":0,"cards_obtained":["Madness","Madness"]},{"damage_healed":0,"gold_gain":0,"player_choice":"Paid","damage_taken":0,"relics_obtained":["Red Mask"],"max_hp_gain":0,"max_hp_loss":0,"event_name":"Tomb of Lord Red Mask","floor":45,"gold_loss":129}],"is_beta":false,"boss_relics":[{"not_picked":["Runic Dome","Coffee Dripper"],"picked":"Sozu"},{"not_picked":["Astrolabe","Runic Pyramid"],"picked":"Busted Crown"}],"items_purged_floors":[14],"is_endless":false,"potions_floor_spawned":[5,10,11,21,25,27,31,35,42],"killed_by":"The Heart","ascension_level":0}}