{"host":"li2oyy8xcjugrjw6","time":1608856403,"event":{"mods":["AchievementEnabler","BaseMod","Colored Map","Minty Spire (QoL Compilation)","Permanent Neow","Replay The Spire","StSLib"],"gold_per_floor":[113,188,188,200,219,250,250,4,76,111,111,126,126,142,142,240,240,250,200,200,200,115,115,115],"floor_reached":23,"playtime":1463,"items_purged":["Defend_G","Overencumbered"],"score":333,"play_id":"b4796e96-9b15-40ee-a94e-cf03850f4d5f","local_time":"20201224163323","is_ascension_mode":true,"campfire_choices":[{"data":"Crippling Poison","floor":7.0,"key":"SMITH"},{"data":"ReplayTheSpireMod:Private Reserves","floor":11.0,"key":"SMITH"},{"data":"Footwork","floor":13.0,"key":"SMITH"},{"data":"Acrobatics","floor":15.0,"key":"SMITH"}],"circlet_count":0,"master_deck":["AscendersBane","Strike_G+1","Strike_G+1","Strike_G+1","Strike_G+1","Strike_G+1","Defend_G+1","Defend_G+1","Defend_G+1","Defend_G+1","Flying Knee","Leap","Beam Cell","Masterful Stab","Acrobatics+1","Crippling Poison+1","Footwork+1","Deflect","ReplayTheSpireMod:Private Reserves+1","Tactician","Acrobatics","Backstab","Corpse Explosion","Flying Knee"],"relics":["Ring of Chaos","Smiling Mask","Kunai","Lantern","Replay:Ancient Bell","Omamori","Shuriken","The Specimen","Vajra"],"acts_visited":["Exordium","TheCity"],"potions_floor_usage":[],"damage_taken":[{"damage":5.0,"enemies":"Cultist","floor":1.0,"turns":5.0},{"damage":5.0,"enemies":"Jaw Worm","floor":4.0,"turns":5.0},{"damage":0.0,"enemies":"2 Louse","floor":5.0,"turns":2.0},{"damage":16.0,"enemies":"Gremlin Nob","floor":6.0,"turns":3.0},{"damage":0.0,"enemies":"Lagavulin","floor":10.0,"turns":6.0},{"damage":0.0,"enemies":"2 Fungi Beasts","floor":12.0,"turns":3.0},{"damage":0.0,"enemies":"Exordium Wildlife","floor":14.0,"turns":4.0},{"damage":2.0,"enemies":"Slime Boss","floor":16.0,"turns":7.0},{"damage":6.0,"enemies":"Chosen","floor":18.0,"turns":4.0},{"damage":14,"enemies":"Book of Stabbing","floor":23,"turns":2}],"seed_played":"3052790444298328206","potions_obtained":[{"floor":4.0,"key":"SteroidPotion"},{"floor":5.0,"key":"FearPotion"},{"floor":6.0,"key":"Adrenaline Potion"},{"floor":10.0,"key":"Adrenaline Potion"},{"floor":14.0,"key":"BlessingOfTheForge"}],"is_trial":false,"path_per_floor":["M","?","?","M","M","E","R","$","T","E","R","M","R","M","R","B",null,"M","$","?","?","?","E"],"character_chosen":"THE_SILENT","items_purchased":["Footwork","Deflect","ReplayTheSpireMod:Private Reserves"],"campfire_rested":0,"item_purchase_floors":[8,8,8],"current_hp_per_floor":[58,47,47,42,42,26,26,26,26,26,26,26,26,26,26,24,59,53,53,53,40,40,26,26],"gold":115,"neow_bonus":"BOSS_RELIC","is_daily":false,"chose_seed":false,"campfire_upgraded":4,"win_rate":0.0,"timestamp":1608856403,"path_taken":["M","?","?","M","M","E","R","$","T","E","R","M","R","?","R","BOSS","M","$","?","?","?","E"],"items_purchased_type":["Card","Card","Card"],"build_version":"2020-12-22","purchased_purges":2,"victory":false,"max_hp_per_floor":[70,70,70,70,70,70,70,70,70,70,70,70,70,70,70,70,70,70,70,70,75,75,75,75],"card_choices":[{"not_picked":["Bouncing Flask","PiercingWail"],"picked":"Flying Knee","floor":1.0},{"not_picked":["Deadly Poison","Hidden Blade"],"picked":"Masterful Stab","floor":4.0},{"not_picked":["Calculated Gamble","Deflect"],"picked":"Acrobatics","floor":5.0},{"not_picked":["Calculated Gamble","Distraction"],"picked":"Crippling Poison","floor":6.0},{"not_picked":["Flying Knee","Poisoned Stab"],"picked":"Tactician","floor":10.0},{"not_picked":["Flechettes","Concentrate"],"picked":"Acrobatics","floor":12.0},{"not_picked":["Blade Dance","Skewer"],"picked":"Backstab","floor":14.0},{"not_picked":["Storm of Steel","Adrenaline"],"picked":"Corpse Explosion","floor":16.0},{"not_picked":["CurseOfTheBell","Delirium"],"picked":"ReplayTheSpireMod:Splinters","floor":17.0},{"not_picked":["Voices","CurseOfTheBell"],"picked":"Hallucinations","floor":17.0},{"not_picked":["Looming Evil","Voices"],"picked":"Overencumbered","floor":17.0},{"not_picked":["Dodge and Roll+1","Cloak And Dagger"],"picked":"Flying Knee","floor":18.0}],"player_experience":965786,"relics_obtained":[{"floor":6.0,"key":"Smiling Mask"},{"floor":9.0,"key":"Kunai"},{"floor":10.0,"key":"Lantern"}],"event_choices":[{"damage_healed":0.0,"max_hp_gain":0.0,"max_hp_loss":0.0,"gold_gain":75.0,"event_name":"World of Goop","player_choice":"Gather Gold","floor":2.0,"gold_loss":0.0,"damage_taken":11.0},{"damage_healed":0.0,"max_hp_gain":0.0,"max_hp_loss":0.0,"gold_gain":0.0,"event_name":"Back to Basics","player_choice":"Simplicity","floor":20.0,"gold_loss":0.0,"damage_taken":0.0,"cards_upgraded":["Strike_G","Strike_G","Strike_G","Strike_G","Strike_G","Defend_G","Defend_G","Defend_G","Defend_G"]},{"damage_healed":0.0,"max_hp_gain":5.0,"max_hp_loss":0.0,"gold_gain":0.0,"event_name":"Forgotten Altar","player_choice":"Shed Blood","floor":21.0,"gold_loss":0.0,"damage_taken":18.0},{"damage_healed":0.0,"max_hp_gain":0.0,"max_hp_loss":0.0,"gold_gain":0.0,"event_name":"Addict","player_choice":"Obtained Relic","floor":22.0,"gold_loss":85.0,"damage_taken":0.0,"relics_obtained":["Vajra"]}],"is_beta":false,"boss_relics":[{"not_picked":["ReplayTheSpireMod:DimensionalGlitch","Tiny House"],"picked":"Replay:Ancient Bell"},{"not_picked":["ReplayTheSpireMod:Lightbulb","Grinning Jar"],"picked":"Omamori"},{"not_picked":["The Courier","ReplayTheSpireMod:Ninjato"],"picked":"Shuriken"},{"not_picked":["Replay:Towering Pillar of Hats","Du-Vu Doll"],"picked":"The Specimen"}],"items_purged_floors":[8,19],"is_endless":false,"potions_floor_spawned":[4,5,6,10,14],"killed_by":"Book of Stabbing","ascension_level":10}}