{"host":"t7pj92rmddqyxjfj","time":1608868666,"event":{"mods":["AchievementEnabler","Bard","BaseMod","Colored Map","Colored Powertips","Duelist Mod","Hermit","Minty Spire (QoL Compilation)","StSLib","SuperFastMode"],"gold_per_floor":[116,116,90,103,115,149,149,167,167,182,201,220,234,234,234,338,338,356,356,368,368,368,64,64,64],"floor_reached":24,"playtime":994,"items_purged":["Parasite"],"score":200,"play_id":"fb04e015-4a2b-4896-8834-765d04f20318","local_time":"20201224205746","is_ascension_mode":false,"campfire_choices":[{"floor":7,"key":"REST"},{"floor":15,"key":"REST"}],"circlet_count":0,"master_deck":["Strike_B","Strike_B","Defend_B","Defend_B","Defend_B","Zap","Dualcast","Trip","Barrage","Redo","Redo","Glacier","Conserve Battery","Loop","Creative AI","Stack+1","Ball Lightning","Heatsinks","Double Energy","Defragment"],"relics":["Cracked Core","Girya","Cables","Astrolabe","Boot"],"acts_visited":["Exordium","TheCity"],"potions_floor_usage":[12,13,13,16,24],"damage_taken":[{"damage":5,"enemies":"Small Slimes","floor":1,"turns":3},{"damage":1,"enemies":"Cultist","floor":4,"turns":3},{"damage":1,"enemies":"Jaw Worm","floor":5,"turns":2},{"damage":47,"enemies":"3 Sentries","floor":6,"turns":10},{"damage":24,"enemies":"3 Louse","floor":8,"turns":4},{"damage":0,"enemies":"Looter","floor":10,"turns":2},{"damage":0,"enemies":"Large Slime","floor":11,"turns":4},{"damage":16,"enemies":"Lots of Slimes","floor":12,"turns":3},{"damage":0,"enemies":"2 Fungi Beasts","floor":13,"turns":2},{"damage":30,"enemies":"Hexaghost","floor":16,"turns":16},{"damage":33,"enemies":"Spheric Guardian","floor":18,"turns":8},{"damage":2,"enemies":"3 Byrds","floor":20,"turns":7},{"damage":52,"enemies":"3 Cultists","floor":24,"turns":5}],"seed_played":"3264152731821707542","potions_obtained":[{"floor":6,"key":"SteroidPotion"},{"floor":8,"key":"Ancient Potion"},{"floor":11,"key":"ColorlessPotion"},{"floor":12,"key":"SkillPotion"},{"floor":16,"key":"Block Potion"}],"is_trial":false,"path_per_floor":["M","?","$","M","M","E","R","M","T","M","M","M","M","?","R","B",null,"M","?","M","?","?","$","M"],"character_chosen":"DEFECT","items_purchased":["Barrage","Defragment","Boot"],"campfire_rested":2,"item_purchase_floors":[3,23,23],"current_hp_per_floor":[70,70,70,69,68,21,43,19,19,19,19,3,3,21,43,13,75,42,42,40,40,40,40,0,0],"gold":64,"neow_bonus":"RANDOM_COLORLESS","is_daily":false,"chose_seed":false,"campfire_upgraded":0,"win_rate":0.0,"timestamp":1608868666,"path_taken":["M","?","$","?","M","E","R","M","T","M","M","M","M","?","R","BOSS","M","?","M","?","?","$","M"],"items_purchased_type":["Card","Card","Relic"],"build_version":"2020-12-22","purchased_purges":1,"victory":false,"max_hp_per_floor":[75,75,75,75,75,75,75,75,75,75,75,75,75,75,75,75,75,75,75,75,75,75,72,72,72],"card_choices":[{"not_picked":["Good Instincts","Discovery"],"picked":"Trip","floor":0},{"not_picked":["Compile Driver","Leap","Turbo"],"picked":"SKIP","floor":1},{"not_picked":["Go for the Eyes","Hello World"],"picked":"Redo","floor":4},{"not_picked":["Steam","Coolheaded"],"picked":"Redo","floor":5},{"not_picked":["Streamline","Barrage","Compile Driver"],"picked":"SKIP","floor":6},{"not_picked":["Steam","Lockon"],"picked":"Glacier","floor":8},{"not_picked":["Multi-Cast","Chill"],"picked":"Conserve Battery","floor":10},{"not_picked":["Streamline","Double Energy","Rip and Tear"],"picked":"SKIP","floor":11},{"not_picked":["FTL","Rebound","Force Field"],"picked":"SKIP","floor":12},{"not_picked":["Rebound","Creative AI"],"picked":"Loop","floor":13},{"not_picked":["Reboot","Buffer"],"picked":"Creative AI","floor":16},{"not_picked":["Heatsinks","Gash+1"],"picked":"Ball Lightning","floor":18},{"not_picked":["Barrage","Ball Lightning","Cold Snap+1"],"picked":"SKIP","floor":20}],"player_experience":505339,"relics_obtained":[{"floor":6,"key":"Girya"},{"floor":9,"key":"Cables"}],"event_choices":[{"damage_healed":0,"gold_gain":0,"player_choice":"Bought 0 Potions","damage_taken":0,"max_hp_gain":0,"max_hp_loss":0,"event_name":"The Woman in Blue","floor":2,"gold_loss":0},{"damage_healed":18,"gold_gain":0,"player_choice":"Healed and dodged fight","damage_taken":0,"max_hp_gain":0,"max_hp_loss":0,"event_name":"Mushrooms","floor":14,"gold_loss":0,"cards_obtained":["Parasite"]},{"damage_healed":0,"gold_gain":0,"player_choice":"Ignored","damage_taken":0,"max_hp_gain":0,"max_hp_loss":0,"event_name":"Vampires","floor":19,"gold_loss":0},{"damage_healed":0,"gold_gain":0,"cards_transformed":["Skim","Skim"],"player_choice":"Became Test Subject","damage_taken":0,"max_hp_gain":0,"max_hp_loss":0,"event_name":"Drug Dealer","floor":21,"gold_loss":0,"cards_obtained":["Heatsinks","Double Energy"]},{"damage_healed":0,"gold_gain":0,"player_choice":"Ignored","damage_taken":0,"max_hp_gain":0,"max_hp_loss":0,"event_name":"Ghosts","floor":22,"gold_loss":0}],"is_beta":false,"boss_relics":[{"not_picked":["Fusion Hammer","Calling Bell"],"picked":"Astrolabe"}],"items_purged_floors":[23],"is_endless":false,"potions_floor_spawned":[6,8,11,12,16],"killed_by":"3 Cultists","ascension_level":0}}