{"host":"jjunaul04msmo6r1","time":1608870556,"event":{"mods":["BaseMod","Better Third Choice","Booster Modes","Colored Map","Downfall","Minty Spire (QoL Compilation)","Relic Stats","StSLib","UnlockEverythingMod","everything is the same but u backflip on backflip"],"gold_per_floor":[99,109,132,39,53,85,85,85,118,43,63,93,111,211,230,329,329,179,195,206,225,135,146,146,163,192,205,205,78,78,128,171,297,297,297,342,392,437,487,504,504,518,603,334,371,413,463,590,610,610,610,670,276,276,276],"floor_reached":56,"playtime":21106,"items_purged":["sneckomod:Strike"],"score":1518,"play_id":"8fad9a22-2a4b-49db-95ba-8c2b6ebe57cc","local_time":"20201224212916","is_ascension_mode":true,"campfire_choices":[{"floor":1,"key":"RECALL"},{"data":"sneckomod:SoulDraw","floor":10,"key":"SMITH"},{"data":"sneckomod:WideSting","floor":18,"key":"SMITH"},{"data":"HandOfGreed","floor":30,"key":"SMITH"},{"data":"sneckomod:SerpentMind","floor":35,"key":"SMITH"},{"data":"sneckomod:CheapStock","floor":54,"key":"SMITH"}],"circlet_count":0,"master_deck":["sneckomod:TailWhip","sneckomod:Unknown","sneckomod:Unknown+1","sneckomod:QuickMove","sneckomod:QuickBite","sneckomod:CheapStock+1","sneckomod:Transmogrify","sneckomod:SoulDraw+1","sneckomod:WideSting+1","sneckomod:UnknownClassSLIMEBOUND","sneckomod:SoulRoll+1","sneckomod:UnknownEthereal+1","sneckomod:UnknownVulnerable+1","sneckomod:UnknownRareSkill+1","sneckomod:MixItUp","sneckomod:UnknownWeak+1","sneckomod:QuickMove+1","sneckomod:Rotation+1","sneckomod:UnknownWeak+1","sneckomod:SoulRoll+1","sneckomod:UnknownStrength+1","sneckomod:UnknownClassGREEN+1","sneckomod:UnknownUncommonPower+1","HandOfGreed+1","sneckomod:UnknownUncommonSkill+1","sneckomod:UnknownBlock+1","sneckomod:UnknownExhaust+1","sneckomod:UnknownUncommonSkill+1","sneckomod:Unknown0Cost+1","sneckomod:UnknownStrength+1","sneckomod:SerpentMind+1","sneckomod:SoulDraw+1","sneckomod:UnknownCommonAttack+1","sneckomod:UnknownColorless+1","sneckomod:TrashToTreasure+1","expansioncontent:DefensiveStance","sneckomod:DiceBlock+1"],"relics":["sneckomod:SneckoSoul","downfall:HeartBlessingRed","sneckomod:ConfusingCodex","downfall:CloakOfManyFaces","CultistMask","FaceOfCleric","NlothsMask","GremlinMask","SsserpentHead","downfall:HeartBlessingBlue","downfall:HeartBlessingGreen","Whetstone","Anchor","Bag of Preparation","Busted Crown","HornCleat","sneckomod:SleevedAce","Incense Burner","Toxic Egg 2","Juzu Bracelet","InkBottle","Mummified Hand","sneckomod:LoadedDie","Bird Faced Urn","Mercury Hourglass"],"acts_visited":["Exordium","TheCity","TheBeyond","TheEnding"],"potions_floor_usage":[21,23,26,26,28,33,40,40,40,55,55,55],"damage_taken":[{"damage":0,"enemies":"Cultist","floor":2,"turns":3},{"damage":2,"enemies":"downfall:FleeingMerchant","floor":4,"turns":4},{"damage":0,"enemies":"Jaw Worm","floor":5,"turns":3},{"damage":26,"enemies":"Lagavulin","floor":6,"turns":6},{"damage":0,"enemies":"Gremlin Nob","floor":9,"turns":2},{"damage":0,"enemies":"2 Louse","floor":11,"turns":5},{"damage":7,"enemies":"Lagavulin","floor":12,"turns":6},{"damage":0,"enemies":"Lots of Slimes","floor":13,"turns":4},{"damage":7,"enemies":"downfall:FaceTrader","floor":14,"turns":6},{"damage":9,"enemies":"2 Fungi Beasts","floor":15,"turns":3},{"damage":30,"enemies":"downfall:Watcher","floor":16,"turns":5},{"damage":0,"enemies":"3 Byrds","floor":19,"turns":3},{"damage":8,"enemies":"Shell Parasite","floor":20,"turns":6},{"damage":24,"enemies":"Snake Plant","floor":21,"turns":4},{"damage":0,"enemies":"downfall:FleeingMerchant","floor":22,"turns":4},{"damage":13,"enemies":"Centurion and Healer","floor":23,"turns":8},{"damage":34,"enemies":"Cultist and Chosen","floor":25,"turns":8},{"damage":44,"enemies":"Book of Stabbing","floor":26,"turns":6},{"damage":9,"enemies":"Snake Plant","floor":27,"turns":4},{"damage":46,"enemies":"Slavers","floor":28,"turns":7},{"damage":0,"enemies":"downfall:FleeingMerchant","floor":29,"turns":4},{"damage":0,"enemies":"3 Cultists","floor":32,"turns":6},{"damage":37,"enemies":"downfall:Ironclad","floor":33,"turns":7},{"damage":24,"enemies":"3 Shapes","floor":36,"turns":4},{"damage":9,"enemies":"Orb Walker","floor":38,"turns":3},{"damage":16,"enemies":"3 Darklings","floor":40,"turns":4},{"damage":27,"enemies":"Spire Growth","floor":42,"turns":2},{"damage":0,"enemies":"Sphere and 2 Shapes","floor":43,"turns":2},{"damage":0,"enemies":"downfall:FleeingMerchant","floor":44,"turns":1},{"damage":10,"enemies":"Writhing Mass","floor":45,"turns":4},{"damage":0,"enemies":"Jaw Worm Horde","floor":46,"turns":3},{"damage":0,"enemies":"Spire Growth","floor":49,"turns":2},{"damage":0,"enemies":"downfall:Defect","floor":50,"turns":2},{"damage":0,"enemies":"downfall:CharBossMerchant","floor":52,"turns":2},{"damage":0,"enemies":"downfall:NeowBoss","floor":55,"turns":10}],"seed_played":"8271128706718975770","potions_obtained":[{"floor":5,"key":"sneckomod:MuddlingPotion"},{"floor":11,"key":"hexamod:EctoCoolerPotion"},{"floor":15,"key":"Swift Potion"},{"floor":21,"key":"FearPotion"},{"floor":25,"key":"champ:CounterPotion"},{"floor":27,"key":"sneckomod:OffclassReductionPotion"},{"floor":32,"key":"DistilledChaos"},{"floor":33,"key":"SpeedPotion"},{"floor":38,"key":"Guardian:BlockOnCardUsePotion"},{"floor":39,"key":"ColorlessPotion"},{"floor":39,"key":"sneckomod:CheatPotion"},{"floor":45,"key":"SkillPotion"}],"is_trial":false,"path_per_floor":["R","M","T","$","M","E","T","?","E","R","M","E","M","?","M","B",null,"R","M","M","M","$","M","T","M","E","M","E","$","R","?","M","B",null,"R","M","?","M","?","M","T","M","M","$","M","M","T","?","M","B",null,"E","$","R","B",null],"character_chosen":"THE_SNECKO","items_purchased":["sneckomod:CheapStock","HandOfGreed","sneckomod:SleevedAce","sneckomod:UnknownColorless+1","Incense Burner","FearPotion","Mercury Hourglass","expansioncontent:DefensiveStance","sneckomod:DiceBlock+1"],"campfire_rested":0,"item_purchase_floors":[4,29,44,44,44,44,53,53,53],"current_hp_per_floor":[90,90,90,88,88,62,62,62,62,62,62,56,56,50,47,23,96,106,111,105,91,94,84,84,57,24,19,21,25,25,30,34,20,136,136,113,113,115,115,111,111,114,118,137,130,133,133,133,136,139,148,149,149,149,150],"gold":276,"neow_bonus":"RANDOM_COMMON_RELIC","is_daily":false,"chose_seed":false,"campfire_upgraded":5,"win_rate":0.0,"timestamp":1608870556,"path_taken":["R","M","?","$","M","E","T","?","E","R","M","E","M","?","M","BOSS","R","M","M","M","$","M","T","M","E","M","E","?","R","?","M","BOSS","R","M","?","M","?","M","T","M","?","$","M","M","?","?","M","BOSS","E","$","R","BOSS"],"items_purchased_type":["Card","Card","Relic","Card","Relic","Potion","Relic","Card","Card"],"build_version":"2020-12-22","purchased_purges":1,"victory":true,"max_hp_per_floor":[90,90,90,90,90,90,90,90,90,90,90,91,91,92,94,96,96,106,111,113,114,115,116,116,121,122,124,126,128,128,133,135,136,136,136,137,137,138,138,139,139,140,142,144,145,146,146,146,147,148,148,149,149,149,150],"relic_stats":{"SsserpentHead":350,"Busted Crown":38,"FaceOfCleric":26,"counters":[35,151],"Mummified Hand":[72],"Bird Faced Urn":[0],"Bag of Preparation":[34],"Juzu Bracelet":0,"Whetstone":["sneckomod:Strike","sneckomod:Strike"],"obtain_stats":[{"sneckomod:LoadedDie":52,"GremlinMask":14,"downfall:HeartBlessingGreen":18,"Bag of Preparation":26,"Incense Burner":44,"Juzu Bracelet":46,"Whetstone":28,"sneckomod:SneckoSoul":0,"Ancient Tea Set":26,"Blood Vial":19,"SsserpentHead":14,"Centennial Puzzle":9,"HornCleat":9,"Matryoshka":12,"FaceOfCleric":14,"sneckomod:ConfusingCodex":7,"downfall:HeartBlessingBlue":18,"Mummified Hand":41,"MealTicket":42,"downfall:CloakOfManyFaces":14,"Toxic Egg 2":13,"InkBottle":48,"downfall:HeartBlessingRed":10,"Happy Flower":11,"PreservedInsect":32,"War Paint":0,"Mercury Hourglass":53,"Anchor":28,"Busted Crown":34,"Shuriken":47,"Bronze Scales":15,"Bird Faced Urn":52,"Snecko Eye":40,"sneckomod:SleevedAce":44,"CultistMask":14,"Art of War":6,"Black Star":17,"Bag of Marbles":22,"Toy Ornithopter":6,"NlothsMask":14},{"sneckomod:LoadedDie":34,"GremlinMask":9,"downfall:HeartBlessingGreen":11,"Bag of Preparation":18,"Incense Burner":29,"Juzu Bracelet":31,"Whetstone":20,"sneckomod:SneckoSoul":0,"Ancient Tea Set":18,"Blood Vial":12,"SsserpentHead":9,"Centennial Puzzle":5,"HornCleat":5,"Matryoshka":7,"FaceOfCleric":9,"sneckomod:ConfusingCodex":4,"downfall:HeartBlessingBlue":11,"Mummified Hand":26,"MealTicket":27,"downfall:CloakOfManyFaces":9,"Toxic Egg 2":8,"InkBottle":31,"downfall:HeartBlessingRed":5,"Happy Flower":6,"PreservedInsect":22,"War Paint":0,"Mercury Hourglass":34,"Anchor":20,"Busted Crown":23,"Shuriken":31,"Bronze Scales":10,"Bird Faced Urn":34,"Snecko Eye":26,"sneckomod:SleevedAce":29,"CultistMask":9,"Art of War":4,"Black Star":11,"Bag of Marbles":15,"Toy Ornithopter":4,"NlothsMask":9},{"sneckomod:LoadedDie":141,"GremlinMask":39,"downfall:HeartBlessingGreen":47,"Bag of Preparation":85,"Incense Burner":129,"Juzu Bracelet":136,"Whetstone":96,"sneckomod:SneckoSoul":0,"Ancient Tea Set":85,"Blood Vial":50,"SsserpentHead":39,"Centennial Puzzle":18,"HornCleat":18,"Matryoshka":29,"FaceOfCleric":39,"sneckomod:ConfusingCodex":16,"downfall:HeartBlessingBlue":47,"Mummified Hand":124,"MealTicket":126,"downfall:CloakOfManyFaces":39,"Toxic Egg 2":33,"InkBottle":136,"downfall:HeartBlessingRed":18,"Happy Flower":23,"PreservedInsect":106,"War Paint":0,"Mercury Hourglass":141,"Anchor":96,"Busted Crown":113,"Shuriken":136,"Bronze Scales":42,"Bird Faced Urn":141,"Snecko Eye":124,"sneckomod:SleevedAce":129,"CultistMask":39,"Art of War":16,"Black Star":47,"Bag of Marbles":64,"Toy Ornithopter":16,"NlothsMask":39}],"InkBottle":[19],"Mercury Hourglass":[26]},"card_choices":[{"not_picked":["sneckomod:UnknownClassPURPLE","sneckomod:DiceBlock"],"picked":"sneckomod:QuickMove","floor":2},{"not_picked":["sneckomod:SoulDraw","sneckomod:UnknownCommonSkill"],"picked":"sneckomod:QuickBite","floor":4},{"not_picked":["sneckomod:UnknownClassGREEN","sneckomod:UnknownVulnerable"],"picked":"sneckomod:Transmogrify","floor":5},{"not_picked":["sneckomod:DiceBlock","sneckomod:UnknownStrike"],"picked":"sneckomod:SoulDraw","floor":6},{"not_picked":["sneckomod:IronFang","sneckomod:UnknownUncommonPower","sneckomod:UnknownClassHEXA_GHOST_PURPLE"],"picked":"SKIP","floor":9},{"not_picked":["sneckomod:IronFang","sneckomod:SoulCleanse"],"picked":"sneckomod:WideSting","floor":11},{"not_picked":["sneckomod:UnknownClassGUARDIAN","sneckomod:QuickMove"],"picked":"sneckomod:UnknownClassSLIMEBOUND","floor":12},{"not_picked":["sneckomod:RainOfDice","sneckomod:UnknownVulnerable+1"],"picked":"sneckomod:SoulRoll+1","floor":13},{"not_picked":["sneckomod:ImprovisedAttack","sneckomod:UnknownClassSLIMEBOUND+1"],"picked":"sneckomod:UnknownEthereal+1","floor":14},{"not_picked":["sneckomod:TrashToTreasure+1","sneckomod:DiceCrush"],"picked":"sneckomod:UnknownVulnerable+1","floor":15},{"not_picked":["sneckomod:Mudshield","sneckomod:UnknownRarePower"],"picked":"sneckomod:UnknownRareSkill+1","floor":16},{"not_picked":["sneckomod:UnknownCommonAttack","sneckomod:QuickMove+1"],"picked":"sneckomod:MixItUp","floor":19},{"not_picked":["sneckomod:RainOfDice+1","sneckomod:UnknownClassRED+1"],"picked":"sneckomod:UnknownWeak+1","floor":20},{"not_picked":["sneckomod:UnknownCommonSkill+1","sneckomod:Unknown1Cost+1"],"picked":"sneckomod:QuickMove+1","floor":21},{"not_picked":["sneckomod:WideSting","sneckomod:UnknownStrike"],"picked":"sneckomod:Rotation+1","floor":22},{"not_picked":["sneckomod:RainOfDice","sneckomod:DiceCrush+1","sneckomod:Nope+1"],"picked":"SKIP","floor":23},{"not_picked":["sneckomod:DefensiveFlair+1","sneckomod:UnknownClassSLIMEBOUND+1"],"picked":"sneckomod:UnknownWeak+1","floor":25},{"not_picked":["sneckomod:DiceCrush+1","sneckomod:WideSting"],"picked":"sneckomod:SoulRoll+1","floor":26},{"not_picked":["sneckomod:RainOfDice","sneckomod:UnknownClassSLIMEBOUND+1"],"picked":"sneckomod:UnknownStrength+1","floor":27},{"not_picked":["sneckomod:IronFang","sneckomod:WideSting"],"picked":"sneckomod:UnknownClassGREEN+1","floor":28},{"not_picked":["sneckomod:UnknownWeak+1","sneckomod:WideSting"],"picked":"sneckomod:UnknownUncommonPower+1","floor":29},{"not_picked":["sneckomod:Unknown1Cost+1","sneckomod:QuickMove+1"],"picked":"sneckomod:UnknownStrength+1","floor":32},{"not_picked":["sneckomod:GlitteringGambit+1","sneckomod:Mudshield"],"picked":"sneckomod:SerpentMind","floor":33},{"not_picked":["sneckomod:DiceBlock+1"],"picked":"SKIP","floor":36},{"not_picked":["sneckomod:Nope+1"],"picked":"SKIP","floor":38},{"not_picked":["sneckomod:Nope+1"],"picked":"SKIP","floor":40},{"not_picked":[],"picked":"sneckomod:SoulDraw+1","floor":42},{"not_picked":["sneckomod:MixItUp","sneckomod:DiceBlock+1"],"picked":"sneckomod:UnknownCommonAttack+1","floor":43},{"not_picked":["sneckomod:Nope+1"],"picked":"SKIP","floor":44},{"not_picked":[],"picked":"sneckomod:TrashToTreasure+1","floor":45},{"not_picked":["sneckomod:UnknownStrike+1"],"picked":"SKIP","floor":46},{"not_picked":["sneckomod:SoulDraw+1"],"picked":"SKIP","floor":49},{"not_picked":["sneckomod:UnknownStrike+1"],"picked":"SKIP","floor":52}],"player_experience":416115,"relics_obtained":[{"floor":6,"key":"Toy Ornithopter"},{"floor":6,"key":"Art of War"},{"floor":7,"key":"sneckomod:ConfusingCodex"},{"floor":9,"key":"HornCleat"},{"floor":9,"key":"Centennial Puzzle"},{"floor":11,"key":"Happy Flower"},{"floor":12,"key":"Matryoshka"},{"floor":12,"key":"sneckomod:ConfusingCodex"},{"floor":13,"key":"Toxic Egg 2"},{"floor":14,"key":"downfall:CloakOfManyFaces"},{"floor":14,"key":"HornCleat"},{"floor":15,"key":"Bronze Scales"},{"floor":16,"key":"Toy Ornithopter"},{"floor":19,"key":"Blood Vial"},{"floor":20,"key":"HornCleat"},{"floor":21,"key":"HornCleat"},{"floor":22,"key":"Bag of Marbles"},{"floor":23,"key":"Black Star"},{"floor":25,"key":"Black Star"},{"floor":26,"key":"Bag of Preparation"},{"floor":26,"key":"Ancient Tea Set"},{"floor":26,"key":"HornCleat"},{"floor":28,"key":"Anchor"},{"floor":28,"key":"Whetstone"},{"floor":29,"key":"Anchor"},{"floor":32,"key":"PreservedInsect"},{"floor":33,"key":"Bag of Preparation"},{"floor":38,"key":"HornCleat"},{"floor":40,"key":"Snecko Eye"},{"floor":41,"key":"Mummified Hand"},{"floor":42,"key":"MealTicket"},{"floor":43,"key":"Busted Crown"},{"floor":43,"key":"HornCleat"},{"floor":45,"key":"Toxic Egg 2"},{"floor":46,"key":"Juzu Bracelet"},{"floor":47,"key":"Shuriken"},{"floor":48,"key":"InkBottle"},{"floor":49,"key":"Shuriken"},{"floor":52,"key":"Mummified Hand"},{"floor":52,"key":"sneckomod:LoadedDie"},{"floor":52,"key":"Bird Faced Urn"}],"event_choices":[{"cards_removed":["sneckomod:SnekBite"],"damage_healed":0,"gold_gain":0,"player_choice":"Removed Attack","damage_taken":0,"max_hp_gain":0,"max_hp_loss":0,"event_name":"Falling","floor":37,"gold_loss":0},{"damage_healed":0,"gold_gain":0,"player_choice":"Got Potions","damage_taken":0,"max_hp_gain":0,"max_hp_loss":0,"event_name":"Lab","floor":39,"gold_loss":0}],"is_beta":false,"boss_relics":[{"not_picked":["Fusion Hammer","sneckomod:SuperSneckoSoul"],"picked":"Black Star"},{"not_picked":["Runic Dome","Sozu"],"picked":"Busted Crown"}],"items_purged_floors":[22],"is_endless":false,"potions_floor_spawned":[5,11,15,16,21,25,27,32,33,38,45,49],"ascension_level":1}}