{"host":"cv6i479uilws7tk5","time":1608866832,"event":{"mods":["BaseMod","Better Altar","Better Match","Better Note","Better Sensory Stone","Better Skull","Better Third Choice","Energized Spire","Highlight Path","Minty Spire (QoL Compilation)","Rare Cards Sparkle","Relic Stats","StSLib"],"gold_per_floor":[112,45,45,59,59,93,107,107,107,107,121,135,245,258,258,357,357,370,383,100,100,115,148,148,23,23,23,33,33,52,71,71,167,167,178,178,178,193,203,203,203],"floor_reached":40,"playtime":1449,"items_purged":["Burn"],"score":587,"play_id":"0cab4c4a-47dd-43e1-b8f1-de4201999c26","local_time":"20201224202712","is_ascension_mode":true,"campfire_choices":[{"data":"Chill","floor":8,"key":"SMITH"},{"data":"Static Discharge","floor":10,"key":"SMITH"},{"floor":15,"key":"REST"},{"floor":29,"key":"REST"},{"floor":32,"key":"REST"}],"circlet_count":0,"master_deck":["Zap+1","Dualcast","Leap","Static Discharge+1","White Noise+1","Dark Shackles","Chill+1","Genetic Algorithm","Coolheaded","Doom and Gloom","Capacitor","Creative AI","Go for the Eyes+1","Ball Lightning+1","Writhe","Cold Snap","Blizzard+1","Electrodynamics","Go for the Eyes","Redo","Recycle","Capacitor","Auto Shields","Biased Cognition","Tempest","Hyperbeam","Writhe"],"relics":["Cracked Core","NeowsBlessing","Smiling Mask","The Courier","Orichalcum","War Paint","Sozu","OrangePellets","Blood Vial","Gremlin Horn","Gambling Chip","Runic Capacitor","Pandora\u0027s Box"],"acts_visited":["Exordium","TheCity","TheBeyond"],"potions_floor_usage":[16,16,30,33],"damage_taken":[{"damage":0,"enemies":"Small Slimes","floor":1,"turns":1},{"damage":0,"enemies":"Jaw Worm","floor":4,"turns":1},{"damage":0,"enemies":"3 Sentries","floor":6,"turns":1},{"damage":1,"enemies":"Cultist","floor":7,"turns":4},{"damage":11,"enemies":"3 Louse","floor":11,"turns":4},{"damage":4,"enemies":"Exordium Thugs","floor":12,"turns":5},{"damage":2,"enemies":"Blue Slaver","floor":14,"turns":3},{"damage":12,"enemies":"Hexaghost","floor":16,"turns":10},{"damage":7,"enemies":"Shell Parasite","floor":18,"turns":7},{"damage":13,"enemies":"Chosen","floor":19,"turns":5},{"damage":9,"enemies":"Snake Plant","floor":22,"turns":4},{"damage":29,"enemies":"Book of Stabbing","floor":23,"turns":5},{"damage":5,"enemies":"Snecko","floor":28,"turns":7},{"damage":10,"enemies":"Chosen and Byrds","floor":30,"turns":7},{"damage":15,"enemies":"Snake Plant","floor":31,"turns":4},{"damage":27,"enemies":"Champ","floor":33,"turns":12},{"damage":12,"enemies":"Orb Walker","floor":35,"turns":5},{"damage":15,"enemies":"3 Darklings","floor":38,"turns":3},{"damage":30,"enemies":"Maw","floor":39,"turns":9},{"damage":52,"enemies":"Nemesis","floor":40,"turns":4}],"seed_played":"-4111653580976425899","potions_obtained":[{"floor":6,"key":"LiquidBronze"},{"floor":7,"key":"GamblersBrew"},{"floor":12,"key":"ColorlessPotion"},{"floor":14,"key":"SteroidPotion"},{"floor":16,"key":"Block Potion"}],"is_trial":false,"path_per_floor":["M","$","?","M","?","E","M","R","T","R","M","M","?","M","R","B",null,"M","M","$","?","M","E","?","$","T","?","M","R","M","M","R","B",null,"M","?","?","M","M","E"],"character_chosen":"DEFECT","items_purchased":["Static Discharge","OrangePellets","Blood Vial","Runic Capacitor"],"campfire_rested":3,"item_purchase_floors":[2,20,20,25],"current_hp_per_floor":[68,68,68,68,68,68,67,67,67,67,56,52,11,9,31,19,61,54,41,41,41,34,7,7,7,7,7,4,26,18,5,27,2,57,47,66,66,53,25,0,0],"gold":203,"neow_bonus":"THREE_ENEMY_KILL","is_daily":false,"chose_seed":false,"campfire_upgraded":2,"win_rate":0.0,"timestamp":1608866832,"path_taken":["M","$","?","M","?","E","M","R","T","R","?","M","?","M","R","BOSS","M","M","$","?","M","E","?","$","T","?","M","R","?","M","R","BOSS","M","?","?","M","?","E"],"items_purchased_type":["Card","Relic","Relic","Relic"],"build_version":"2020-12-22","purchased_purges":1,"victory":false,"max_hp_per_floor":[75,75,75,75,75,75,75,75,75,75,75,75,75,75,75,75,75,75,75,75,75,75,75,75,75,75,75,75,75,75,75,75,75,75,75,75,75,75,75,75,75],"relic_stats":{"Sozu":6,"Blood Vial":20,"OrangePellets":[16],"Gremlin Horn":[2,2],"counters":[20,101],"Gambling Chip":[24],"Pandora\u0027s Box":["Go for the Eyes","Redo","Recycle","Capacitor","Auto Shields","Biased Cognition","Tempest","Hyperbeam"],"Orichalcum":[120],"War Paint":["White Noise","Defend_B"],"Smiling Mask":10,"obtain_stats":[{"NeowsBlessing":0,"Gremlin Horn":21,"The Courier":9,"Runic Capacitor":25,"Orichalcum":13,"War Paint":13,"Smiling Mask":6,"Sozu":17,"Blood Vial":20,"OrangePellets":20,"Gambling Chip":23,"Pandora\u0027s Box":34,"Cracked Core":0},{"NeowsBlessing":0,"Gremlin Horn":10,"The Courier":4,"Runic Capacitor":12,"Orichalcum":6,"War Paint":6,"Smiling Mask":3,"Sozu":8,"Blood Vial":10,"OrangePellets":10,"Gambling Chip":12,"Pandora\u0027s Box":16,"Cracked Core":0},{"NeowsBlessing":0,"Gremlin Horn":41,"The Courier":7,"Runic Capacitor":50,"Orichalcum":16,"War Paint":16,"Smiling Mask":3,"Sozu":29,"Blood Vial":41,"OrangePellets":41,"Gambling Chip":50,"Pandora\u0027s Box":80,"Cracked Core":0}]},"card_choices":[{"not_picked":["Rebound","Heatsinks"],"picked":"Leap","floor":1},{"not_picked":["Undo","Scrape"],"picked":"White Noise","floor":4},{"not_picked":["Dramatic Entrance","Finesse"],"picked":"Dark Shackles","floor":5},{"not_picked":["Conserve Battery","Melter"],"picked":"Chill","floor":6},{"not_picked":["Leap","Stack"],"picked":"Genetic Algorithm","floor":7},{"not_picked":["BootSequence","Fusion"],"picked":"Coolheaded","floor":11},{"not_picked":["Steam","White Noise"],"picked":"Doom and Gloom","floor":12},{"not_picked":["Compile Driver","Gash"],"picked":"Capacitor","floor":14},{"not_picked":["Biased Cognition","All For One"],"picked":"Creative AI","floor":16},{"not_picked":["Rebound","Darkness"],"picked":"Go for the Eyes+1","floor":18},{"not_picked":["Reprogram","Skim"],"picked":"Ball Lightning+1","floor":19},{"not_picked":["Barrage","Beam Cell","Recycle+1"],"picked":"SKIP","floor":22},{"not_picked":["Go for the Eyes+1","Leap"],"picked":"Cold Snap","floor":23},{"not_picked":["Darkness","Fusion"],"picked":"Blizzard+1","floor":28},{"not_picked":["Cold Snap","Redo","Double Energy"],"picked":"SKIP","floor":30},{"not_picked":["Rebound+1","Go for the Eyes","Gash"],"picked":"SKIP","floor":31},{"not_picked":["Hyperbeam","Multi-Cast"],"picked":"Electrodynamics","floor":33},{"not_picked":["Ball Lightning","Steam","Cold Snap"],"picked":"SKIP","floor":35},{"not_picked":["Barrage","Chill","Leap+1"],"picked":"SKIP","floor":38},{"not_picked":["Reprogram","Darkness+1","Stack"],"picked":"SKIP","floor":39}],"player_experience":329260,"relics_obtained":[{"floor":6,"key":"Smiling Mask"},{"floor":9,"key":"The Courier"},{"floor":23,"key":"Gambling Chip"}],"event_choices":[{"damage_healed":68,"gold_gain":0,"player_choice":"Embrace Burn","damage_taken":0,"max_hp_gain":0,"max_hp_loss":75,"event_name":"betterThird:BetterShining","floor":3,"gold_loss":0},{"damage_healed":0,"gold_gain":1,"player_choice":"1","damage_taken":0,"max_hp_gain":0,"max_hp_loss":0,"event_name":"betterStone:BetterStone","floor":5,"gold_loss":0},{"damage_healed":0,"gold_gain":110,"player_choice":"RE RE GO ","damage_taken":46,"relics_obtained":["Orichalcum","War Paint"],"max_hp_gain":0,"max_hp_loss":0,"event_name":"betterSkull:BetterSkull","floor":13,"gold_loss":0,"cards_upgraded":[]},{"damage_healed":0,"gold_gain":0,"player_choice":"Opened","damage_taken":0,"relics_obtained":["Gremlin Horn"],"max_hp_gain":0,"max_hp_loss":0,"event_name":"The Mausoleum","floor":21,"gold_loss":0,"cards_obtained":["Writhe"]},{"damage_healed":0,"gold_gain":0,"player_choice":"Ignored","damage_taken":0,"max_hp_gain":0,"max_hp_loss":0,"event_name":"Cursed Tome","floor":24,"gold_loss":0},{"damage_healed":0,"gold_gain":0,"player_choice":"Adaptability","damage_taken":0,"max_hp_gain":0,"max_hp_loss":0,"event_name":"betterThird:BetterWriting","floor":27,"gold_loss":0},{"damage_healed":19,"gold_gain":0,"player_choice":"Writhe","damage_taken":0,"max_hp_gain":0,"max_hp_loss":0,"event_name":"Winding Halls","floor":36,"gold_loss":0,"cards_obtained":["Writhe"]},{"damage_healed":0,"gold_gain":0,"player_choice":"Upgraded","damage_taken":0,"max_hp_gain":0,"max_hp_loss":0,"event_name":"Upgrade Shrine","floor":37,"gold_loss":0,"cards_upgraded":["Zap"]}],"is_beta":false,"boss_relics":[{"not_picked":["Calling Bell","energizedSpire:MagnifyingGlass"],"picked":"Sozu"},{"not_picked":["Coffee Dripper","Snecko Eye"],"picked":"Pandora\u0027s Box"}],"items_purged_floors":[20],"is_endless":false,"potions_floor_spawned":[6,7,12,14,16,18,23,28,30,33,35],"killed_by":"Nemesis","ascension_level":7}}