{"host":"kiauivt48syq9iz6","time":1608892443,"event":{"mods":["BaseMod","Conspire","Downfall","Hermit","Minty Spire (QoL Compilation)","Replay The Spire","SIMod","StSLib","The Animator","The Construct","The Cursed","The Runesmith","The Servant 0.9.4"],"gold_per_floor":[112,112,129,146,146,146,28,43,67,81,115,145,145,158,158,255,255,265,1,1,52,52,82,82,82,163,181,280,280,280,280],"floor_reached":30,"playtime":996,"items_purged":[],"score":271,"play_id":"35b9ffe2-fb9a-456d-b9c9-0e64c72caee3","local_time":"20201225033403","is_ascension_mode":false,"campfire_choices":[{"data":"hermit:WideOpen","floor":6,"key":"SMITH"},{"floor":13,"key":"REST"},{"floor":24,"key":"REST"}],"circlet_count":0,"master_deck":["hermit:Defend_Hermit","hermit:Defend_Hermit","hermit:Defend_Hermit","hermit:Defend_Hermit","hermit:Snapshot","hermit:Covet","hermit:Determination+1","hermit:WideOpen+1","hermit:LowProfile","hermit:Headshot+1","hermit:FatalDesire","hermit:FatalDesire","hermit:Desperado","hermit:Horror","hermit:Gestalt","hermit:TrackingShot","hermit:Manifest","hermit:FinalCanter","hermit:Snipe+1","hermit:Dive","hermit:DeadMansHand","hermit:WideOpen","Bite","Bite","Bite","Bite","Bite","ReplayTheSpireMod:Splinters","hermit:ItchyTrigger+1","Decay","hermit:LoneWolf+1","hermit:Coalescence+1","Pain"],"relics":["hermit:Momento","Runesmith:AutoHammer","Juzu Bracelet","Whetstone","hermit:BartenderGlass","ReplayTheSpireMod:Ninjato","conspire:DecoderRing","Boot","White Beast Statue","WarpedTongs"],"acts_visited":["Exordium","TheCity"],"potions_floor_usage":[4,10,12,12,16,16,16,23,23,23,23,23],"damage_taken":[{"damage":8,"enemies":"2 Louse","floor":1,"turns":3},{"damage":6,"enemies":"Jaw Worm","floor":3,"turns":3},{"damage":0,"enemies":"Cultist","floor":4,"turns":3},{"damage":6,"enemies":"Exordium Wildlife","floor":8,"turns":4},{"damage":0,"enemies":"3 Louse","floor":10,"turns":1},{"damage":17,"enemies":"3 Sentries","floor":11,"turns":7},{"damage":2,"enemies":"conspire:MimicChest","floor":12,"turns":4},{"damage":9,"enemies":"2 Fungi Beasts","floor":14,"turns":3},{"damage":1,"enemies":"Slime Boss","floor":16,"turns":9},{"damage":34,"enemies":"2 Thieves","floor":18,"turns":5},{"damage":43,"enemies":"Gremlin Leader","floor":23,"turns":7},{"damage":35,"enemies":"3 Byrds","floor":27,"turns":5},{"damage":20,"enemies":"Shelled Parasite and Fungi","floor":30,"turns":5}],"seed_played":"8075690339498344231","potions_obtained":[{"floor":1,"key":"Adrenaline Potion"},{"floor":4,"key":"Energy Potion"},{"floor":8,"key":"Explosive Potion"},{"floor":10,"key":"CultistPotion"},{"floor":12,"key":"Reflective Coating"},{"floor":15,"key":"Energy Potion"},{"floor":15,"key":"hermit:BlackBile"},{"floor":21,"key":"Strength Potion"},{"floor":27,"key":"FearPotion"}],"is_trial":false,"path_per_floor":["M","?","M","M","?","R","$","M","T","M","E","?","R","M","R","B",null,"M","$","?","?","?","E","R","?","T","M","?","?","M"],"character_chosen":"HERMIT","items_purchased":["hermit:FatalDesire","Energy Potion","Ancient Potion","hermit:Dive","hermit:DeadMansHand","hermit:WideOpen"],"campfire_rested":2,"item_purchase_floors":[7,19,19,19,19,19],"current_hp_per_floor":[67,67,61,61,61,61,61,55,55,55,38,36,58,49,49,48,75,41,41,41,41,41,14,29,29,29,4,4,4,0,0],"gold":280,"neow_bonus":"RANDOM_EVENT","is_daily":false,"chose_seed":false,"campfire_upgraded":1,"win_rate":0.0,"timestamp":1608892443,"path_taken":["M","?","M","M","?","R","$","M","T","M","E","?","R","M","R","BOSS","M","$","?","?","?","E","R","?","T","M","?","?","M"],"items_purchased_type":["Card","Potion","Potion","Card","Card","Card"],"build_version":"2020-12-22","purchased_purges":0,"victory":false,"max_hp_per_floor":[75,75,75,75,75,75,75,75,75,75,75,75,75,75,75,75,75,75,75,52,52,52,52,52,52,52,52,52,52,52,52],"card_choices":[{"not_picked":["hermit:GoldenBullet","hermit:HoleUp"],"picked":"hermit:Determination","floor":1},{"not_picked":["hermit:PistolWhip","hermit:Ricochet"],"picked":"hermit:LowProfile","floor":3},{"not_picked":["hermit:Spite","hermit:WideOpen"],"picked":"hermit:Headshot","floor":4},{"not_picked":["hermit:BigShot","hermit:Dive"],"picked":"hermit:Desperado","floor":8},{"not_picked":["hermit:Malice","hermit:Cheat"],"picked":"hermit:Horror","floor":10},{"not_picked":["hermit:OverwhelmingPower","hermit:PistolWhip"],"picked":"hermit:Gestalt","floor":11},{"not_picked":["hermit:CalledShot","hermit:EyeOfTheStorm"],"picked":"hermit:TrackingShot","floor":12},{"not_picked":["hermit:SprayPray","hermit:Cheat"],"picked":"hermit:Manifest","floor":14},{"not_picked":["hermit:Magnum","hermit:FatalDesire"],"picked":"hermit:FinalCanter","floor":16},{"not_picked":["hermit:Glare+1","hermit:ItchyTrigger"],"picked":"hermit:Snipe+1","floor":18},{"not_picked":["hermit:Misfire","hermit:Showdown"],"picked":"hermit:ItchyTrigger+1","floor":21},{"not_picked":["hermit:Desperado","hermit:Manifest+1"],"picked":"hermit:LoneWolf+1","floor":23},{"not_picked":["hermit:Scavenge","hermit:Feint"],"picked":"hermit:Coalescence+1","floor":27}],"player_experience":75696,"relics_obtained":[{"floor":9,"key":"Runesmith:AutoHammer"},{"floor":11,"key":"Juzu Bracelet"},{"floor":12,"key":"Whetstone"},{"floor":21,"key":"ReplayTheSpireMod:Ninjato"},{"floor":23,"key":"conspire:DecoderRing"},{"floor":26,"key":"White Beast Statue"}],"event_choices":[{"damage_healed":0,"gold_gain":0,"cards_transformed":["hermit:Strike_Hermit"],"player_choice":"Change","damage_taken":0,"max_hp_gain":0,"max_hp_loss":0,"event_name":"Living Wall","floor":2,"gold_loss":0,"cards_obtained":["hermit:WideOpen"]},{"damage_healed":0,"gold_gain":0,"player_choice":"Upgraded","damage_taken":0,"max_hp_gain":0,"max_hp_loss":0,"event_name":"Upgrade Shrine","floor":5,"gold_loss":0,"cards_upgraded":["hermit:Determination"]},{"damage_healed":0,"gold_gain":0,"player_choice":"Became a vampire","damage_taken":0,"max_hp_gain":0,"max_hp_loss":23,"event_name":"Vampires","floor":20,"gold_loss":0,"cards_obtained":["Bite","Bite","Bite","Bite","Bite"]},{"damage_healed":0,"gold_gain":0,"player_choice":"Cursed","damage_taken":0,"max_hp_gain":0,"max_hp_loss":0,"event_name":"Wheel of Change","floor":22,"gold_loss":0,"cards_obtained":["Decay"]},{"damage_healed":0,"gold_gain":99,"player_choice":"Stole From Cult","damage_taken":0,"max_hp_gain":0,"max_hp_loss":0,"event_name":"Nest","floor":28,"gold_loss":0},{"damage_healed":0,"gold_gain":0,"player_choice":"Rummage","damage_taken":0,"relics_obtained":["WarpedTongs"],"max_hp_gain":0,"max_hp_loss":0,"event_name":"Accursed Blacksmith","floor":29,"gold_loss":0,"cards_obtained":["Pain"]}],"is_beta":false,"boss_relics":[{"not_picked":["ChewingGum","Painkiller Herb"],"picked":"hermit:BartenderGlass"}],"items_purged_floors":[],"is_endless":false,"potions_floor_spawned":[1,4,8,10,12,27],"killed_by":"Shelled Parasite and Fungi","ascension_level":0}}