{"host":"mrc3cf8wjlkkqes7","time":1608882965,"event":{"mods":["BaseMod","Downfall","Hermit","Infinite Spire","Marisa????????","Minty Spire (QoL Compilation)","Replay The Spire","StSLib","The Cursed","The Servant 0.9.4"],"gold_per_floor":[115,135,154,247,263,263,291,366,366,366,400,420,420,432,432,536,536,550,560,235,285,345,370,370,146,171,200,200,218,228,242,242,344,344,357,407,457,472,145,145,173,173,196,235,235,283,79,119,119,153,153],"floor_reached":50,"playtime":2574,"items_purged":["Strike_G","Strike_G","Strike_G","ReplayTheSpireMod:Tripwire+1","Defend_G","Defend_G"],"score":600,"play_id":"9bf9414b-bcdf-4b4c-bbc6-6cbdc2788dfd","local_time":"20201225015605","is_ascension_mode":true,"campfire_choices":[{"floor":6.0,"key":"REST"},{"floor":10.0,"key":"REST"},{"floor":24.0,"key":"REST"},{"floor":32.0,"key":"REST"},{"data":"Apotheosis","floor":40.0,"key":"SMITH"},{"data":"Accuracy","floor":42.0,"key":"SMITH"},{"data":"Envenom","floor":49.0,"key":"SMITH"}],"circlet_count":0,"master_deck":["Defend_G","Defend_G","Survivor","Neutralize","Poisoned Stab","Flying Knee","Dagger Spray","Cloak And Dagger","Bane","Slice","Flying Knee+1","Finisher","Slice","Infinite Blades","Envenom+1","Deadly Poison+1","Backflip","Sadistic Nature","Poisoned Stab","Crippling Poison","Slice+1","Backstab","Noxious Fumes","Dagger Spray","Deflect+1","Infinite Blades+1","Die Die Die","ReplayTheSpireMod:The Works+1","Well Laid Plans+1","Backstab+1","Apotheosis+1","Bane","Dagger Spray","Noxious Fumes+1","Accuracy+1","Blade Dance+1","Replay:Fractal Strike","Blade Dance","Accuracy","Accuracy","Bane"],"relics":["Ring of the Snake","NeowsBlessing","Art of War","infinitespire:Bottled Soul","Eternal Feather","ReplayTheSpireMod:Ninjato","SsserpentHead","Sozu","Replay:Mystery Machine","Centennial Puzzle","Happy Flower","infinitespire:EmpoweringShard","WristBlade","Astrolabe","Nunchaku","Replay:Bandana","Regal Pillow","Replay:Lucky Slots"],"acts_visited":["Exordium","TheCity","TheBeyond"],"potions_floor_usage":[50],"damage_taken":[{"damage":0.0,"enemies":"Cultist","floor":1.0,"turns":1.0},{"damage":0.0,"enemies":"2 Louse","floor":2.0,"turns":1.0},{"damage":0.0,"enemies":"Jaw Worm","floor":3.0,"turns":1.0},{"damage":6.0,"enemies":"Large Slime","floor":5.0,"turns":6.0},{"damage":18.0,"enemies":"Lagavulin","floor":7.0,"turns":6.0},{"damage":16.0,"enemies":"3 Sentries","floor":11.0,"turns":6.0},{"damage":3.0,"enemies":"2 Fungi Beasts","floor":12.0,"turns":2.0},{"damage":3.0,"enemies":"Red Slaver","floor":14.0,"turns":3.0},{"damage":11.0,"enemies":"Slime Boss","floor":16.0,"turns":6.0},{"damage":0.0,"enemies":"Spheric Guardian","floor":18.0,"turns":2.0},{"damage":0.0,"enemies":"3 Byrds","floor":19.0,"turns":4.0},{"damage":38.0,"enemies":"Sentry and Sphere","floor":22.0,"turns":6.0},{"damage":18.0,"enemies":"Gremlin Leader","floor":23.0,"turns":4.0},{"damage":22.0,"enemies":"Book of Stabbing","floor":27.0,"turns":4.0},{"damage":11.0,"enemies":"Shelled Parasite and Fungi","floor":29.0,"turns":3.0},{"damage":5.0,"enemies":"Cultist and Chosen","floor":30.0,"turns":3.0},{"damage":4.0,"enemies":"Centurion and Healer","floor":31.0,"turns":3.0},{"damage":30.0,"enemies":"Collector","floor":33.0,"turns":4.0},{"damage":4.0,"enemies":"3 Shapes","floor":35.0,"turns":1.0},{"damage":0.0,"enemies":"3 Darklings","floor":38.0,"turns":4.0},{"damage":19.0,"enemies":"R_Hoarder","floor":41.0,"turns":5.0},{"damage":7.0,"enemies":"Sphere and 2 Shapes","floor":44.0,"turns":3.0},{"damage":0.0,"enemies":"Transient","floor":46.0,"turns":5.0},{"damage":4.0,"enemies":"Jaw Worm Horde","floor":48.0,"turns":1.0},{"damage":88,"enemies":"Time Eater","floor":50,"turns":4}],"seed_played":"-4476541617347603275","potions_obtained":[{"floor":2.0,"key":"Energy Potion"},{"floor":5.0,"key":"sneckomod:MuddlingPotion"},{"floor":11.0,"key":"EssenceOfSteel"},{"floor":12.0,"key":"BlessingOfTheForge"},{"floor":16.0,"key":"champ:CounterPotion"}],"is_trial":false,"path_per_floor":["M","M","M","?","M","R","E","?","T","R","E","M","?","M","R","B",null,"M","M","$","?","M","E","R","$","T","E","AVR","M","M","M","R","B",null,"M","?","?","M","$","R","E","R","T","M","AVR","M","$","M","R","B"],"character_chosen":"THE_SILENT","items_purchased":["Sadistic Nature","Poisoned Stab","Crippling Poison","Noxious Fumes","Dagger Spray","Dagger Spray","Noxious Fumes+1","Nunchaku","Accuracy"],"campfire_rested":4,"item_purchase_floors":[20,20,20,25,25,39,39,39,47],"current_hp_per_floor":[70,70,70,53,47,68,50,39,39,69,53,50,50,47,70,59,70,70,70,70,70,32,14,50,50,50,28,28,17,12,8,47,17,70,66,66,66,66,66,66,47,66,66,59,59,59,59,55,66,0,0],"gold":153,"neow_bonus":"THREE_ENEMY_KILL","is_daily":false,"chose_seed":false,"campfire_upgraded":3,"win_rate":0.0,"timestamp":1608882965,"path_taken":["M","?","M","?","M","R","E","?","T","R","E","M","?","M","R","BOSS","M","M","?","?","?","E","R","$","T","E","AVR","M","M","M","R","BOSS","M","?","?","M","?","R","E","R","T","M","AVR","M","$","M","R","BOSS"],"items_purchased_type":["Card","Card","Card","Card","Card","Card","Card","Relic","Card"],"build_version":"2020-12-22","purchased_purges":6,"victory":false,"max_hp_per_floor":[70,70,70,70,70,70,70,70,70,70,70,70,70,70,70,70,70,70,70,70,70,70,70,70,70,70,70,70,70,70,70,70,70,70,70,70,66,66,66,66,66,66,66,66,66,66,66,66,66,66,66],"card_choices":[{"not_picked":["Deflect","Acrobatics"],"picked":"Poisoned Stab","floor":1.0},{"not_picked":["Masterful Stab","Accuracy"],"picked":"Flying Knee","floor":2.0},{"not_picked":["Deflect","Accuracy"],"picked":"Dagger Spray","floor":3.0},{"not_picked":["Sneak Up","Blade Dance"],"picked":"Cloak And Dagger","floor":4.0},{"not_picked":["Heel Hook","Grand Finale"],"picked":"Bane","floor":4.0},{"not_picked":["PiercingWail","Tactician"],"picked":"Slice","floor":5.0},{"not_picked":["Underhanded Strike","Unload"],"picked":"Flying Knee","floor":7.0},{"not_picked":["ReplayTheSpireMod:Necrosis","Acrobatics"],"picked":"Finisher","floor":11.0},{"not_picked":["Underhanded Strike","Dodge and Roll"],"picked":"Slice","floor":12.0},{"not_picked":["Dash","Sucker Punch"],"picked":"Infinite Blades","floor":14.0},{"not_picked":["infinitespire:Neurotoxin","Doppelganger"],"picked":"Envenom","floor":16.0},{"not_picked":["Bane+1","Deflect+1"],"picked":"Deadly Poison+1","floor":18.0},{"not_picked":["Dagger Spray","PiercingWail"],"picked":"Backflip","floor":19.0},{"not_picked":["Hidden Blade+1","Distraction"],"picked":"Slice+1","floor":22.0},{"not_picked":["Footwork+1","Quick Slash"],"picked":"Backstab","floor":23.0},{"not_picked":["Terror","Slice+1"],"picked":"Deflect+1","floor":27.0},{"not_picked":["Quick Slash","Outmaneuver"],"picked":"Infinite Blades+1","floor":29.0},{"not_picked":["Underhanded Strike","Caltrops","Slice+1"],"picked":"SKIP","floor":30.0},{"not_picked":["Outmaneuver","Flechettes+1","Masterful Stab"],"picked":"SKIP","floor":31.0},{"not_picked":["Venomology","Poison Darts"],"picked":"Die Die Die","floor":33.0},{"not_picked":["Flying Knee+1","Dodge and Roll"],"picked":"Backstab+1","floor":35.0},{"not_picked":["Replay:Sssssssssstrike","Replay:SS_hec_1"],"picked":"Apotheosis","floor":36.0},{"not_picked":["Reflex+1","PiercingWail"],"picked":"Bane","floor":38.0},{"not_picked":["Sucker Punch+1","Dodge and Roll+1"],"picked":"Accuracy","floor":41.0},{"not_picked":["Dagger Throw","Dagger Spray"],"picked":"Blade Dance+1","floor":44.0},{"not_picked":["Distraction+1","Flying Knee+1"],"picked":"Blade Dance","floor":46.0},{"not_picked":["Wraith Form v2","Acrobatics"],"picked":"Bane","floor":48.0}],"player_experience":216273,"relics_obtained":[{"floor":4.0,"key":"Art of War"},{"floor":7.0,"key":"infinitespire:Bottled Soul"},{"floor":9.0,"key":"Eternal Feather"},{"floor":11.0,"key":"ReplayTheSpireMod:Ninjato"},{"floor":23.0,"key":"Replay:Mystery Machine"},{"floor":26.0,"key":"Centennial Puzzle"},{"floor":27.0,"key":"Happy Flower"},{"floor":41.0,"key":"Replay:Bandana"},{"floor":43.0,"key":"Regal Pillow"}],"event_choices":[{"damage_healed":0.0,"max_hp_gain":0.0,"max_hp_loss":0.0,"gold_gain":75.0,"event_name":"World of Goop","player_choice":"Gather Gold","floor":8.0,"gold_loss":0.0,"damage_taken":11.0},{"damage_healed":0.0,"max_hp_gain":0.0,"max_hp_loss":0.0,"gold_gain":0.0,"event_name":"FaceTrader","player_choice":"Trade","floor":13.0,"gold_loss":0.0,"damage_taken":0.0,"relics_obtained":["SsserpentHead"]},{"damage_healed":0.0,"max_hp_gain":0.0,"max_hp_loss":0.0,"gold_gain":0.0,"event_name":"The Woman in Blue","player_choice":"Bought 0 Potions","floor":21.0,"gold_loss":0.0,"damage_taken":0.0},{"damage_healed":0.0,"max_hp_gain":0.0,"max_hp_loss":0.0,"gold_gain":0.0,"event_name":"SensoryStone","player_choice":"Memory 1","floor":36.0,"gold_loss":0.0,"damage_taken":0.0},{"damage_healed":0.0,"max_hp_gain":0.0,"max_hp_loss":4.0,"gold_gain":0.0,"event_name":"Winding Halls","player_choice":"Max HP","floor":37.0,"gold_loss":0.0,"damage_taken":0.0}],"is_beta":false,"boss_relics":[{"not_picked":["SacredBark","Abe\u0027s Treasure"],"picked":"Sozu"},{"not_picked":["Runic Pyramid","Replay:Drink Me"],"picked":"Astrolabe"}],"items_purged_floors":[20,25,28,39,45,47],"is_endless":false,"potions_floor_spawned":[2,5,11,12,16,23,27,30,38,41,44,48],"killed_by":"Time Eater","ascension_level":1}}