{"host":"wha9hktbkslqvblg","time":1608875272,"event":{"mods":["BaseMod","Colored Map","Minty Spire (QoL Compilation)","Relic Stats","SuperFastMode","everything is the same but u backflip on backflip"],"gold_per_floor":[118,118,118,43,43,79,79,113,162,162,79,122,135,156,156,156,156],"floor_reached":16,"playtime":203,"items_purged":["Strike_R"],"score":332,"play_id":"2187929f-07b5-4fa7-8b5f-6e07f73bd1b0","local_time":"20201225144752","is_ascension_mode":true,"campfire_choices":[{"data":"Body Slam","floor":7,"key":"SMITH"},{"data":"Hemokinesis","floor":10,"key":"SMITH"},{"data":"Second Wind","floor":15,"key":"SMITH"}],"circlet_count":0,"master_deck":["AscendersBane","Strike_R+1","Strike_R","Strike_R","Defend_R+1","Defend_R","Defend_R","Defend_R","Bash","Hemokinesis+1","Sentinel","Body Slam+1","Second Wind+1"],"relics":["Burning Blood","NeowsBlessing","Golden Idol","Mummified Hand","PreservedInsect","Centennial Puzzle","Frozen Egg 2"],"acts_visited":["Exordium"],"potions_floor_usage":[16],"damage_taken":[{"damage":0,"enemies":"Jaw Worm","floor":1,"turns":1},{"damage":0,"enemies":"Lagavulin","floor":6,"turns":1},{"damage":0,"enemies":"3 Sentries","floor":8,"turns":2},{"damage":19,"enemies":"Lagavulin","floor":12,"turns":4},{"damage":0,"enemies":"2 Louse","floor":13,"turns":4},{"damage":3,"enemies":"Cultist","floor":14,"turns":3},{"damage":25,"enemies":"Hexaghost","floor":16,"turns":7}],"seed_played":"-470115329270307109","potions_obtained":[{"floor":6,"key":"Swift Potion"},{"floor":12,"key":"Fire Potion"}],"is_trial":false,"path_per_floor":["M","?","?","$","?","E","R","E","T","R","$","E","M","M","R","B"],"character_chosen":"IRONCLAD","items_purchased":["Second Wind"],"campfire_rested":0,"item_purchase_floors":[11],"current_hp_per_floor":[74,48,48,48,25,31,31,37,37,37,37,24,30,33,33,8,8],"gold":156,"neow_bonus":"THREE_ENEMY_KILL","is_daily":false,"chose_seed":false,"campfire_upgraded":3,"win_rate":0.0,"timestamp":1608875272,"path_taken":["M","?","?","$","?","E","R","E","T","R","$","E","M","?","R","BOSS"],"items_purchased_type":["Card"],"build_version":"2020-12-22","purchased_purges":1,"victory":false,"max_hp_per_floor":[75,75,75,75,75,75,75,75,75,75,75,75,75,75,75,75,75],"relic_stats":{"Centennial Puzzle":[9],"counters":[7,22],"Golden Idol":30,"Mummified Hand":[0],"PreservedInsect":29,"obtain_stats":[{"Centennial Puzzle":9,"NeowsBlessing":0,"Golden Idol":2,"Mummified Hand":6,"PreservedInsect":8,"Frozen Egg 2":12,"Burning Blood":0},{"Centennial Puzzle":3,"NeowsBlessing":0,"Golden Idol":1,"Mummified Hand":2,"PreservedInsect":3,"Frozen Egg 2":4,"Burning Blood":0},{"Centennial Puzzle":4,"NeowsBlessing":0,"Golden Idol":1,"Mummified Hand":2,"PreservedInsect":4,"Frozen Egg 2":8,"Burning Blood":0}],"Burning Blood":36},"card_choices":[{"not_picked":["Wild Strike","Thunderclap"],"picked":"Hemokinesis","floor":1},{"not_picked":["Limit Break","Cleave"],"picked":"Body Slam","floor":6},{"not_picked":["Perfected Strike","Brutality","Havoc"],"picked":"SKIP","floor":8},{"not_picked":["Limit Break","Infernal Blade","Perfected Strike"],"picked":"SKIP","floor":12},{"not_picked":["Warcry","Dual Wield","Body Slam"],"picked":"SKIP","floor":13},{"not_picked":["Iron Wave","Perfected Strike","Combust+1"],"picked":"SKIP","floor":14}],"player_experience":893064,"relics_obtained":[{"floor":6,"key":"Mummified Hand"},{"floor":8,"key":"PreservedInsect"},{"floor":9,"key":"Centennial Puzzle"},{"floor":12,"key":"Frozen Egg 2"}],"event_choices":[{"damage_healed":0,"gold_gain":0,"player_choice":"Take Damage","damage_taken":26,"relics_obtained":["Golden Idol"],"max_hp_gain":0,"max_hp_loss":0,"event_name":"Golden Idol","floor":2,"gold_loss":0},{"damage_healed":0,"gold_gain":0,"cards_transformed":["Strike_R"],"player_choice":"Change","damage_taken":0,"max_hp_gain":0,"max_hp_loss":0,"event_name":"Living Wall","floor":3,"gold_loss":0,"cards_obtained":["Sentinel"]},{"damage_healed":0,"gold_gain":0,"player_choice":"Entered Light","damage_taken":23,"max_hp_gain":0,"max_hp_loss":0,"event_name":"Shining Light","floor":5,"gold_loss":0,"cards_upgraded":["Strike_R","Defend_R"]}],"is_beta":false,"boss_relics":[],"items_purged_floors":[4],"is_endless":false,"potions_floor_spawned":[6,12],"killed_by":"Hexaghost","ascension_level":20}}