{"host":"0cnf9zf1gia27zti","time":1608864257,"event":{"mods":["BaseMod","BetterRewards","Card Forge","Colored Map","Colored Powertips","Conspire","Downfall","Minty Spire (QoL Compilation)","Practice Mode","Quick Restart","Replay The Spire","Robot Space Explorer","Shade Mod","Spicy Shops","StSLib"],"gold_per_floor":[114,114,126,201,43,43,43,77,77,77,96,112,126,176,176,272,272,295,308,326,241,2,41,41,41,64,64,77,97,97,13,13,111,111,132,132,163,187,56,95,95,11,63,63,63,84,128,60,60,60],"floor_reached":51,"playtime":3215,"items_purged":["Strike_G","Strike_G"],"score":2067,"play_id":"c20e6991-2fd9-4cf0-9d2d-d99157eea2f4","local_time":"20201225024417","is_ascension_mode":true,"campfire_choices":[{"floor":6,"key":"REST"},{"floor":15,"key":"REST"},{"data":"Mayhem","floor":24,"key":"SMITH"},{"data":"Replay:SS_hec_2","floor":27,"key":"SMITH"},{"data":"Noxious Fumes","floor":30,"key":"SMITH"},{"data":"Skewer","floor":32,"key":"SMITH"},{"floor":41,"key":"REST"},{"floor":44,"key":"REST"},{"floor":49,"key":"REST"}],"circlet_count":0,"master_deck":["AscendersBane","Strike_G","Strike_G","Strike_G","Defend_G+1","Defend_G+1","Defend_G","Defend_G","Defend_G","Survivor","Neutralize","Footwork+1","Mayhem+1","Noxious Fumes+1","Replay:SS_hec_2+1","Prepared","Poison Darts+1","Noxious Fumes+1","Noxious Fumes+1","Backstab","PiercingWail","ReplayTheSpireMod:Speed Training","Malaise+1","PiercingWail","expansioncontent:StudyTheSpire+1","After Image","Calculated Gamble+1","Prepared+1","Skewer+1","Calculated Gamble+1","Noxious Fumes","Backflip+1","Corpse Explosion+1","PiercingWail+1","Madness+1","Madness+1","ReplayTheSpireMod:Necrosis+1","Backflip+1","Poison Darts+1","Footwork"],"relics":["Ring of the Snake","Hammer of Thor","Seething Fire","Anvil of the Gods","Chemical X","Lantern","Membership Card","Question Card","Anchor","downfall:ShatteredFragment","HornCleat","Centennial Puzzle","Ornamental Fan","Golden Idol","conspire:SpecialSausage","Toxic Egg 2","conspire:Dentures","Blue Candle","War Paint","Orrery","Durian","Pear","Bag of Preparation","DollysMirror","Gremlin Food","Replay:Rubber Ducky"],"acts_visited":["Exordium","TheCity","TheBeyond"],"potions_floor_usage":[11,13,16,23,37,40,50,50],"damage_taken":[{"damage":0,"enemies":"2 Louse","floor":1,"turns":3},{"damage":10,"enemies":"Small Slimes","floor":3,"turns":3},{"damage":3,"enemies":"Gremlin Nob","floor":8,"turns":4},{"damage":0,"enemies":"Jaw Worm","floor":11,"turns":2},{"damage":0,"enemies":"Looter","floor":12,"turns":3},{"damage":0,"enemies":"Gremlin Gang","floor":13,"turns":4},{"damage":0,"enemies":"Slime Boss","floor":16,"turns":8},{"damage":0,"enemies":"3 Byrds","floor":18,"turns":4},{"damage":0,"enemies":"Shell Parasite","floor":19,"turns":4},{"damage":1,"enemies":"Snecko","floor":20,"turns":6},{"damage":5,"enemies":"Gremlin Leader","floor":23,"turns":6},{"damage":0,"enemies":"Sentry and Sphere","floor":28,"turns":5},{"damage":0,"enemies":"Centurion and Healer","floor":29,"turns":6},{"damage":35,"enemies":"Collector","floor":33,"turns":9},{"damage":0,"enemies":"Orb Walker","floor":35,"turns":3},{"damage":0,"enemies":"Mind Bloom Boss Battle","floor":37,"turns":7},{"damage":0,"enemies":"3 Shapes","floor":38,"turns":4},{"damage":18,"enemies":"Giant Head","floor":40,"turns":11},{"damage":18,"enemies":"3 Darklings","floor":46,"turns":5},{"damage":19,"enemies":"Nemesis","floor":47,"turns":7},{"damage":0,"enemies":"Donu and Deca","floor":50,"turns":10}],"seed_played":"7126823125220811798","potions_obtained":[{"floor":8,"key":"ColorlessPotion"},{"floor":12,"key":"Poison Potion"},{"floor":13,"key":"Milkshake"},{"floor":18,"key":"Reflective Coating"},{"floor":20,"key":"Toxic Potion"},{"floor":33,"key":"Milkshake"},{"floor":37,"key":"PowerPotion"},{"floor":46,"key":"GamblersBrew"}],"is_trial":false,"path_per_floor":["M","?","M","?","$","R","$","E","T","?","M","M","M","?","R","B",null,"M","M","M","?","$","E","R","?","T","R","M","M","R","$","R_BF","B",null,"M","?","?","M","$","E","R","$","T","R","?","M","E","$","R","B",null],"character_chosen":"THE_SILENT","items_purchased":["Chemical X","Footwork","Lantern","Membership Card","Mayhem","Noxious Fumes","Replay:SS_hec_2","Prepared","Poison Darts","Noxious Fumes","Question Card","Anchor","Noxious Fumes","HornCleat","conspire:Dentures","expansioncontent:StudyTheSpire","Skewer","Orrery","Pear","DollysMirror","Footwork"],"campfire_rested":5,"item_purchase_floors":[0,0,0,0,0,0,0,0,0,0,0,0,5,5,22,22,31,31,39,42,48],"current_hp_per_floor":[59,59,49,38,38,57,57,54,54,31,31,31,31,31,50,50,62,62,62,61,61,61,56,56,66,66,66,66,66,66,66,66,31,57,57,45,50,50,60,42,66,66,66,81,81,63,44,44,68,68],"gold":60,"neow_bonus":"","is_daily":false,"chose_seed":false,"campfire_upgraded":4,"win_rate":0.0,"timestamp":1608864257,"path_taken":["M","?","M","?","$","R","$","E","T","?","M","?","M","?","R","BOSS","M","M","?","?","$","E","R","?","T","R","M","?","R","$","R_BF","BOSS","M","?","?","M","?","E","R","$","T","R","?","M","E","$","R","BOSS"],"items_purchased_type":["Relic","Card","Relic","Relic","Card","Card","Card","Card","Card","Card","Relic","Relic","Card","Relic","Relic","Card","Card","Relic","Relic","Relic","Card"],"build_version":"2020-12-22","purchased_purges":2,"victory":true,"max_hp_per_floor":[66,66,66,66,66,66,66,66,66,66,66,66,66,66,66,66,66,66,66,66,66,66,66,66,66,66,66,66,66,66,66,66,66,66,66,66,71,71,81,81,81,81,81,81,81,81,81,81,81,81],"card_choices":[{"not_picked":["Masterful Stab","Outmaneuver","ReplayTheSpireMod:Shiv Toss","Dagger Throw"],"picked":"SKIP","floor":1},{"not_picked":["Deflect","Dagger Throw","Underhanded Strike","All Out Attack"],"picked":"SKIP","floor":3},{"not_picked":["Bane","Concentrate","Dagger Spray"],"picked":"Backstab","floor":8},{"not_picked":["conspire:DoublingDagger","Deflect","Distraction"],"picked":"PiercingWail","floor":11},{"not_picked":["Blade Dance","Eviscerate","Underhanded Strike","Sneak Up"],"picked":"SKIP","floor":12},{"not_picked":["Crippling Poison","Underhanded Strike","Acrobatics"],"picked":"Terror","floor":13},{"not_picked":["Atom Bomb","ReplayTheSpireMod:Necrosis","Unload"],"picked":"Malaise","floor":16},{"not_picked":["Setup","Crippling Poison","Deadly Poison","Finisher"],"picked":"SKIP","floor":18},{"not_picked":["Dodge and Roll","Dagger Throw","Sucker Punch","Cloak And Dagger"],"picked":"SKIP","floor":19},{"not_picked":["ReplayTheSpireMod:Tripwire","Poisoned Stab+1","Sucker Punch"],"picked":"PiercingWail","floor":20},{"not_picked":["All Out Attack+1","Riddle With Holes","Dagger Spray+1"],"picked":"After Image","floor":23},{"not_picked":["Terror+1","PiercingWail+1","Cloak And Dagger+1"],"picked":"Calculated Gamble+1","floor":28},{"not_picked":["PiercingWail+1","Deflect+1","Dodge and Roll+1"],"picked":"Prepared+1","floor":29},{"not_picked":["Deflect+1","Poisoned Stab+1","Acrobatics+1"],"picked":"Calculated Gamble+1","floor":31},{"not_picked":["Deflect+1","Unload","Acrobatics+1"],"picked":"Noxious Fumes","floor":31},{"not_picked":["Bouncing Flask+1","Concentrate+1","Endless Agony"],"picked":"Backflip+1","floor":31},{"not_picked":["Atom Bomb","Unload","Tools of the Trade"],"picked":"Corpse Explosion+1","floor":33},{"not_picked":["Slice","Poisoned Stab","Deadly Poison+1"],"picked":"PiercingWail+1","floor":35},{"not_picked":["PiercingWail+1","Terror+1","Cloak And Dagger+1"],"picked":"ReplayTheSpireMod:Necrosis+1","floor":38},{"not_picked":["Deadly Poison+1","Underhanded Strike","Outmaneuver+1"],"picked":"Backflip+1","floor":40},{"not_picked":["Dodge and Roll+1","Poisoned Stab","Tactician+1","Blade Dance+1"],"picked":"SKIP","floor":46},{"not_picked":["Tools of the Trade","Crippling Poison+1","Acrobatics+1","conspire:DoublingDagger+1"],"picked":"SKIP","floor":47}],"player_experience":2490483,"relics_obtained":[{"floor":8,"key":"Centennial Puzzle"},{"floor":9,"key":"Ornamental Fan"},{"floor":23,"key":"Blue Candle"},{"floor":26,"key":"War Paint"},{"floor":37,"key":"Durian"},{"floor":40,"key":"Bag of Preparation"},{"floor":43,"key":"Gremlin Food"},{"floor":47,"key":"Replay:Rubber Ducky"}],"event_choices":[{"damage_healed":0,"gold_gain":0,"player_choice":"Ignored","damage_taken":0,"max_hp_gain":0,"max_hp_loss":0,"event_name":"Liars Game","floor":2,"gold_loss":0},{"damage_healed":0,"gold_gain":75,"player_choice":"Gather Gold","damage_taken":11,"max_hp_gain":0,"max_hp_loss":0,"event_name":"World of Goop","floor":4,"gold_loss":0},{"damage_healed":0,"gold_gain":0,"player_choice":"Take Damage","damage_taken":23,"relics_obtained":["Golden Idol"],"max_hp_gain":0,"max_hp_loss":0,"event_name":"Golden Idol","floor":10,"gold_loss":0},{"damage_healed":0,"gold_gain":50,"player_choice":"Pray","damage_taken":0,"max_hp_gain":0,"max_hp_loss":0,"event_name":"Golden Shrine","floor":14,"gold_loss":0},{"damage_healed":0,"gold_gain":0,"player_choice":"Obtained Relic","damage_taken":0,"relics_obtained":["Toxic Egg 2"],"max_hp_gain":0,"max_hp_loss":0,"event_name":"Addict","floor":21,"gold_loss":85},{"damage_healed":10,"gold_gain":0,"player_choice":"Full Heal","damage_taken":0,"max_hp_gain":0,"max_hp_loss":0,"event_name":"Wheel of Change","floor":25,"gold_loss":0},{"damage_healed":0,"gold_gain":0,"player_choice":"Embrace Madness","damage_taken":12,"max_hp_gain":0,"max_hp_loss":0,"event_name":"Winding Halls","floor":36,"gold_loss":0,"cards_obtained":["Madness","Madness"]},{"damage_healed":0,"gold_gain":0,"player_choice":"Fight","damage_taken":0,"max_hp_gain":0,"max_hp_loss":0,"event_name":"MindBloom","floor":37,"gold_loss":0},{"damage_healed":0,"gold_gain":0,"player_choice":"Ignored","damage_taken":0,"max_hp_gain":0,"max_hp_loss":0,"event_name":"SecretPortal","floor":45,"gold_loss":0}],"is_beta":false,"boss_relics":[{"not_picked":["Coffee Dripper","Ectoplasm"],"picked":"conspire:SpecialSausage"},{"not_picked":["Replay:Wanted Poster","conspire:RoyalGoblet","Replay:Bronze Core"]}],"items_purged_floors":[0,0],"is_endless":false,"potions_floor_spawned":[8,12,13,18,20,33,37,46,47],"ascension_level":19}}