{"host":"2uzrezb18q7r18aw","time":1608922974,"event":{"mods":["Act Like it!","BaseMod","Koishi","Minty Spire (QoL Compilation)","StSLib"],"gold_per_floor":[113,128,88,99,112,37,51,84,108,133,155,167,207,232,244,352,364,396,408,420,65,80,113,113,113,139,152,180,190,209,223,223,325,325,337,348,348,366,114,114,143,155,155,171,181,194,194,211,211,211],"floor_reached":51,"playtime":3126,"items_purged":["Koishi:BasicStrike","Koishi:FormlessExistence"],"score":789,"play_id":"1b548553-4cf3-41bb-8f92-961f0b81799a","local_time":"20201226040254","is_ascension_mode":false,"campfire_choices":[{"data":"Koishi:MindStellarRelief","floor":15.0,"key":"SMITH"},{"data":"Koishi:ImGoingToCallYouNow","floor":25.0,"key":"SMITH"},{"data":"Koishi:MentalBreakdown","floor":32.0,"key":"SMITH"},{"data":"Koishi:SuperEgo","floor":40,"key":"SMITH"},{"data":"Koishi:Ego","floor":49,"key":"SMITH"}],"circlet_count":0,"master_deck":["Koishi:Provoke","Koishi:HauntingSlash","Koishi:PhantomBarrier","Koishi:StingingMind","Koishi:DreadfulBlow","Koishi:MindStellarRelief+1","Koishi:FidgetySnatcher","Koishi:TraumaticStroke","Koishi:HeartfeltFancy","Koishi:RorschachInDanmaku+1","Koishi:Ego+1","Koishi:Whimsy","Koishi:MentalBreakdown+1","Koishi:ImGoingToCallYouNow+1","Koishi:SilentAndRestless","Koishi:ParalyzingFear","Koishi:ApparitionsStalkTheNight","Koishi:PerfectMindControl","Koishi:SuperEgo+1","Koishi:SubconsciousSweep","Koishi:TremblingHands","Koishi:SilentAndRestless","Koishi:RacingHeart","Koishi:CatchAndRose","Koishi:ReleaseOfTheId+1","Koishi:LastRemote","Koishi:Catatonia+1","Koishi:YoukaiPolygraph+1"],"relics":["Black Star","Bird Faced Urn","Bag of Preparation","MawBank","Nunchaku","Blood Vial","SacredBark","Sundial","Nloth\u0027s Gift","War Paint","Prayer Wheel","Omamori","Pandora\u0027s Box","Vajra","Thread and Needle","Koishi:LettersToReimu","Meat on the Bone"],"acts_visited":["Exordium","TheCity","TheBeyond"],"potions_floor_usage":[33,33,50,50],"damage_taken":[{"damage":4.0,"enemies":"Cultist","floor":1.0,"turns":5.0},{"damage":3.0,"enemies":"Jaw Worm","floor":2.0,"turns":7.0},{"damage":0.0,"enemies":"2 Louse","floor":4.0,"turns":2.0},{"damage":9.0,"enemies":"Lots of Slimes","floor":5.0,"turns":6.0},{"damage":18.0,"enemies":"Exordium Wildlife","floor":7.0,"turns":4.0},{"damage":19.0,"enemies":"Lagavulin","floor":8.0,"turns":6.0},{"damage":14.0,"enemies":"Gremlin Gang","floor":10.0,"turns":5.0},{"damage":7.0,"enemies":"Blue Slaver","floor":11.0,"turns":3.0},{"damage":15.0,"enemies":"Gremlin Nob","floor":13.0,"turns":6.0},{"damage":0.0,"enemies":"2 Fungi Beasts","floor":14.0,"turns":4.0},{"damage":28.0,"enemies":"Hexaghost","floor":16.0,"turns":11.0},{"damage":24.0,"enemies":"Spheric Guardian","floor":18.0,"turns":4.0},{"damage":42.0,"enemies":"Shell Parasite","floor":22.0,"turns":8.0},{"damage":23.0,"enemies":"Slavers","floor":23.0,"turns":9.0},{"damage":29.0,"enemies":"Snake Plant","floor":27.0,"turns":7.0},{"damage":33.0,"enemies":"Gremlin Leader","floor":28.0,"turns":7.0},{"damage":51.0,"enemies":"Cultist and Chosen","floor":29.0,"turns":12.0},{"damage":45.0,"enemies":"Chosen and Byrds","floor":30.0,"turns":11.0},{"damage":10.0,"enemies":"Shelled Parasite and Fungi","floor":31.0,"turns":7.0},{"damage":55,"enemies":"Collector","floor":33,"turns":12},{"damage":19,"enemies":"Orb Walker","floor":35,"turns":5},{"damage":12,"enemies":"3 Darklings","floor":36,"turns":4},{"damage":1,"enemies":"Maw","floor":38,"turns":7},{"damage":29,"enemies":"Giant Head","floor":41,"turns":9},{"damage":25,"enemies":"4 Shapes","floor":42,"turns":5},{"damage":0,"enemies":"Jaw Worm Horde","floor":44,"turns":3},{"damage":0,"enemies":"Spire Growth","floor":45,"turns":5},{"damage":8,"enemies":"4 Shapes","floor":46,"turns":3},{"damage":21,"enemies":"3 Darklings","floor":48,"turns":4},{"damage":0,"enemies":"Awakened One","floor":50,"turns":13}],"seed_played":"-8695049693782737155","potions_obtained":[{"floor":3.0,"key":"EssenceOfSteel"},{"floor":3.0,"key":"Fruit Juice"},{"floor":3.0,"key":"LiquidBronze"},{"floor":5.0,"key":"Block Potion"},{"floor":8.0,"key":"LiquidMemories"},{"floor":13.0,"key":"SmokeBomb"},{"floor":22.0,"key":"FairyPotion"},{"floor":30.0,"key":"EssenceOfSteel"},{"floor":31.0,"key":"FearPotion"},{"floor":33,"key":"ColorlessPotion"},{"floor":36,"key":"Regen Potion"},{"floor":37,"key":"LiquidMemories"},{"floor":44,"key":"Strength Potion"},{"floor":48,"key":"EssenceOfSteel"}],"is_trial":false,"path_per_floor":["M","M","?","M","M","$","M","E","T","M","M","$","E","M","R","B",null,"M","$","?","$","M","E","?","R","T","M","E","M","M","M","R","B",null,"M","M","?","M","$","R","E","M","T","M","M","M","?","M","R","B",null],"character_chosen":"KOISHI","items_purchased":["Koishi:Whimsy","Koishi:MentalBreakdown","Koishi:ImGoingToCallYouNow","Vajra"],"campfire_rested":0,"item_purchase_floors":[21,21,21,39],"current_hp_per_floor":[57,57,57,57,54,54,47,41,41,39,38,38,31,37,37,23,65,45,45,45,45,34,28,28,28,28,26,56,40,38,57,57,35,65,59,63,63,65,65,65,65,52,52,63,65,60,60,44,44,65],"gold":211,"neow_bonus":"BOSS_RELIC","is_daily":false,"chose_seed":false,"campfire_upgraded":5,"win_rate":0.0,"timestamp":1608922974,"path_taken":["M","?","?","M","M","$","M","E","T","M","M","?","E","M","R","BOSS","M","$","?","$","M","E","?","R","T","M","E","M","?","M","R","BOSS","M","M","?","M","$","R","E","M","T","?","M","M","?","M","R","BOSS"],"items_purchased_type":["Card","Card","Card","Relic"],"build_version":"2020-12-22","purchased_purges":2,"victory":true,"max_hp_per_floor":[60,60,60,60,65,65,65,65,65,65,65,65,65,65,65,65,65,65,65,65,65,65,65,65,65,65,65,65,65,65,65,65,65,65,65,65,65,65,65,65,65,65,65,65,65,65,65,65,65,65],"card_choices":[{"not_picked":["Koishi:UnseenTerror","Koishi:SubterraneanRose"],"picked":"Koishi:PhantomBarrier","floor":1.0},{"not_picked":["Koishi:Jaunt","Koishi:HeartfeltFancy"],"picked":"Koishi:StingingMind","floor":2.0},{"not_picked":["Koishi:Jaunt","Koishi:DanmakuParanoia"],"picked":"Koishi:DreadfulBlow","floor":4.0},{"not_picked":["Koishi:SpiritedAway","Koishi:HeartfeltFancy"],"picked":"Koishi:MindStellarRelief","floor":5.0},{"not_picked":["Koishi:SubterraneanRose","Koishi:FleetingPhantom","Koishi:HeartAttack"],"picked":"SKIP","floor":7.0},{"not_picked":["Koishi:StrangeCloudFist","Koishi:JumpScare"],"picked":"Koishi:FidgetySnatcher","floor":8.0},{"not_picked":["Koishi:ReflexRadar","Koishi:PhantomStrike"],"picked":"Koishi:TraumaticStroke","floor":10.0},{"not_picked":["Koishi:SpiritedAway","Koishi:BloodcurdlingScream"],"picked":"Koishi:HeartfeltFancy","floor":11.0},{"not_picked":["Koishi:EmbersOfLove","Koishi:IdleWhim","Koishi:JumpScare"],"picked":"SKIP","floor":13.0},{"not_picked":["Koishi:VengefulSpirit","Koishi:ApparitionsStalkTheNight"],"picked":"Koishi:RorschachInDanmaku","floor":14.0},{"not_picked":["Koishi:MindStellarRelief","Koishi:TerrifyingSpectre"],"picked":"Koishi:Ego","floor":16.0},{"not_picked":["Koishi:HeartfeltFancy","Koishi:Untouchable","Koishi:BloodcurdlingScream"],"picked":"SKIP","floor":18.0},{"not_picked":["Koishi:SpiritedAway","Koishi:DreadfulBlow","Koishi:HeartfeltFancy"],"picked":"SKIP","floor":22.0},{"not_picked":["Koishi:StrangeCloudFist+1","Koishi:DreadfulBlow+1","Koishi:DNAsFlaw"],"picked":"SKIP","floor":23.0},{"not_picked":["Koishi:JumpScare+1","Koishi:MentalBreakdown","Koishi:HeartfeltFancy"],"picked":"SKIP","floor":27.0},{"not_picked":["Koishi:SuperEgo","Koishi:PhilosophyOfTheDespised"],"picked":"Koishi:SilentAndRestless","floor":28.0},{"not_picked":["Koishi:VengefulSpirit","Koishi:CatchAndRose"],"picked":"Koishi:ParalyzingFear","floor":29.0},{"not_picked":["Koishi:Prune+1","Koishi:UnconsciousUrges","Koishi:UnconsciousUprising"],"picked":"SKIP","floor":29.0},{"not_picked":["Koishi:Jaunt","Koishi:PhantomStrike","Koishi:UnconsciousUprising"],"picked":"SKIP","floor":30.0},{"not_picked":["Koishi:SubterraneanRose","Koishi:Jaunt","Koishi:Vanish"],"picked":"SKIP","floor":30.0},{"not_picked":["Koishi:DNAsFlaw+1","Koishi:BloodcurdlingScream+1"],"picked":"Koishi:ApparitionsStalkTheNight","floor":31.0},{"not_picked":["Koishi:Bloodlust","Koishi:Jaunt","Koishi:DreadfulBlow"],"picked":"SKIP","floor":31.0},{"not_picked":["Koishi:MindStellarRelief","Koishi:FormlessExistence"],"picked":"Koishi:PerfectMindControl","floor":33},{"not_picked":["Koishi:ReflexRadar","Koishi:StrangeCloudFist+1"],"picked":"Koishi:ReleaseOfTheId+1","floor":35},{"not_picked":["Koishi:SubconsciousSweep","Koishi:PhilosophyOfTheDespised+1","Koishi:UnansweredLove+1"],"picked":"SKIP","floor":35},{"not_picked":["Koishi:Jaunt","Koishi:PerfectMindControl","Koishi:DreadfulBlow+1"],"picked":"SKIP","floor":36},{"not_picked":["Koishi:ParalyzingFear","Koishi:PhantomBarrier+1","Koishi:SpiritedAway"],"picked":"SKIP","floor":36},{"not_picked":["Koishi:Vanish","Koishi:FleetingPhantom+1"],"picked":"Koishi:LastRemote","floor":38},{"not_picked":["Koishi:Jaunt","Koishi:DreadfulBlow","Koishi:SubterraneanRose"],"picked":"SKIP","floor":38},{"not_picked":["Koishi:ReleaseOfTheId","Koishi:YoukaiPolygraph","Koishi:LastRemote+1"],"picked":"SKIP","floor":41},{"not_picked":["Koishi:PhantomBarrier","Koishi:Heartbroken","Koishi:Possession"],"picked":"SKIP","floor":42},{"not_picked":["Koishi:SpiritedAway+1","Koishi:PhantomStrike+1","Koishi:Jaunt+1"],"picked":"SKIP","floor":42},{"not_picked":["Koishi:SubterraneanRose+1","Koishi:SubconsciousSweep"],"picked":"Koishi:Catatonia","floor":44},{"not_picked":["Koishi:ImGoingToCallYouNow","Koishi:MassHysteria","Koishi:SubconsciousSweep"],"picked":"SKIP","floor":44},{"not_picked":["Koishi:ReleaseOfTheId","Koishi:SpiritedAway"],"picked":"Koishi:YoukaiPolygraph+1","floor":45},{"not_picked":["Koishi:DNAsFlaw+1","Koishi:ParalyzingFear+1","Koishi:SilentAndRestless"],"picked":"SKIP","floor":45},{"not_picked":["Koishi:EmbersOfLove","Koishi:BloodcurdlingScream+1","Koishi:PhantomStrike"],"picked":"SKIP","floor":46},{"not_picked":["Koishi:FourthEye","Koishi:RorschachInDanmaku","Koishi:SprinkleStarAndHeart"],"picked":"SKIP","floor":46},{"not_picked":["Koishi:SpiritedAway","Koishi:TraumaticStroke","Koishi:ReflexRadar"],"picked":"SKIP","floor":48},{"not_picked":["Koishi:EmbryosDream","Koishi:YoukaiPolygraph+1","Koishi:GrowingPain"],"picked":"SKIP","floor":48}],"player_experience":581647,"relics_obtained":[{"floor":8.0,"key":"Bird Faced Urn"},{"floor":8.0,"key":"Bag of Preparation"},{"floor":9.0,"key":"MawBank"},{"floor":13.0,"key":"Nunchaku"},{"floor":13.0,"key":"Blood Vial"},{"floor":23.0,"key":"Dream Catcher"},{"floor":23.0,"key":"Sundial"},{"floor":26.0,"key":"War Paint"},{"floor":28.0,"key":"Prayer Wheel"},{"floor":28.0,"key":"Omamori"},{"floor":41,"key":"Thread and Needle"},{"floor":41,"key":"Koishi:LettersToReimu"},{"floor":43,"key":"Meat on the Bone"}],"event_choices":[{"damage_healed":0.0,"max_hp_gain":0.0,"max_hp_loss":0.0,"gold_gain":0.0,"event_name":"The Woman in Blue","player_choice":"Bought 3 Potions","floor":3.0,"gold_loss":0.0,"damage_taken":0.0},{"damage_healed":0.0,"max_hp_gain":0.0,"max_hp_loss":0.0,"gold_gain":0.0,"event_name":"Ghosts","player_choice":"Ignored","floor":20.0,"gold_loss":0.0,"damage_taken":0.0},{"damage_healed":0.0,"max_hp_gain":0.0,"max_hp_loss":0.0,"gold_gain":0.0,"event_name":"N\u0027loth","player_choice":"Traded Relic","floor":24.0,"relics_lost":["Dream Catcher"],"gold_loss":0.0,"damage_taken":0.0,"relics_obtained":["Nloth\u0027s Gift"]},{"damage_healed":0,"gold_gain":0,"player_choice":"Got Potions","damage_taken":0,"max_hp_gain":0,"max_hp_loss":0,"event_name":"Lab","floor":37,"gold_loss":0},{"damage_healed":0,"gold_gain":0,"player_choice":"Upgraded","damage_taken":0,"max_hp_gain":0,"max_hp_loss":0,"event_name":"Upgrade Shrine","floor":47,"gold_loss":0,"cards_upgraded":["Koishi:Catatonia"]}],"is_beta":false,"boss_relics":[{"not_picked":["Ectoplasm","Snecko Eye"],"picked":"SacredBark"},{"not_picked":["Sozu","Runic Dome"],"picked":"Pandora\u0027s Box"}],"items_purged_floors":[6,39],"is_endless":false,"potions_floor_spawned":[5,7,8,11,13,14,22,30,31,33,36,38,44,48],"ascension_level":0}}