{"host":"wfy07lporsqrbz3r","time":1608906828,"event":{"mods":["BaseMod","Minty Spire (QoL Compilation)","Replay The Spire","StSLib"],"gold_per_floor":[109,184,29,39,4,35,35,54,54,65,95,95,95,114,114,114,114],"floor_reached":16,"playtime":394,"items_purged":["Strike_G"],"score":270,"play_id":"e633dd72-7470-4aa6-9e79-0e79ab147dfe","local_time":"20201225223348","is_ascension_mode":true,"campfire_choices":[{"floor":12.0,"key":"REST"},{"data":"ReplayTheSpireMod:Scrap Shanks","floor":15,"key":"SMITH"}],"circlet_count":0,"master_deck":["AscendersBane","Strike_G","Strike_G","Strike_G","Defend_G","Defend_G","Defend_G","Defend_G","Defend_G","Survivor","Neutralize","Backstab","ReplayTheSpireMod:Scrap Shanks","Dagger Throw","Blade Dance","Phantasmal Killer","Tactician","ReplayTheSpireMod:Scrap Shanks+1"],"relics":["Ring of the Snake","NeowsBlessing","Eternal Feather","Ring of Panic","The Courier","Replay:Rubber Ducky"],"acts_visited":["Exordium"],"potions_floor_usage":[16],"damage_taken":[{"damage":0.0,"enemies":"Cultist","floor":1.0,"turns":1.0},{"damage":0.0,"enemies":"Small Slimes","floor":4.0,"turns":1.0},{"damage":0.0,"enemies":"3 Sentries","floor":6.0,"turns":1.0},{"damage":1.0,"enemies":"2 Louse","floor":8.0,"turns":3.0},{"damage":8.0,"enemies":"2 Fungi Beasts","floor":10.0,"turns":4.0},{"damage":42.0,"enemies":"Lagavulin","floor":11.0,"turns":8.0},{"damage":0.0,"enemies":"Blue Slaver","floor":14.0,"turns":3.0},{"damage":44,"enemies":"Hexaghost","floor":16,"turns":9}],"seed_played":"-901299022365333778","potions_obtained":[{"floor":1.0,"key":"Dexterity Potion"},{"floor":11.0,"key":"Swift Potion"},{"floor":14.0,"key":"Weak Potion"}],"is_trial":false,"path_per_floor":["M","?","$","M","?","E","?","M","T","M","E","R","?","M","R","B"],"character_chosen":"THE_SILENT","items_purchased":["ReplayTheSpireMod:Scrap Shanks"],"campfire_rested":1,"item_purchase_floors":[3],"current_hp_per_floor":[59,48,48,48,64,64,64,63,63,55,13,41,41,41,50,6,6],"gold":114,"neow_bonus":"THREE_ENEMY_KILL","is_daily":false,"chose_seed":false,"campfire_upgraded":1,"win_rate":0.0,"timestamp":1608906828,"path_taken":["M","?","$","M","?","E","?","M","T","M","E","R","?","M","R","BOSS"],"items_purchased_type":["Card"],"build_version":"2020-12-22","purchased_purges":1,"victory":false,"max_hp_per_floor":[66,66,66,66,66,66,66,66,66,66,66,66,66,66,66,66,66],"card_choices":[{"not_picked":["Dagger Spray","Backflip"],"picked":"Backstab","floor":1.0},{"not_picked":["Replay:Poison Smokescreen","Finisher"],"picked":"Dagger Throw","floor":4.0},{"not_picked":["Crippling Poison","All Out Attack"],"picked":"Blade Dance","floor":6.0},{"not_picked":["Blur","Dagger Throw","Slice"],"picked":"SKIP","floor":8.0},{"not_picked":["Outmaneuver","Underhanded Strike"],"picked":"Phantasmal Killer","floor":10.0},{"not_picked":["Distraction","Bane","Replay:Poison Smokescreen"],"picked":"SKIP","floor":11.0},{"not_picked":["Calculated Gamble","Dodge and Roll"],"picked":"ReplayTheSpireMod:Scrap Shanks","floor":14.0}],"player_experience":721165,"relics_obtained":[{"floor":6.0,"key":"Eternal Feather"},{"floor":7.0,"key":"Ring of Panic"},{"floor":9.0,"key":"The Courier"},{"floor":11.0,"key":"Replay:Rubber Ducky"}],"event_choices":[{"damage_healed":0.0,"max_hp_gain":0.0,"max_hp_loss":0.0,"gold_gain":75.0,"event_name":"World of Goop","player_choice":"Gather Gold","floor":2.0,"gold_loss":0.0,"damage_taken":11.0},{"damage_healed":16.0,"max_hp_gain":0.0,"max_hp_loss":0.0,"gold_gain":0.0,"event_name":"The Cleric","player_choice":"Healed","floor":5.0,"gold_loss":35.0,"damage_taken":0.0},{"damage_healed":0.0,"max_hp_gain":0.0,"max_hp_loss":0.0,"gold_gain":0.0,"cards_transformed":["Strike_G"],"event_name":"Living Wall","player_choice":"Change","floor":13.0,"gold_loss":0.0,"damage_taken":0.0,"cards_obtained":["Tactician"]}],"is_beta":false,"boss_relics":[],"items_purged_floors":[3],"is_endless":false,"potions_floor_spawned":[1,11,14],"killed_by":"Hexaghost","ascension_level":20}}