{"host":"j0a1jfichhxu8b8p","time":1608916511,"event":{"mods":["BaseMod","Colored Map","DeckTracker","Keyboard Shortcuts","Minty Spire (QoL Compilation)","Permanent Neow","StSLib","The Dragon Tamer"],"gold_per_floor":[117,135,145,162,182,182,207,207,233,280,280,297,324,342,342,437,437,451,87,107,127,140,170,170,203,254,279,279,279,279,279,279,375,425,436,455,28,39,53,82,82,95,95,107,146,171,183,183],"floor_reached":47,"playtime":2497,"items_purged":["Strike_G","Strike_G"],"score":811,"play_id":"0a913b79-7d2b-40fa-9dad-ee5e8e71e773","local_time":"20201226021511","is_ascension_mode":true,"campfire_choices":[{"data":"Die Die Die","floor":6.0,"key":"SMITH"},{"data":"Neutralize","floor":11.0,"key":"SMITH"},{"data":"Deadly Poison","floor":15.0,"key":"SMITH"},{"floor":24.0,"key":"REST"},{"data":"Burst","floor":28.0,"key":"SMITH"},{"data":"Noxious Fumes","floor":32.0,"key":"SMITH"},{"floor":41,"key":"REST"},{"data":"Deadly Poison","floor":44,"key":"SMITH"}],"circlet_count":0,"master_deck":["Strike_G","Defend_G","Defend_G","Defend_G","Defend_G","Defend_G","Survivor","Neutralize+1","Die Die Die+1","Prepared","Acrobatics","Backflip","Backflip","Catalyst","Reflex","Deadly Poison+1","Noxious Fumes+1","Burst+1","Quick Slash","Tactician","Corpse Explosion+1","Deadly Poison","Sadistic Nature","Deadly Poison+1","Backflip+1"],"relics":["Ring of the Snake","Blue Candle","Boot","Potion Belt","Regal Pillow","Busted Crown","Snake Skull","Toy Ornithopter","Vajra","Akabeko","Smiling Mask","Matryoshka","Enchiridion","Tiny House","PreservedInsect","Omamori","Orichalcum","MawBank","Prayer Wheel"],"acts_visited":["Exordium","TheCity","TheBeyond"],"potions_floor_usage":[33,39,39,39,40],"damage_taken":[{"damage":4.0,"enemies":"Jaw Worm","floor":1.0,"turns":8.0},{"damage":0.0,"enemies":"Small Slimes","floor":2.0,"turns":2.0},{"damage":0.0,"enemies":"2 Louse","floor":3.0,"turns":1.0},{"damage":0.0,"enemies":"Lots of Slimes","floor":4.0,"turns":1.0},{"damage":1.0,"enemies":"2 Fungi Beasts","floor":5.0,"turns":2.0},{"damage":13.0,"enemies":"Gremlin Nob","floor":7.0,"turns":4.0},{"damage":0.0,"enemies":"3 Louse","floor":12.0,"turns":3.0},{"damage":25.0,"enemies":"3 Sentries","floor":13.0,"turns":11.0},{"damage":0.0,"enemies":"Gremlin Gang","floor":14.0,"turns":1.0},{"damage":6.0,"enemies":"The Guardian","floor":16.0,"turns":10.0},{"damage":9.0,"enemies":"3 Byrds","floor":18.0,"turns":4.0},{"damage":9.0,"enemies":"Spheric Guardian","floor":20.0,"turns":5.0},{"damage":0.0,"enemies":"Centurion and Healer","floor":21.0,"turns":6.0},{"damage":10.0,"enemies":"Chosen and Byrds","floor":22.0,"turns":5.0},{"damage":19.0,"enemies":"Slavers","floor":23.0,"turns":5.0},{"damage":15.0,"enemies":"Gremlin Leader","floor":25.0,"turns":5.0},{"damage":16.0,"enemies":"Slavers","floor":27.0,"turns":3.0},{"damage":57,"enemies":"Champ","floor":33,"turns":11},{"damage":3,"enemies":"Orb Walker","floor":35,"turns":3},{"damage":7,"enemies":"3 Shapes","floor":36,"turns":2},{"damage":32,"enemies":"Sphere and 2 Shapes","floor":38,"turns":5},{"damage":16,"enemies":"Writhing Mass","floor":39,"turns":3},{"damage":19,"enemies":"Nemesis","floor":40,"turns":5},{"damage":0,"enemies":"Transient","floor":42,"turns":5},{"damage":30,"enemies":"Reptomancer","floor":45,"turns":4},{"damage":0,"enemies":"4 Shapes","floor":46,"turns":2},{"damage":22,"enemies":"2 Orb Walkers","floor":47,"turns":2}],"seed_played":"8955880874086104611","potions_obtained":[{"floor":2.0,"key":"BlessingOfTheForge"},{"floor":5.0,"key":"ColorlessPotion"},{"floor":12.0,"key":"LiquidBronze"},{"floor":14.0,"key":"BlessingOfTheForge"},{"floor":16.0,"key":"EntropicBrew"},{"floor":22.0,"key":"Explosive Potion"},{"floor":27.0,"key":"FearPotion"},{"floor":34,"key":"EntropicBrew"},{"floor":38,"key":"SkillPotion"},{"floor":39,"key":"DuplicationPotion"},{"floor":45,"key":"SmokeBomb"}],"is_trial":false,"path_per_floor":["M","M","M","M","M","R","E","?","T","T","R","M","E","M","R","B",null,"M","$","M","M","M","E","R","E","T","E","R","?","?","?","R","B",null,"M","M","$","M","M","E","R","M","T","R","E","M","?"],"character_chosen":"THE_SILENT","items_purchased":["Snake Skull","Toy Ornithopter","Sadistic Nature","PreservedInsect","Deadly Poison"],"campfire_rested":2,"item_purchase_floors":[19,19,37,37,37],"current_hp_per_floor":[59,59,59,59,58,58,45,50,50,50,50,50,25,25,25,19,61,52,52,43,43,33,24,61,51,51,50,50,34,34,75,75,23,67,64,57,57,25,24,10,49,49,49,49,19,19,0,0],"gold":183,"neow_bonus":"ONE_RANDOM_RARE_CARD","is_daily":false,"chose_seed":false,"campfire_upgraded":6,"win_rate":0.0,"timestamp":1608916511,"path_taken":["M","M","M","M","M","R","E","?","T","?","R","M","E","M","R","BOSS","M","$","M","M","M","E","R","E","T","E","R","?","?","?","R","BOSS","M","?","$","M","M","E","R","M","T","R","E","M","?"],"items_purchased_type":["Relic","Relic","Card","Relic","Card"],"build_version":"2020-12-22","purchased_purges":2,"victory":false,"max_hp_per_floor":[70,70,70,70,70,70,70,75,75,75,75,75,75,75,75,75,75,75,75,75,75,75,75,75,75,75,75,75,75,75,75,75,75,80,80,80,80,80,80,80,80,80,80,80,80,80,80,80],"card_choices":[{"not_picked":["Poisoned Stab","Expertise"],"picked":"Prepared","floor":1.0},{"not_picked":["Flying Knee","Dodge and Roll"],"picked":"Acrobatics","floor":2.0},{"not_picked":["Leg Sweep","Acrobatics"],"picked":"Endless Agony","floor":3.0},{"not_picked":["Acrobatics","Expertise"],"picked":"Backflip","floor":4.0},{"not_picked":["Slice","Skewer"],"picked":"Backflip","floor":5.0},{"not_picked":["Dodge and Roll","Bane"],"picked":"Catalyst","floor":7.0},{"not_picked":["Dagger Throw","Prepared"],"picked":"Reflex","floor":12.0},{"not_picked":["Endless Agony","Setup"],"picked":"Deadly Poison","floor":13.0},{"not_picked":["Caltrops","Deflect"],"picked":"Noxious Fumes","floor":14.0},{"not_picked":["Glass Knife","A Thousand Cuts"],"picked":"Burst","floor":16.0},{"not_picked":["All Out Attack"],"picked":"SKIP","floor":18.0},{"not_picked":["Flying Knee+1"],"picked":"SKIP","floor":20.0},{"not_picked":["Choke+1"],"picked":"SKIP","floor":21.0},{"not_picked":["Expertise"],"picked":"SKIP","floor":22.0},{"not_picked":["Flying Knee+1"],"picked":"SKIP","floor":23.0},{"not_picked":["Predator"],"picked":"SKIP","floor":25.0},{"not_picked":["Sucker Punch"],"picked":"SKIP","floor":27.0},{"not_picked":[],"picked":"Corpse Explosion","floor":33},{"not_picked":["Skewer+1"],"picked":"SKIP","floor":35},{"not_picked":[],"picked":"Deadly Poison","floor":36},{"not_picked":["Accuracy+1"],"picked":"SKIP","floor":38},{"not_picked":["Deflect"],"picked":"SKIP","floor":39},{"not_picked":["Quick Slash"],"picked":"SKIP","floor":40},{"not_picked":["Dodge and Roll+1"],"picked":"SKIP","floor":42},{"not_picked":["Distraction"],"picked":"SKIP","floor":45},{"not_picked":[],"picked":"Backflip+1","floor":46},{"not_picked":["Poisoned Stab+1"],"picked":"SKIP","floor":46}],"player_experience":346645,"relics_obtained":[{"floor":7.0,"key":"Blue Candle"},{"floor":9.0,"key":"Boot"},{"floor":10.0,"key":"Potion Belt"},{"floor":13.0,"key":"Regal Pillow"},{"floor":23.0,"key":"Vajra"},{"floor":25.0,"key":"Akabeko"},{"floor":26.0,"key":"Smiling Mask"},{"floor":27.0,"key":"Matryoshka"},{"floor":29.0,"key":"Enchiridion"},{"floor":40,"key":"Omamori"},{"floor":43,"key":"Orichalcum"},{"floor":43,"key":"MawBank"},{"floor":45,"key":"Prayer Wheel"}],"event_choices":[{"damage_healed":0.0,"max_hp_gain":5.0,"max_hp_loss":0.0,"gold_gain":0.0,"event_name":"Big Fish","player_choice":"Donut","floor":8.0,"gold_loss":0.0,"damage_taken":0.0},{"damage_healed":0.0,"max_hp_gain":0.0,"max_hp_loss":0.0,"gold_gain":0.0,"event_name":"Cursed Tome","player_choice":"Obtained Book","floor":29.0,"gold_loss":0.0,"damage_taken":16.0},{"damage_healed":0.0,"max_hp_gain":0.0,"max_hp_loss":0.0,"gold_gain":0.0,"cards_transformed":["Strike_G","Strike_G"],"event_name":"Drug Dealer","player_choice":"Became Test Subject","floor":30.0,"gold_loss":0.0,"damage_taken":0.0,"cards_obtained":["Quick Slash","Tactician"]},{"cards_removed":["Endless Agony"],"damage_healed":41.0,"max_hp_gain":0.0,"max_hp_loss":0.0,"gold_gain":0.0,"event_name":"Bonfire Elementals","player_choice":"Offered Uncommon","floor":31.0,"gold_loss":0.0,"damage_taken":0.0},{"damage_healed":0,"gold_gain":0,"player_choice":"Fight","damage_taken":0,"max_hp_gain":0,"max_hp_loss":0,"event_name":"Mysterious Sphere","floor":47,"gold_loss":0}],"is_beta":false,"boss_relics":[{"not_picked":["Runic Dome","Fusion Hammer"],"picked":"Busted Crown"},{"not_picked":["HoveringKite","Philosopher\u0027s Stone"],"picked":"Tiny House"}],"items_purged_floors":[19,37],"is_endless":false,"potions_floor_spawned":[2,5,12,14,16,22,27,38,39,45],"killed_by":"2 Orb Walkers","ascension_level":9}}