{"host":"0oumjlzv5vsa909w","time":1608872813,"event":{"mods":["AchievementEnabler","BaseMod","Colored Map","Colored Powertips","DeckTracker","Minty Spire (QoL Compilation)","Quick Restart","StSLib","SuperFastMode"],"gold_per_floor":[111,111,111,211,228,258,258,16,41,51,64,64,126,152,152,152,152],"floor_reached":16,"playtime":302,"items_purged":["Regret"],"score":178,"play_id":"eb6b8eb7-174a-47d6-b797-967bb2beb4fd","local_time":"20201225140653","is_ascension_mode":true,"campfire_choices":[{"data":"Pommel Strike","floor":7,"key":"SMITH"},{"data":"Barricade","floor":12,"key":"SMITH"},{"data":"Body Slam","floor":15,"key":"SMITH"}],"circlet_count":0,"master_deck":["Strike_R","Strike_R","Strike_R","Strike_R","Strike_R","Defend_R","Defend_R","Defend_R","Defend_R","Bash","Clash","Pommel Strike+1","Shockwave","Body Slam+1","Barricade+1","Shrug It Off","Headbutt","Fiend Fire"],"relics":["Burning Blood","NeowsBlessing","Sundial","Gremlin Horn","White Beast Statue","Vajra","Juzu Bracelet","Boot"],"acts_visited":["Exordium"],"potions_floor_usage":[16,16],"damage_taken":[{"damage":0,"enemies":"2 Louse","floor":1,"turns":1},{"damage":0,"enemies":"Cultist","floor":5,"turns":1},{"damage":0,"enemies":"Lagavulin","floor":6,"turns":1},{"damage":4,"enemies":"Jaw Worm","floor":10,"turns":2},{"damage":29,"enemies":"Exordium Wildlife","floor":11,"turns":5},{"damage":27,"enemies":"Gremlin Nob","floor":13,"turns":4},{"damage":41,"enemies":"Slime Boss","floor":16,"turns":5}],"seed_played":"-7175428986817771288","potions_obtained":[{"floor":1,"key":"SteroidPotion"},{"floor":5,"key":"Energy Potion"},{"floor":10,"key":"SpeedPotion"}],"is_trial":false,"path_per_floor":["M","?","?","?","M","E","R","$","T","M","M","R","?","T","R","B"],"character_chosen":"IRONCLAD","items_purchased":["Body Slam","Barricade"],"campfire_rested":0,"item_purchase_floors":[8,8],"current_hp_per_floor":[78,75,75,75,80,80,80,80,80,80,57,57,36,36,36,0,0],"gold":152,"neow_bonus":"THREE_ENEMY_KILL","is_daily":false,"chose_seed":false,"campfire_upgraded":3,"win_rate":0.0,"timestamp":1608872813,"path_taken":["M","?","?","?","?","E","R","?","T","M","M","R","?","?","R","BOSS"],"items_purchased_type":["Card","Card"],"build_version":"2020-12-22","purchased_purges":1,"victory":false,"max_hp_per_floor":[80,80,80,80,80,80,80,80,80,80,80,80,80,80,80,80,80],"card_choices":[{"not_picked":["Hemokinesis","True Grit"],"picked":"Clash","floor":1},{"not_picked":["Dropkick","Armaments"],"picked":"Pommel Strike","floor":5},{"not_picked":["Flame Barrier","Clothesline"],"picked":"Shockwave","floor":6},{"not_picked":["Evolve","Warcry"],"picked":"Shrug It Off","floor":10},{"not_picked":["Thunderclap","Anger"],"picked":"Headbutt","floor":11},{"not_picked":["Perfected Strike","Havoc"],"picked":"Fiend Fire","floor":13}],"player_experience":459874,"relics_obtained":[{"floor":6,"key":"White Beast Statue"},{"floor":9,"key":"Vajra"},{"floor":14,"key":"Boot"}],"event_choices":[{"damage_healed":0,"gold_gain":0,"player_choice":"Success","damage_taken":3,"relics_obtained":["Sundial"],"max_hp_gain":0,"max_hp_loss":0,"event_name":"Scrap Ooze","floor":2,"gold_loss":0},{"damage_healed":0,"gold_gain":0,"player_choice":"Box","damage_taken":0,"relics_obtained":["Gremlin Horn"],"max_hp_gain":0,"max_hp_loss":0,"event_name":"Big Fish","floor":3,"gold_loss":0,"cards_obtained":["Regret"]},{"damage_healed":0,"gold_gain":100,"player_choice":"Gold","damage_taken":0,"max_hp_gain":0,"max_hp_loss":0,"event_name":"Wheel of Change","floor":4,"gold_loss":0},{"damage_healed":0,"gold_gain":0,"player_choice":"Searched \u00272\u0027 times","damage_taken":0,"relics_obtained":["Juzu Bracelet"],"max_hp_gain":0,"max_hp_loss":0,"event_name":"Dead Adventurer","floor":13,"gold_loss":0}],"is_beta":false,"boss_relics":[],"items_purged_floors":[8],"is_endless":false,"potions_floor_spawned":[1,5,10,11,13],"killed_by":"Slime Boss","ascension_level":9}}