{"host":"9cludmss42ivb2me","time":1608878250,"event":{"mods":["AchievementEnabler","Aspiration","Bard","BaseMod","Beaked The Cultist","Better Altar","Better Match","Better Note","Better Sensory Stone","Better Skull","Better Third Choice","BetterRewards","CCEM","Clawfect","Colored Map","Conspire","Downfall","GifTheSpireLib","Googly Eyes","Halation","Hermit","Highlight Path","Hubris","Hunter ??","Infinite Spire","Jedi Mod","Jorbs\u0027s Wanderer Trilogy","Mad Scientist","Marisa????????","Mimic Mod","Minty Spire (QoL Compilation)","Permanent Neow","Replay The Spire","Shade Mod","Shop Mod","Spicy Shops","StSLib","Stuff the Spire","The Administrix","The Blackbeard","The Bug Knight","The Construct","The Cursed","The Disciple","The Gatherer","The Hierophant","The IronCluck","The Jungle","The Mystic","The Necromancer","The Problem Sleuth","The Runesmith","The Servant 0.9.4","The Spell Scribe","The Witch","Unceasing Turn Reminder","[IsaacMod]????","everything is the same but u backflip on backflip","slay the spire mod where everything is the same but ironclad has a cowboy hat"],"gold_per_floor":[99,117,51,51,51,86,112,130,55,71,99,129,144,154,164,268,268,268,280,380,395,395,413,445,457,457,471,504,521,521,18,33,33,33],"floor_reached":33,"playtime":3777,"items_purged":[],"score":306,"play_id":"97152e07-be59-4fbe-bd07-4e16d514ee8f","local_time":"20201224233730","is_ascension_mode":false,"campfire_choices":[{"data":"Shade:AnimateDead","floor":1,"key":"SMITH"},{"data":"Shade:Putrefaction","floor":9,"key":"SMITH"},{"floor":18,"key":"DIG"},{"data":"Shade:SensePrey","floor":26,"key":"SMITH"},{"data":"Shade:CallOfTheGrave","floor":30,"key":"SMITH"}],"circlet_count":0,"master_deck":["Shade:Strike_Shade","Shade:Strike_Shade","Shade:Strike_Shade","Shade:Strike_Shade","Shade:Defend_Shade","Shade:Defend_Shade","Shade:Defend_Shade","Shade:Defend_Shade","Shade:AnimateDead+1","Shade:CarefulCut","Shade:Bonestorm","Shade:FleshOffering","Shade:Putrefaction+1","Shade:CommandSoldier","Shade:CommandSoldier","Shade:Bonestorm","Shade:GoDigging","Shade:OpenGraves","Shade:CallOfTheGrave+1","Shade:WallOfFlesh","Shade:TouchOfTheGrave","Shade:StitchTogether","Shade:Coordination","Shade:FreshBones","Shade:ExtraLimbs","Shade:ClawBack+1","Shade:SensePrey+1","Shade:ClawBack+1","Shade:SkeletonHug","Shade:Bonestorm","Shade:FingerOfDeath","Shade:GraveStillness+1","Replay:SS_hec_1","Shade:FreshBones+1"],"relics":["Shade:YorickSkull","HushsDoor","DoctorsRemote","HornCleat","StuffTheSpire:Gunfinga","infinitespire:Satchel","downfall:HeartBlessingBlue","Pet Ghost","jedi:kaleidoscope","construct:WeddingRing","StuffTheSpire:CocoNut","White Beast Statue","Letter Opener","Counterbalance","MerchantsRug","jedi:Pinwheel"],"acts_visited":["Exordium","Exordium"],"potions_floor_usage":[20,20,20,24,27,28,28,28],"damage_taken":[{"damage":0,"enemies":"2 Louse","floor":2,"turns":2},{"damage":0,"enemies":"downfall:FleeingMerchant","floor":3,"turns":4},{"damage":10,"enemies":"Lagavulin","floor":6,"turns":5},{"damage":0,"enemies":"Jaw Worm","floor":8,"turns":2},{"damage":0,"enemies":"Small Slimes","floor":10,"turns":2},{"damage":16,"enemies":"Gremlin Nob","floor":11,"turns":4},{"damage":0,"enemies":"Blue Slaver","floor":13,"turns":3},{"damage":0,"enemies":"Large Slime","floor":14,"turns":4},{"damage":3,"enemies":"Exordium Wildlife","floor":15,"turns":4},{"damage":13,"enemies":"downfall:Ironclad","floor":16,"turns":9},{"damage":0,"enemies":"theJungle:GiantWrat","floor":19,"turns":6},{"damage":13,"enemies":"downfall:LadyInBlue","floor":20,"turns":8},{"damage":16,"enemies":"theJungle:Flameango_and_Byrd","floor":21,"turns":5},{"damage":0,"enemies":"theJungle:Lyon","floor":23,"turns":4},{"damage":3,"enemies":"theJungle:SlimyTreeVines","floor":24,"turns":5},{"damage":11,"enemies":"theJungle:SlimyTreeVines","floor":25,"turns":5},{"damage":13,"enemies":"Snake Plant","floor":27,"turns":3},{"damage":21,"enemies":"Nightmare","floor":28,"turns":8},{"damage":0,"enemies":"theJungle:2_Snecko_Cultists","floor":29,"turns":3},{"damage":0,"enemies":"downfall:FleeingMerchant","floor":31,"turns":4},{"damage":0,"enemies":"theJungle:SlimyTreeVines","floor":32,"turns":4},{"damage":45,"enemies":"downfall:Defect","floor":33,"turns":9}],"seed_played":"-6091841061352957774","potions_obtained":[{"floor":2,"key":"ColorlessPotion"},{"floor":10,"key":"AttackPotion"},{"floor":11,"key":"Strength Potion"},{"floor":19,"key":"jedi:StrikingPotion"},{"floor":20,"key":"DistilledChaos"},{"floor":20,"key":"SpeedPotion"},{"floor":20,"key":"infinitespire:BlackPotion"},{"floor":21,"key":"CultistPotion"},{"floor":24,"key":"Energy Potion"},{"floor":27,"key":"SkillPotion"},{"floor":29,"key":"Fire Potion"},{"floor":31,"key":"SteroidPotion"},{"floor":32,"key":"PowerPotion"}],"is_trial":false,"path_per_floor":["R","M","$","?","?","E","T","M","R","M","E","?","M","M","M","B",null,"R_BF","M","?","M","?","M","MIM","M","R","M","NM","M","R","$","M","B"],"character_chosen":"SHADE","items_purchased":["Shade:CommandSoldier","MerchantsRug","Replay:SS_hec_1","jedi:Pinwheel"],"campfire_rested":0,"item_purchase_floors":[3,31,31,31],"current_hp_per_floor":[65,65,65,65,47,37,37,37,47,47,31,31,31,31,28,22,75,82,82,69,53,82,82,79,72,72,59,38,38,38,38,43,0,0],"gold":33,"neow_bonus":"THREE_CARDS","is_daily":false,"chose_seed":false,"campfire_upgraded":4,"win_rate":0.0,"timestamp":1608878250,"path_taken":["R","M","$","?","?","E","T","M","R","M","E","?","M","M","M","BOSS","R_BF","M","?","M","?","M","MIM","M","R","M","NM","?","R","$","M","BOSS"],"items_purchased_type":["Card","Relic","Card","Relic"],"build_version":"2020-12-22","purchased_purges":0,"victory":false,"max_hp_per_floor":[65,65,65,65,65,65,65,65,75,75,75,75,75,75,75,75,75,82,82,82,82,82,82,82,82,82,82,82,82,82,82,82,82,82],"card_choices":[{"not_picked":[],"picked":"Bomb","floor":0},{"not_picked":["Shade:GraveStillness","Shade:BoneShards"],"picked":"Shade:Bonestorm","floor":0},{"not_picked":["Shade:FingerOfDeath","Shade:AuraOfUnlife"],"picked":"Shade:FleshOffering","floor":2},{"not_picked":["Shade:FeralStrike","Shade:SpectralStrikes"],"picked":"Shade:Putrefaction","floor":3},{"not_picked":["Shade:FuneraryArmor","Bomb"],"picked":"Shade:Bonestorm","floor":6},{"not_picked":["Shade:Brains","Shade:Premonition"],"picked":"Shade:GoDigging","floor":8},{"not_picked":["Shade:AncientSpear","Shade:Frenzy"],"picked":"Shade:OpenGraves","floor":10},{"not_picked":["Shade:SoulToxin","Shade:AuraOfUnlife"],"picked":"Shade:CallOfTheGrave","floor":11},{"not_picked":["Shade:CoffinDance","Shade:ClawBack"],"picked":"Shade:WallOfFlesh","floor":13},{"not_picked":["Shade:FingerOfDeath","Shade:FuneraryArmor"],"picked":"Shade:TouchOfTheGrave","floor":14},{"not_picked":["Shade:FuneraryArmor","Shade:CloudOfShrapnel"],"picked":"Shade:StitchTogether","floor":15},{"not_picked":["Shade:Putrefaction","Shade:LastGasp"],"picked":"Shade:Coordination","floor":16},{"not_picked":["Shade:FleshLikeOak","Shade:BoneShards+1"],"picked":"Shade:RavenousHorde","floor":19},{"not_picked":["Shade:SpectralStrikes+1","Shade:ClawBack"],"picked":"Shade:FreshBones","floor":20},{"not_picked":["Shade:SkeletonHug","Shade:SkeletonArmy"],"picked":"Shade:ExtraLimbs","floor":21},{"not_picked":["Shade:MadHubris","Shade:FleshToFlesh"],"picked":"Shade:ClawBack+1","floor":23},{"not_picked":["Shade:StitchTogether+1","Shade:PotionOfRestlessness+1"],"picked":"Shade:SensePrey","floor":24},{"not_picked":["Shade:Brains","Shade:Frenzy"],"picked":"Shade:ClawBack+1","floor":25},{"not_picked":["Shade:FreshBones","Shade:Frenzy+1"],"picked":"Shade:SkeletonHug","floor":27},{"not_picked":["Shade:FeralStrike","Shade:FleshToFlesh+1"],"picked":"Shade:Bonestorm","floor":28},{"not_picked":["Shade:RitualOffering","Shade:RavenousHorde+1"],"picked":"Shade:FingerOfDeath","floor":29},{"not_picked":["Shade:LoseControl","Shade:StitchTogether"],"picked":"Shade:GraveStillness+1","floor":31},{"not_picked":["Shade:FeralStrike","Shade:Patience"],"picked":"Shade:FreshBones+1","floor":32}],"player_experience":43738,"relics_obtained":[{"floor":4,"key":"HornCleat"},{"floor":6,"key":"infinitespire:Satchel"},{"floor":11,"key":"Pet Ghost"},{"floor":18,"key":"StuffTheSpire:CocoNut"},{"floor":20,"key":"White Beast Statue"},{"floor":24,"key":"Letter Opener"},{"floor":28,"key":"Counterbalance"}],"event_choices":[{"damage_healed":0,"gold_gain":1,"player_choice":"Relic ","damage_taken":18,"max_hp_gain":0,"max_hp_loss":0,"event_name":"betterThird:BetterScrap","floor":5,"gold_loss":0,"cards_obtained":["Sanctity"]},{"cards_removed":["Shade:RavenousHorde"],"damage_healed":29,"gold_gain":0,"player_choice":"Offered Uncommon","damage_taken":0,"max_hp_gain":0,"max_hp_loss":0,"event_name":"Bonfire Elementals","floor":22,"gold_loss":0}],"is_beta":false,"boss_relics":[{"not_picked":["aspiration:SilentSkillbook","Astrolabe"],"picked":"construct:WeddingRing"},{"not_picked":[]}],"items_purged_floors":[],"is_endless":true,"potions_floor_spawned":[2,10,11,19,21,23,24,25,27,29,31,32],"killed_by":"downfall:Defect","ascension_level":0}}