{"host":"0cnf9zf1gia27zti","time":1608856096,"event":{"mods":["BaseMod","BetterRewards","Card Forge","Colored Map","Colored Powertips","Conspire","Downfall","Minty Spire (QoL Compilation)","Practice Mode","Quick Restart","Replay The Spire","Robot Space Explorer","Shade Mod","Spicy Shops","StSLib"],"gold_per_floor":[116,116,116,135,152,186,186,47,129,148,53,53,53,53,53,130,130,143,143,193,203,32,32,58,58,58,58,78,96,96,96,96,173,173,189,189,189,203,71,96,96,96,119,15,35,53,71,71,71,71],"floor_reached":51,"playtime":2671,"items_purged":["Strike_G","Strike_G","ReplayTheSpireMod:Splinters"],"score":1913,"play_id":"d9ece50c-d938-4955-83d6-c70de4ba58c1","local_time":"20201225002816","is_ascension_mode":true,"campfire_choices":[{"data":"Accuracy","floor":7,"key":"SMITH"},{"data":"Choke","floor":15,"key":"SMITH"},{"data":"Neutralize","floor":23,"key":"SMITH"},{"data":"Terror","floor":25,"key":"SMITH"},{"floor":32,"key":"REST"},{"data":"Thinking Ahead","floor":42,"key":"SMITH"}],"circlet_count":0,"master_deck":["AscendersBane","Defend_G","Defend_G","Defend_G","Defend_G","Defend_G","Survivor","Neutralize+1","Accuracy+1","Terror+1","Choke+1","Infinite Blades+1","Thinking Ahead+1","PiercingWail","Infinite Blades+1","Footwork+1","Backflip+1","Cloak And Dagger+1","Infinite Blades+1","Malaise","Backstab+1","CommonCold","Prepared+1","A Thousand Cuts+1","Madness+1","Madness+1","Cloak And Dagger+1","Well Laid Plans+1","Prepared","expansioncontent:Chronoboost+1","Madness+1","Trip"],"relics":["Hammer of Thor","Seething Fire","Anvil of the Gods","Kunai","Singing Bowl","Membership Card","Nunchaku","ReplayTheSpireMod:Shallot","Juzu Bracelet","Chemical X","Lantern","Blood Vial","Frozen Egg 2","Onion Ring","Letter Opener","Sizzling Blood","Cursed Key","Byrd Skull","InkBottle","Chameleon Ring","Enchiridion","conspire:SpecialSausage","Ornamental Fan","Shuriken","Art of War"],"acts_visited":["Exordium","TheCity","TheBeyond"],"potions_floor_usage":[10,16,16,33,40,46,46],"damage_taken":[{"damage":0,"enemies":"Cultist","floor":1,"turns":4},{"damage":0,"enemies":"Jaw Worm","floor":4,"turns":3},{"damage":0,"enemies":"Small Slimes","floor":5,"turns":3},{"damage":6,"enemies":"Lagavulin","floor":6,"turns":5},{"damage":15,"enemies":"Looter","floor":10,"turns":4},{"damage":0,"enemies":"Fading Forest","floor":16,"turns":11},{"damage":0,"enemies":"3 Byrds","floor":18,"turns":4},{"damage":7,"enemies":"2 Thieves","floor":21,"turns":3},{"damage":0,"enemies":"Slavers","floor":24,"turns":3},{"damage":0,"enemies":"Snake Plant","floor":28,"turns":3},{"damage":0,"enemies":"Chosen and Byrds","floor":29,"turns":4},{"damage":6,"enemies":"conspire:MysteriousRune","floor":33,"turns":7},{"damage":0,"enemies":"3 Shapes","floor":35,"turns":2},{"damage":0,"enemies":"Orb Walker","floor":38,"turns":3},{"damage":0,"enemies":"Reptomancer","floor":40,"turns":5},{"damage":0,"enemies":"3 Darklings","floor":45,"turns":3},{"damage":0,"enemies":"Writhing Mass","floor":46,"turns":4},{"damage":0,"enemies":"4 Shapes","floor":47,"turns":3},{"damage":28,"enemies":"Time Eater","floor":50,"turns":11}],"seed_played":"4484303656416657438","potions_obtained":[{"floor":1,"key":"SpeedPotion"},{"floor":4,"key":"Regen Potion"},{"floor":10,"key":"ColorlessPotion"},{"floor":18,"key":"Dexterity Potion"},{"floor":27,"key":"GhostInAJar"},{"floor":33,"key":"Energy Potion"},{"floor":45,"key":"ColorlessPotion"},{"floor":46,"key":"sneckomod:MuddlingPotion"},{"floor":47,"key":"SmokeBomb"}],"is_trial":false,"path_per_floor":["M","?","?","M","M","E","R","$","T","M","$","T","?","?","R","B",null,"M","?","?","M","$","R","E","R","T","R","M","M","?","?","R","B",null,"M","?","?","M","$","E","?","R","T","$","M","M","M","?","R_BF","B",null],"character_chosen":"THE_SILENT","items_purchased":["Accuracy","Kunai","Terror","Choke","Singing Bowl","Infinite Blades+1","Membership Card","Nunchaku","ReplayTheSpireMod:Shallot","Juzu Bracelet","Chemical X","Lantern","Thinking Ahead","PiercingWail","Frozen Egg 2","Infinite Blades+1","Byrd Skull","Ornamental Fan","Well Laid Plans+1"],"campfire_rested":1,"item_purchase_floors":[0,0,0,0,0,0,0,0,0,0,0,0,0,0,8,11,22,39,44],"current_hp_per_floor":[59,64,64,66,66,60,60,60,60,59,59,59,59,63,63,69,75,79,79,79,76,76,76,81,81,81,81,83,83,83,62,83,81,83,85,70,70,78,78,84,84,84,84,84,89,91,91,81,91,67],"gold":71,"neow_bonus":"","is_daily":false,"chose_seed":false,"campfire_upgraded":5,"win_rate":0.0,"timestamp":1608856096,"path_taken":["M","?","?","M","M","E","R","$","T","M","$","?","?","?","R","BOSS","M","?","?","M","$","R","E","R","T","R","M","M","?","?","R","BOSS","M","?","?","M","$","E","?","R","T","$","M","M","M","?","R_BF","BOSS"],"items_purchased_type":["Card","Relic","Card","Card","Relic","Card","Relic","Relic","Relic","Relic","Relic","Relic","Card","Card","Relic","Card","Relic","Relic","Card"],"build_version":"2020-12-22","purchased_purges":3,"victory":true,"max_hp_per_floor":[66,71,71,73,73,73,73,73,73,73,73,73,73,77,77,77,77,79,79,79,79,79,79,81,81,81,81,83,83,83,83,83,83,83,85,85,85,87,87,87,87,87,87,87,89,91,91,91,91,91],"card_choices":[{"not_picked":["Tactician","Acrobatics"],"picked":"Infinite Blades","floor":1},{"not_picked":["All Out Attack","Heel Hook","ReplayTheSpireMod:Tripwire"],"picked":"Singing Bowl","floor":4},{"not_picked":["Calculated Gamble","Flying Knee"],"picked":"Footwork","floor":5},{"not_picked":["Sneak Up","Dash"],"picked":"Backflip","floor":6},{"not_picked":["Quick Slash","Flechettes"],"picked":"Cloak And Dagger","floor":10},{"not_picked":["Unload","Glass Knife"],"picked":"Malaise","floor":16},{"not_picked":["Underhanded Strike","Riddle With Holes","Dodge and Roll+1"],"picked":"Singing Bowl","floor":18},{"not_picked":["Backflip","Dodge and Roll"],"picked":"Backstab","floor":21},{"not_picked":["Dagger Throw","Underhanded Strike","Dodge and Roll+1"],"picked":"Singing Bowl","floor":24},{"not_picked":["Escape Plan+1","ReplayTheSpireMod:The Works","PiercingWail"],"picked":"Singing Bowl","floor":28},{"not_picked":["All Out Attack+1","Glass Knife"],"picked":"Prepared","floor":29},{"not_picked":["Venomology","ReplayTheSpireMod:Necrosis"],"picked":"A Thousand Cuts+1","floor":33},{"not_picked":["Outmaneuver+1","Eviscerate+1","Predator"],"picked":"Singing Bowl","floor":35},{"not_picked":["PiercingWail","Dash","Acrobatics"],"picked":"Singing Bowl","floor":38},{"not_picked":["ReplayTheSpireMod:Shiv Toss","Malaise"],"picked":"Cloak And Dagger+1","floor":40},{"not_picked":["All Out Attack+1","Outmaneuver","Escape Plan"],"picked":"Singing Bowl","floor":45},{"not_picked":["Caltrops+1","Poisoned Stab","Slice+1"],"picked":"Singing Bowl","floor":46},{"not_picked":["Replay:Poison Smokescreen","Dash"],"picked":"Prepared","floor":47},{"not_picked":["ReplayTheSpireMod:Uncanny Aura","expansioncontent:Torchfire"],"picked":"expansioncontent:Chronoboost+1","floor":48},{"not_picked":["expansioncontent:Corrupt","Metamorphosis"],"picked":"Madness","floor":48},{"not_picked":["Violence","expansioncontent:GuardianWhirl"],"picked":"Trip","floor":48}],"player_experience":2487812,"relics_obtained":[{"floor":6,"key":"Blood Vial"},{"floor":9,"key":"Onion Ring"},{"floor":12,"key":"Letter Opener"},{"floor":24,"key":"InkBottle"},{"floor":26,"key":"Chameleon Ring"},{"floor":31,"key":"Enchiridion"},{"floor":40,"key":"Shuriken"},{"floor":43,"key":"Art of War"}],"event_choices":[{"damage_healed":0,"gold_gain":0,"player_choice":"Donut","damage_taken":0,"max_hp_gain":5,"max_hp_loss":0,"event_name":"Big Fish","floor":2,"gold_loss":0},{"damage_healed":0,"gold_gain":0,"cards_transformed":["Strike_G"],"player_choice":"Transformed","damage_taken":0,"max_hp_gain":0,"max_hp_loss":0,"event_name":"Transmorgrifier","floor":3,"gold_loss":0,"cards_obtained":["ReplayTheSpireMod:Speed Training"]},{"cards_removed":["Strike_G"],"damage_healed":0,"gold_gain":0,"player_choice":"Forget","damage_taken":0,"max_hp_gain":0,"max_hp_loss":0,"event_name":"Living Wall","floor":13,"gold_loss":0},{"cards_removed":["Strike_G"],"damage_healed":0,"gold_gain":0,"player_choice":"Elegance","damage_taken":0,"max_hp_gain":0,"max_hp_loss":0,"event_name":"Back to Basics","floor":19,"gold_loss":0},{"damage_healed":0,"gold_gain":50,"player_choice":"Pray","damage_taken":0,"max_hp_gain":0,"max_hp_loss":0,"event_name":"Golden Shrine","floor":20,"gold_loss":0},{"damage_healed":0,"gold_gain":0,"player_choice":"Ignored","damage_taken":0,"max_hp_gain":0,"max_hp_loss":0,"event_name":"Ghosts","floor":30,"gold_loss":0},{"damage_healed":0,"gold_gain":0,"player_choice":"Obtained Book","damage_taken":21,"max_hp_gain":0,"max_hp_loss":0,"event_name":"Cursed Tome","floor":31,"gold_loss":0},{"damage_healed":0,"gold_gain":0,"player_choice":"Embrace Madness","damage_taken":15,"max_hp_gain":0,"max_hp_loss":0,"event_name":"Winding Halls","floor":36,"gold_loss":0,"cards_obtained":["Madness","Madness"]},{"cards_removed":["ReplayTheSpireMod:Speed Training"],"damage_healed":0,"gold_gain":0,"player_choice":"Removed Skill","damage_taken":0,"max_hp_gain":0,"max_hp_loss":0,"event_name":"Falling","floor":41,"gold_loss":0},{"damage_healed":0,"gold_gain":0,"player_choice":"Memory 3","damage_taken":10,"max_hp_gain":0,"max_hp_loss":0,"event_name":"SensoryStone","floor":48,"gold_loss":0}],"is_beta":false,"boss_relics":[{"not_picked":["Ectoplasm","conspire:RunicOctahedron"],"picked":"Cursed Key"},{"not_picked":["conspire:RoyalGoblet","Kintsugi"],"picked":"conspire:SpecialSausage"}],"items_purged_floors":[0,11,44],"is_endless":false,"potions_floor_spawned":[1,4,6,10,18,28,29,33,35,38,45,46,47],"ascension_level":18}}