{"host":"evok2ztcuz289k61","time":1608856870,"event":{"mods":["BaseMod","Colored Map","Downfall","Minty Spire (QoL Compilation)","StSLib"],"gold_per_floor":[99,119,138,148,163,197,249,249,266,298,310,340,18,53,71,168,168,168,168,180,193,206,206,206,67,97,97,108,33,49,34,48,144,144,144,154,384,397,415,440,440,440,475,325,325,357,357,371,385,385,385,417,251,251,251],"floor_reached":56,"playtime":4857,"items_purged":["sneckomod:Bewildered","Decay"],"score":1994,"play_id":"2810a0f6-056a-4e6c-9f13-c0351be24e61","local_time":"20201224194110","is_ascension_mode":true,"campfire_choices":[{"data":"champ:Taunt","floor":1,"key":"SMITH"},{"data":"champ:SkillfulDodge","floor":8,"key":"SMITH"},{"floor":18,"key":"RECALL"},{"data":"champ:EnchantCrown","floor":29,"key":"SMITH"},{"data":"champ:StanceDance","floor":35,"key":"SMITH"},{"data":"champ:ArenaPreparation","floor":44,"key":"SMITH"},{"floor":47,"key":"REST"},{"data":"champ:DefensiveShout","floor":54,"key":"SMITH"}],"circlet_count":0,"master_deck":["champ:Strike","champ:Defend+1","champ:Defend","champ:Execute","champ:Taunt+1","champ:FlashCut","champ:BringItOn","champ:SkillfulDodge+1","champ:GladiatorsShout+1","champ:TornadoPunch","champ:StanceDance+1","champ:DefensiveShout+1","champ:Circumvent","champ:EnchantCrown+1","champ:ArenaPreparation+1","champ:EnGarde+1","champ:FalseCounter+1","champ:ArenaPreparation+1","champ:Lariat+1","champ:StanceDance+1","champ:Backstep+1","champ:ShieldSigil+1","champ:ArenaPreparation+1","champ:EnchantCrown+1","champ:RageSigil+1","champ:ShieldWall+1","champ:DefensiveShout+1","champ:Balance+1","Regret","champ:SkillfulDodge+1","champ:RapidStrikes+1","champ:FocusedDefense+1","champ:Lariat+1"],"relics":["Empty Cage","Bottled Flame","War Paint","Guardian:PocketSentry","Sundial","Guardian:GemstoneGun","Juzu Bracelet","Cursed Key","The Courier","Toxic Egg 2","Shuriken","downfall:HeartBlessingRed","Black Star","champ:DefensiveTrainingManual","Calipers","Torii","Boot","Nunchaku","Bag of Marbles","downfall:HeartBlessingGreen","downfall:HeartBlessingBlue","PreservedInsect","Kunai","Lizard Tail","Eternal Feather"],"acts_visited":["Exordium","TheCity","TheBeyond","TheEnding"],"potions_floor_usage":[9,10,12,16,16,26,32,37,40,40,48,55,55,55],"damage_taken":[{"damage":10,"enemies":"Cultist","floor":2,"turns":5},{"damage":2,"enemies":"2 Louse","floor":3,"turns":3},{"damage":18,"enemies":"Jaw Worm","floor":4,"turns":4},{"damage":4,"enemies":"Red Slaver","floor":5,"turns":4},{"damage":5,"enemies":"Lagavulin","floor":6,"turns":7},{"damage":5,"enemies":"Lots of Slimes","floor":9,"turns":5},{"damage":10,"enemies":"3 Sentries","floor":10,"turns":5},{"damage":0,"enemies":"Large Slime","floor":11,"turns":4},{"damage":25,"enemies":"Gremlin Nob","floor":12,"turns":4},{"damage":5,"enemies":"downfall:FleeingMerchant","floor":13,"turns":4},{"damage":13,"enemies":"Lagavulin","floor":14,"turns":7},{"damage":0,"enemies":"2 Fungi Beasts","floor":15,"turns":2},{"damage":27,"enemies":"downfall:Ironclad","floor":16,"turns":11},{"damage":5,"enemies":"Spheric Guardian","floor":20,"turns":3},{"damage":10,"enemies":"3 Cultists","floor":21,"turns":4},{"damage":5,"enemies":"Snecko","floor":22,"turns":3},{"damage":15,"enemies":"downfall:FleeingMerchant","floor":25,"turns":4},{"damage":49,"enemies":"Gremlin Leader","floor":26,"turns":6},{"damage":44,"enemies":"Sentry and Sphere","floor":28,"turns":5},{"damage":1,"enemies":"Snake Plant","floor":30,"turns":3},{"damage":40,"enemies":"downfall:FleeingMerchant","floor":31,"turns":4},{"damage":0,"enemies":"3 Cultists","floor":32,"turns":3},{"damage":25,"enemies":"downfall:Defect","floor":33,"turns":3},{"damage":11,"enemies":"3 Shapes","floor":36,"turns":4},{"damage":46,"enemies":"downfall:FleeingMerchant","floor":37,"turns":3},{"damage":10,"enemies":"Orb Walker","floor":38,"turns":1},{"damage":36,"enemies":"Maw","floor":39,"turns":6},{"damage":46,"enemies":"Reptomancer","floor":40,"turns":4},{"damage":55,"enemies":"Giant Head","floor":43,"turns":8},{"damage":55,"enemies":"Reptomancer","floor":46,"turns":4},{"damage":75,"enemies":"Transient","floor":48,"turns":5},{"damage":10,"enemies":"Jaw Worm Horde","floor":49,"turns":5},{"damage":49,"enemies":"downfall:Watcher","floor":50,"turns":6},{"damage":87,"enemies":"downfall:CharBossMerchant","floor":52,"turns":6},{"damage":55,"enemies":"downfall:NeowBoss","floor":55,"turns":25}],"seed_played":"-6878935708148161102","potions_obtained":[{"floor":5,"key":"PowerPotion"},{"floor":6,"key":"ColorlessPotion"},{"floor":10,"key":"Weak Potion"},{"floor":12,"key":"PowerPotion"},{"floor":15,"key":"BlessingOfTheForge"},{"floor":16,"key":"champ:OpenerPotion"},{"floor":20,"key":"Swift Potion"},{"floor":28,"key":"SneckoOil"},{"floor":30,"key":"Block Potion"},{"floor":32,"key":"hexamod:EctoCoolerPotion"},{"floor":38,"key":"Swift Potion"},{"floor":43,"key":"LiquidBronze"},{"floor":46,"key":"Fire Potion"},{"floor":48,"key":"Strength Potion"},{"floor":49,"key":"CultistPotion"}],"is_trial":false,"path_per_floor":["R","M","M","M","M","E","T","R","M","E","M","E","$","E","M","B",null,"R","?","M","M","M","?","T","$","E","?","M","R","M","$","M","B",null,"R","M","$","M","M","E","T","T","E","R","?","E","R","M","M","B",null,"E","$","R","B",null],"character_chosen":"THE_CHAMP","items_purchased":["Guardian:GemstoneGun","champ:ArenaPreparation+1","champ:DefensiveTrainingManual","champ:FocusedDefense+1","champ:Lariat+1"],"campfire_rested":1,"item_purchase_floors":[13,25,37,53,53],"current_hp_per_floor":[90,90,88,80,76,76,76,76,76,66,66,46,46,38,38,11,90,90,82,82,82,77,77,77,67,43,100,86,86,85,75,75,70,100,100,94,88,88,82,81,81,81,72,82,82,58,91,52,52,43,110,62,62,80,40],"gold":251,"neow_bonus":"BOSS_RELIC","is_daily":false,"chose_seed":false,"campfire_upgraded":6,"win_rate":0.0,"timestamp":1608856870,"path_taken":["R","M","?","M","M","E","T","R","M","E","M","E","$","E","M","BOSS","R","?","M","M","M","?","T","$","E","?","M","R","M","$","M","BOSS","R","M","$","M","M","E","T","?","E","R","?","E","R","M","M","BOSS","E","$","R","BOSS"],"items_purchased_type":["Relic","Card","Relic","Card","Card"],"build_version":"2020-12-22","purchased_purges":2,"victory":true,"max_hp_per_floor":[90,90,90,90,90,90,90,90,90,90,90,90,90,90,90,90,90,90,90,90,90,90,90,90,90,90,100,100,100,100,100,100,100,100,100,100,100,100,100,100,100,100,100,110,110,110,110,110,110,110,110,110,110,110,110],"card_choices":[{"not_picked":["champ:Haymaker","champ:SwordSigil"],"picked":"champ:FlashCut","floor":2},{"not_picked":["champ:PerfectedStrike","champ:RageSigil","champ:DefensiveShout"],"picked":"SKIP","floor":3},{"not_picked":["champ:PerfectedStrike","champ:BerserkersShout"],"picked":"champ:BringItOn","floor":4},{"not_picked":["champ:CalledShot","champ:GutPunch"],"picked":"champ:SkillfulDodge","floor":5},{"not_picked":["champ:CheapShot","champ:RageSigil"],"picked":"champ:GladiatorsShout","floor":6},{"not_picked":["champ:BerserkerStyle","champ:EndlessRage"],"picked":"champ:TornadoPunch","floor":9},{"not_picked":["champ:BerserkersShout","champ:FightOn"],"picked":"champ:StanceDance","floor":10},{"not_picked":["champ:FaceSlap","champ:BladeFlurry"],"picked":"champ:DefensiveShout","floor":11},{"not_picked":["champ:Haymaker","champ:FocusedGladiator","champ:Encircle"],"picked":"SKIP","floor":12},{"not_picked":["champ:BladeFlurry","champ:RageSigil"],"picked":"champ:Circumvent","floor":13},{"not_picked":["champ:Encircle","champ:BerserkersShout","champ:RecklessLeap"],"picked":"SKIP","floor":14},{"not_picked":["champ:EndlessRage","champ:PerfectedStrike","champ:BladeFlurry"],"picked":"SKIP","floor":15},{"not_picked":["champ:CrownThrow","champ:MurderStrike"],"picked":"champ:EnchantCrown","floor":16},{"not_picked":["champ:ShieldSigil","champ:CrookedStrike"],"picked":"champ:EnGarde+1","floor":20},{"not_picked":["champ:FlashCut","champ:EnGarde","champ:Shatter"],"picked":"SKIP","floor":21},{"not_picked":["champ:FanOfKnives+1","champ:SkillfulDodge","champ:AdrenalArmor+1"],"picked":"SKIP","floor":22},{"not_picked":["champ:RisingSlash+1","champ:EnchantSword+1"],"picked":"champ:FalseCounter+1","floor":25},{"not_picked":["champ:RageSigil+1","champ:AdrenalArmor+1"],"picked":"champ:Lariat+1","floor":26},{"not_picked":["champ:PerfectedStrike","champ:Aggression+1"],"picked":"champ:StanceDance+1","floor":28},{"not_picked":["champ:Circumvent+1","champ:BringItOn+1"],"picked":"champ:Backstep+1","floor":30},{"not_picked":["champ:RecklessLeap","champ:Shatter"],"picked":"champ:ShieldSigil+1","floor":31},{"not_picked":["champ:PerfectedStrike","champ:EndlessRage"],"picked":"champ:ArenaPreparation+1","floor":32},{"not_picked":["champ:StrikeOfGenius","champ:ShieldSlam"],"picked":"champ:EnchantCrown+1","floor":33},{"not_picked":["champ:RisingSlash","champ:CrookedStrike+1"],"picked":"champ:RageSigil+1","floor":36},{"not_picked":["champ:HeavySlash","champ:BladeFlurry"],"picked":"champ:ShieldWall+1","floor":37},{"not_picked":["champ:ShieldSigil+1","champ:BringItOn+1"],"picked":"champ:DefensiveShout+1","floor":38},{"not_picked":["champ:PreciseThrust","champ:TornadoPunch","champ:BladeFlurry"],"picked":"SKIP","floor":39},{"not_picked":["champ:CrookedStrike+1","champ:GladiatorsShout+1"],"picked":"champ:Balance+1","floor":40},{"not_picked":["champ:Backstep+1","champ:IronFortress+1"],"picked":"champ:SkillfulDodge+1","floor":43},{"not_picked":["champ:IronFortress","champ:PerfectedStrike+1","champ:ShieldSigil+1"],"picked":"SKIP","floor":46},{"not_picked":["champ:Control+1","champ:FightOn","champ:Devastate"],"picked":"SKIP","floor":48},{"not_picked":["champ:BringItOn+1","champ:SkillfulDodge+1"],"picked":"champ:RapidStrikes+1","floor":49},{"not_picked":["champ:RapidStrikes","champ:DefensiveShout+1","champ:FanOfKnives"],"picked":"SKIP","floor":52}],"player_experience":319014,"relics_obtained":[{"floor":6,"key":"Bottled Flame"},{"floor":7,"key":"War Paint"},{"floor":10,"key":"Guardian:PocketSentry"},{"floor":12,"key":"Sundial"},{"floor":14,"key":"Juzu Bracelet"},{"floor":24,"key":"Toxic Egg 2"},{"floor":26,"key":"Shuriken"},{"floor":40,"key":"Calipers"},{"floor":40,"key":"Torii"},{"floor":42,"key":"Boot"},{"floor":43,"key":"Nunchaku"},{"floor":43,"key":"Bag of Marbles"},{"floor":46,"key":"PreservedInsect"},{"floor":46,"key":"Kunai"},{"floor":52,"key":"Lizard Tail"},{"floor":52,"key":"Eternal Feather"}],"event_choices":[{"cards_removed":["champ:HeavySlash"],"damage_healed":47,"gold_gain":0,"player_choice":"Offered Rare","damage_taken":0,"max_hp_gain":10,"max_hp_loss":0,"event_name":"Bonfire Elementals","floor":27,"gold_loss":0},{"cards_removed":["champ:Strike"],"damage_healed":0,"gold_gain":0,"player_choice":"Purged","damage_taken":0,"max_hp_gain":0,"max_hp_loss":0,"event_name":"Purifier","floor":45,"gold_loss":0}],"is_beta":false,"boss_relics":[{"not_picked":["Sozu","Tiny House"],"picked":"Cursed Key"},{"not_picked":["Runic Dome","Velvet Choker"],"picked":"Black Star"}],"items_purged_floors":[25,53],"is_endless":false,"potions_floor_spawned":[5,6,10,12,15,16,20,28,30,32,38,43,46,48,49],"ascension_level":1}}