{"host":"93x13jgem5w43hjr","time":1608924664,"event":{"mods":["AchievementEnabler","BaseMod","Colored Map","Colored Powertips","Minty Spire (QoL Compilation)","StSLib","The Animator","The Bug Knight","Waifu the Spire"],"gold_per_floor":[366,385,402,148,166,166,186,186,186,37,68,144,144,158,158,262,262,272,272,288,14,25,25,58,58,58,76,94,109,109,120,120,217,217,235,253,103,103,103,115,133,133,133,133,150,150,196,196,196,196],"floor_reached":51,"playtime":4213,"items_purged":["HollowMod:NailStrikeStart","Pain","HollowMod:SoulVessel","animator:Curse_GriefSeed"],"score":646,"play_id":"61249fd5-3fda-4a68-bcfa-33b37fb32bb7","local_time":"20201225123104","is_ascension_mode":false,"campfire_choices":[{"data":"HollowMod:ShapeofUnn","floor":6,"key":"SMITH"},{"data":"HollowMod:SiblingsSouls","floor":13,"key":"SMITH"},{"data":"HollowMod:DesolateDive","floor":15,"key":"SMITH"},{"data":"HollowMod:DungDefenderAura","floor":23,"key":"SMITH"},{"data":"HollowMod:Weaversong","floor":25,"key":"SMITH"},{"data":"HollowMod:DashSlash","floor":32,"key":"SMITH"},{"data":"HollowMod:LifebloodCore","floor":44,"key":"SMITH"},{"floor":49,"key":"REST"}],"circlet_count":0,"master_deck":["HollowMod:NailStrikeStart","HollowMod:NailStrikeStart","HollowMod:NailStrikeStart","HollowMod:QuickDashStart","HollowMod:QuickDashStart","HollowMod:QuickDashStart","HollowMod:QuickDashStart+1","HollowMod:FocusHealStart","HollowMod:PogoStrike","HollowMod:DesolateDive+1","HollowMod:LifebloodCore+1","HollowMod:ChannelNail","HollowMod:GoodIntentions","HollowMod:DashSlash+1","HollowMod:SiblingsSouls+1","HollowMod:Weaversong+1","HollowMod:DungDefenderAura+1","HollowMod:DashSlash+1","HollowMod:GoodIntentions+1","RitualDagger","HollowMod:LifebloodCore+1","HollowMod:SoulStrike+1","HollowMod:MawleksShell+1","Good Instincts","HollowMod:CloakDash","Parasite","Regret"],"relics":["HollowMod:VesselMask","War Paint","WarpedTongs","Bottled Flame","Pantograph","Eternal Feather","Cursed Key","Sling","White Beast Statue","Thread and Needle","Black Star","Shuriken","CaptainsWheel"],"acts_visited":["Exordium","TheCity","TheBeyond"],"potions_floor_usage":[2,7,16,20,24,28,31,31,33,35,40,45,45,47,47,50],"damage_taken":[{"damage":1,"enemies":"Cultist","floor":1,"turns":3},{"damage":1,"enemies":"Jaw Worm","floor":2,"turns":3},{"damage":2,"enemies":"Small Slimes","floor":3,"turns":4},{"damage":0,"enemies":"Blue Slaver","floor":5,"turns":8},{"damage":0,"enemies":"2 Fungi Beasts","floor":7,"turns":5},{"damage":0,"enemies":"HollowMod:MossKnight","floor":11,"turns":8},{"damage":0,"enemies":"Red Slaver","floor":14,"turns":3},{"damage":9,"enemies":"HollowMod:FalseKnight","floor":16,"turns":11},{"damage":5,"enemies":"Shell Parasite","floor":18,"turns":5},{"damage":0,"enemies":"3 Byrds","floor":20,"turns":5},{"damage":9,"enemies":"Centurion and Healer","floor":22,"turns":7},{"damage":18,"enemies":"Slavers","floor":24,"turns":8},{"damage":0,"enemies":"Shelled Parasite and Fungi","floor":27,"turns":7},{"damage":4,"enemies":"Sentry and Sphere","floor":28,"turns":6},{"damage":0,"enemies":"Snake Plant","floor":29,"turns":4},{"damage":0,"enemies":"Centurion and Healer","floor":31,"turns":5},{"damage":3,"enemies":"HollowMod:NKGrimm","floor":33,"turns":17},{"damage":15,"enemies":"3 Darklings","floor":35,"turns":6},{"damage":11,"enemies":"3 Shapes","floor":36,"turns":7},{"damage":0,"enemies":"Jaw Worm Horde","floor":40,"turns":7},{"damage":22,"enemies":"Writhing Mass","floor":41,"turns":8},{"damage":8,"enemies":"Maw","floor":45,"turns":9},{"damage":72,"enemies":"2 Orb Walkers","floor":47,"turns":9},{"damage":19,"enemies":"Awakened One","floor":50,"turns":25}],"seed_played":"5221174410633898752","potions_obtained":[{"floor":1,"key":"SteroidPotion"},{"floor":5,"key":"DuplicationPotion"},{"floor":7,"key":"Fire Potion"},{"floor":18,"key":"AttackPotion"},{"floor":22,"key":"Dexterity Potion"},{"floor":27,"key":"SteroidPotion"},{"floor":28,"key":"Swift Potion"},{"floor":29,"key":"EssenceOfSteel"},{"floor":31,"key":"EssenceOfSteel"},{"floor":33,"key":"SkillPotion"},{"floor":35,"key":"Dexterity Potion"},{"floor":36,"key":"LiquidBronze"},{"floor":40,"key":"Regen Potion"},{"floor":41,"key":"Block Potion"},{"floor":45,"key":"PowerPotion"},{"floor":47,"key":"Fire Potion"}],"is_trial":false,"path_per_floor":["M","M","M","$","M","R","M","?","T","$","E","T","R","M","R","B",null,"M","?","M","$","M","R","E","R","T","M","M","M","?","M","R","B",null,"M","M","$","?","?","M","M","?","T","R","M","$","?","?","R","B",null],"character_chosen":"THE_BUGKNIGHT","items_purchased":["War Paint","HollowMod:ChannelNail","HollowMod:DashSlash","Sling"],"campfire_rested":1,"item_purchase_floors":[4,4,10,21],"current_hp_per_floor":[59,64,68,68,68,68,68,68,68,68,68,68,75,75,75,66,75,75,75,75,75,75,75,63,72,72,75,71,71,65,65,75,75,75,60,55,55,55,55,65,55,55,55,70,67,67,12,12,49,67],"gold":196,"neow_bonus":"TWO_FIFTY_GOLD","is_daily":false,"chose_seed":false,"campfire_upgraded":7,"win_rate":0.0,"timestamp":1608924664,"path_taken":["M","M","M","$","M","R","?","?","T","?","E","?","R","M","R","BOSS","M","?","M","$","M","R","E","R","T","M","?","M","?","M","R","BOSS","M","M","$","?","?","?","M","?","T","R","M","$","?","?","R","BOSS"],"items_purchased_type":["Relic","Card","Card","Relic"],"build_version":"2020-12-22","purchased_purges":4,"victory":true,"max_hp_per_floor":[75,75,75,75,75,75,75,75,75,75,75,75,75,75,75,75,75,75,75,75,75,75,75,75,75,75,75,75,75,75,75,75,75,75,75,75,75,75,75,75,75,75,75,75,75,75,75,75,75,75],"card_choices":[{"not_picked":["HollowMod:ShadowDash","HollowMod:HowlingWraiths"],"picked":"HollowMod:DesolateDive","floor":1},{"not_picked":["HollowMod:TaintedHusks","HollowMod:NewLittleFool"],"picked":"HollowMod:SoulVessel","floor":2},{"not_picked":["HollowMod:RecoilStrike","HollowMod:HeavyBlow"],"picked":"HollowMod:LifebloodCore","floor":3},{"not_picked":["HollowMod:MothsMistake","HollowMod:InfectedCysts"],"picked":"HollowMod:ShapeofUnn","floor":5},{"not_picked":["HollowMod:ChannelNail","HollowMod:SoulShaman"],"picked":"HollowMod:GoodIntentions","floor":7},{"not_picked":["HollowMod:AbyssShriek","HollowMod:GoodIntentions"],"picked":"HollowMod:SiblingsSouls","floor":11},{"not_picked":["HollowMod:HuntersJournal","HollowMod:GrimmsGift","HollowMod:LifebloodCocoon"],"picked":"SKIP","floor":14},{"not_picked":["HollowMod:NewInfectedGuardian","HollowMod:ZotesMagnificence"],"picked":"HollowMod:Weaversong","floor":16},{"not_picked":["HollowMod:LifebloodCocoon","HollowMod:DoubleDash","HollowMod:InfectedAttack"],"picked":"SKIP","floor":18},{"not_picked":["HollowMod:ChannelNail+1","HollowMod:BaldurShell"],"picked":"HollowMod:DungDefenderAura","floor":20},{"not_picked":["HollowMod:BaldurShell","HollowMod:BlackTendrils+1","HollowMod:ShadowDash"],"picked":"SKIP","floor":22},{"not_picked":["HollowMod:InfectedAttack","HollowMod:Hiveblood","HollowMod:InfectedCysts"],"picked":"SKIP","floor":24},{"not_picked":["HollowMod:VengefulVoid","HollowMod:DoubleDash"],"picked":"HollowMod:DashSlash+1","floor":27},{"not_picked":["HollowMod:SoulEater","HollowMod:PureNailStrike+1"],"picked":"HollowMod:GoodIntentions+1","floor":28},{"not_picked":["HollowMod:DoubleDash+1","HollowMod:InfectionAssault","HollowMod:VengefulVoid+1"],"picked":"SKIP","floor":29},{"not_picked":["HollowMod:HeavyBlow","HollowMod:PureNailStrike","HollowMod:GreatSlash"],"picked":"SKIP","floor":31},{"not_picked":["HollowMod:theNailsmith","HollowMod:NewInfectedGuardian"],"picked":"HollowMod:LifebloodCore","floor":33},{"not_picked":["HollowMod:ChannelNail","HollowMod:TaintedHusks+1"],"picked":"HollowMod:SoulStrike+1","floor":35},{"not_picked":["HollowMod:DescendingDark+1","HollowMod:SharpenedShadows"],"picked":"HollowMod:MawleksShell+1","floor":36},{"not_picked":["HollowMod:NewLittleFool+1","HollowMod:VengefulVoid"],"picked":"HollowMod:CloakDash","floor":40},{"not_picked":["HollowMod:FastStrike+1","HollowMod:SoulVessel+1","HollowMod:NewGlowingWomb+1"],"picked":"SKIP","floor":41},{"not_picked":["HollowMod:FallenFury+1","HollowMod:GoodIntentions","HollowMod:TaintedHusks+1"],"picked":"SKIP","floor":45}],"player_experience":137707,"relics_obtained":[{"floor":9,"key":"Bottled Flame"},{"floor":11,"key":"Pantograph"},{"floor":12,"key":"Eternal Feather"},{"floor":24,"key":"White Beast Statue"},{"floor":26,"key":"Thread and Needle"},{"floor":43,"key":"Shuriken"},{"floor":47,"key":"CaptainsWheel"}],"event_choices":[{"damage_healed":0,"gold_gain":0,"player_choice":"Rummage","damage_taken":0,"relics_obtained":["WarpedTongs"],"max_hp_gain":0,"max_hp_loss":0,"event_name":"Accursed Blacksmith","floor":8,"gold_loss":0,"cards_obtained":["Pain"]},{"damage_healed":0,"gold_gain":0,"player_choice":"Ignored","damage_taken":0,"max_hp_gain":0,"max_hp_loss":0,"event_name":"NoteForYourself","floor":19,"gold_loss":0},{"damage_healed":0,"gold_gain":0,"player_choice":"Joined the Cult","damage_taken":6,"max_hp_gain":0,"max_hp_loss":0,"event_name":"Nest","floor":30,"gold_loss":0,"cards_obtained":["RitualDagger"]},{"cards_removed":["HollowMod:ShapeofUnn"],"damage_healed":0,"gold_gain":0,"player_choice":"Removed Power","damage_taken":0,"max_hp_gain":0,"max_hp_loss":0,"event_name":"Falling","floor":38,"gold_loss":0},{"damage_healed":0,"gold_gain":0,"player_choice":"1 cards matched","damage_taken":0,"max_hp_gain":0,"max_hp_loss":0,"event_name":"Match and Keep!","floor":39,"gold_loss":0,"cards_obtained":["Good Instincts"]},{"damage_healed":0,"gold_gain":0,"player_choice":"Fight","damage_taken":0,"max_hp_gain":0,"max_hp_loss":0,"event_name":"Mysterious Sphere","floor":47,"gold_loss":0}],"is_beta":false,"boss_relics":[{"not_picked":["Calling Bell","Runic Dome"],"picked":"Cursed Key"},{"not_picked":["Velvet Choker","Busted Crown"],"picked":"Black Star"}],"items_purged_floors":[4,10,21,37],"is_endless":false,"potions_floor_spawned":[1,5,7,18,22,27,28,29,31,33,35,36,40,41,45,47],"ascension_level":0}}