{"host":"foq4mrde4mssg7vt","time":1608870985,"event":{"mods":["AchievementEnabler","BaseMod","Colored Map","Colored Powertips","Highlight Path","Minty Spire (QoL Compilation)","Relic Stats","everything is the same but u backflip on backflip"],"gold_per_floor":[111,130,48,123,0,0,34,34,57,70,96,96,130,130,130,234,234,254,254,272,272,292,317,317,329,408,422,422,117,141,141,141,236,236,254,254,254,270,94,127,177,207,230,262,280,314,326,344,344,344,344,344,28,58,58],"floor_reached":56,"playtime":3989,"items_purged":["Pain","Strike_B"],"score":1723,"play_id":"96f33b41-260d-40c7-a2ad-96377228825c","local_time":"20201225123625","is_ascension_mode":true,"campfire_choices":[{"data":"Barrage","floor":6.0,"key":"SMITH"},{"data":"Go for the Eyes","floor":8.0,"key":"SMITH"},{"data":"Fission","floor":12.0,"key":"SMITH"},{"data":"Coolheaded","floor":15.0,"key":"SMITH"},{"data":"Hologram","floor":24.0,"key":"SMITH"},{"floor":28.0,"key":"REST"},{"data":"Rainbow","floor":32.0,"key":"SMITH"},{"floor":49.0,"key":"RECALL"},{"data":"Loop","floor":52.0,"key":"SMITH"}],"circlet_count":0,"master_deck":["Strike_B","Strike_B","Strike_B","Defend_B","Defend_B","Defend_B","Zap","Dualcast","Sweeping Beam","Coolheaded+1","Melter","Barrage+1","Self Repair","Go for the Eyes+1","Fission+1","Rainbow+1","Cold Snap","Conserve Battery","Hologram+1","BootSequence","Reboot","Echo Form","Glacier+1","Coolheaded","Genetic Algorithm+1","Skim+1","Loop+1","Loop","Multi-Cast","Compile Driver+1"],"relics":["Cracked Core","Akabeko","StrikeDummy","DataDisk","Odd Mushroom","Matryoshka","Inserter","Nilry\u0027s Codex","WarpedTongs","Emotion Chip","Sundial","Mummified Hand","Bag of Marbles","Coffee Dripper","Mango","Girya","Art of War","Nunchaku","Lantern","Torii","Bag of Preparation","Oddly Smooth Stone"],"acts_visited":["Exordium","TheCity","TheBeyond","TheEnding"],"potions_floor_usage":[55,55,55],"damage_taken":[{"damage":0.0,"enemies":"2 Louse","floor":1.0,"turns":1.0},{"damage":0.0,"enemies":"Small Slimes","floor":2.0,"turns":2.0},{"damage":37.0,"enemies":"Gremlin Nob","floor":7.0,"turns":4.0},{"damage":0.0,"enemies":"Cultist","floor":10.0,"turns":2.0},{"damage":10.0,"enemies":"The Mushroom Lair","floor":11.0,"turns":5.0},{"damage":14.0,"enemies":"Lagavulin","floor":13.0,"turns":7.0},{"damage":24.0,"enemies":"Slime Boss","floor":16.0,"turns":9.0},{"damage":2.0,"enemies":"Spheric Guardian","floor":18.0,"turns":3.0},{"damage":11.0,"enemies":"Shell Parasite","floor":20.0,"turns":5.0},{"damage":10.0,"enemies":"Chosen and Byrds","floor":22.0,"turns":5.0},{"damage":14.0,"enemies":"Book of Stabbing","floor":23.0,"turns":4.0},{"damage":20.0,"enemies":"Cultist and Chosen","floor":25.0,"turns":7.0},{"damage":7.0,"enemies":"Shelled Parasite and Fungi","floor":27.0,"turns":4.0},{"damage":30.0,"enemies":"Collector","floor":33.0,"turns":8.0},{"damage":5.0,"enemies":"3 Darklings","floor":35.0,"turns":6.0},{"damage":0.0,"enemies":"3 Shapes","floor":38.0,"turns":7.0},{"damage":3.0,"enemies":"Nemesis","floor":40.0,"turns":7.0},{"damage":0.0,"enemies":"Mind Bloom Boss Battle","floor":41.0,"turns":10.0},{"damage":20.0,"enemies":"Giant Head","floor":42.0,"turns":11.0},{"damage":0.0,"enemies":"Nemesis","floor":44.0,"turns":9.0},{"damage":17.0,"enemies":"Jaw Worm Horde","floor":45.0,"turns":3.0},{"damage":13.0,"enemies":"Reptomancer","floor":46.0,"turns":8.0},{"damage":0.0,"enemies":"Writhing Mass","floor":47.0,"turns":7.0},{"damage":1.0,"enemies":"4 Shapes","floor":48.0,"turns":6.0},{"damage":23.0,"enemies":"Time Eater","floor":50.0,"turns":27.0},{"damage":12.0,"enemies":"Shield and Spear","floor":54.0,"turns":10.0},{"damage":82,"enemies":"The Heart","floor":55,"turns":15}],"seed_played":"9165569922835992347","potions_obtained":[{"floor":2.0,"key":"Weak Potion"},{"floor":10.0,"key":"GamblersBrew"},{"floor":13.0,"key":"EssenceOfSteel"},{"floor":20.0,"key":"GamblersBrew"},{"floor":22.0,"key":"LiquidBronze"},{"floor":33.0,"key":"BlessingOfTheForge"},{"floor":40.0,"key":"SkillPotion"},{"floor":45.0,"key":"BlessingOfTheForge"},{"floor":46.0,"key":"Strength Potion"}],"is_trial":false,"path_per_floor":["M","M","$","?","$","R","E","R","T","M","?","R","E","?","R","B",null,"M","?","M","?","M","E","R","M","T","M","R","$","T","?","R","B",null,"M","?","?","M","$","E","?","E","T","E","M","E","M","M","R","B",null,"R","$","E","B",null],"character_chosen":"DEFECT","items_purchased":["Melter","Barrage","Self Repair","BootSequence","Reboot","Coolheaded","Swift Potion","FocusPotion","Bag of Preparation","Multi-Cast","PowerPotion"],"campfire_rested":1,"item_purchase_floors":[3,5,5,29,29,39,39,53,53,53,53],"current_hp_per_floor":[68,68,68,57,57,57,27,27,27,34,31,31,24,49,49,32,64,69,53,49,49,46,32,32,19,19,19,41,41,41,41,41,18,61,66,66,66,71,71,85,85,85,85,85,85,85,85,85,85,76,83,83,83,85,13],"gold":58,"neow_bonus":"RANDOM_COMMON_RELIC","is_daily":false,"chose_seed":false,"campfire_upgraded":7,"win_rate":0.0,"timestamp":1608870985,"path_taken":["M","M","$","?","$","R","E","R","T","M","?","R","E","?","R","BOSS","M","?","M","?","M","E","R","?","T","M","R","$","?","?","R","BOSS","M","?","?","M","$","E","?","E","T","E","M","E","M","M","R","BOSS","R","$","E","BOSS"],"items_purchased_type":["Card","Card","Card","Card","Card","Card","Potion","Potion","Relic","Card","Potion"],"build_version":"2020-12-22","purchased_purges":2,"victory":true,"max_hp_per_floor":[75,75,75,75,75,75,75,75,75,75,75,75,75,75,75,75,75,75,75,75,75,75,75,75,75,75,75,75,75,75,75,75,75,75,75,75,71,71,71,85,85,85,85,85,85,85,85,85,85,85,85,85,85,85,85],"relic_stats":{"Emotion Chip":[120,33,73,14,0],"Nunchaku":[11],"Inserter":[77],"Torii":17,"counters":[27,192],"Sundial":[26],"Mummified Hand":[73],"Art of War":[31],"Bag of Preparation":[4],"obtain_stats":[{"Girya":41,"Lantern":44,"Inserter":17,"Torii":46,"Nilry\u0027s Codex":19,"Oddly Smooth Stone":54,"Mango":40,"Bag of Preparation":53,"Odd Mushroom":11,"Akabeko":0,"WarpedTongs":21,"DataDisk":9,"Emotion Chip":23,"Nunchaku":43,"Matryoshka":13,"Sundial":26,"Mummified Hand":26,"Bag of Marbles":30,"Coffee Dripper":34,"Art of War":42,"Cracked Core":0,"StrikeDummy":7},{"Girya":18,"Lantern":20,"Inserter":7,"Torii":22,"Nilry\u0027s Codex":8,"Oddly Smooth Stone":26,"Mango":17,"Bag of Preparation":25,"Odd Mushroom":5,"Akabeko":0,"WarpedTongs":9,"DataDisk":3,"Emotion Chip":11,"Nunchaku":19,"Matryoshka":6,"Sundial":12,"Mummified Hand":12,"Bag of Marbles":13,"Coffee Dripper":14,"Art of War":19,"Cracked Core":0,"StrikeDummy":3},{"Girya":96,"Lantern":116,"Inserter":30,"Torii":127,"Nilry\u0027s Codex":33,"Oddly Smooth Stone":177,"Mango":86,"Bag of Preparation":167,"Odd Mushroom":14,"Akabeko":0,"WarpedTongs":38,"DataDisk":7,"Emotion Chip":47,"Nunchaku":107,"Matryoshka":21,"Sundial":54,"Mummified Hand":54,"Bag of Marbles":58,"Coffee Dripper":66,"Art of War":107,"Cracked Core":0,"StrikeDummy":7}],"WarpedTongs":[141]},"card_choices":[{"not_picked":["Skim","Reprogram"],"picked":"Sweeping Beam","floor":1.0},{"not_picked":["Recycle","Storm"],"picked":"Coolheaded","floor":2.0},{"not_picked":["Beam Cell","Turbo"],"picked":"Go for the Eyes","floor":7.0},{"not_picked":["Chaos","Compile Driver"],"picked":"Fission","floor":10.0},{"not_picked":["Melter","Aggregate","Reprogram"],"picked":"SKIP","floor":13.0},{"not_picked":["Thunder Strike","Creative AI"],"picked":"Rainbow","floor":16.0},{"not_picked":["Melter","Barrage"],"picked":"Cold Snap","floor":18.0},{"not_picked":["Stack","Heatsinks"],"picked":"Conserve Battery","floor":20.0},{"not_picked":["Streamline","Rebound+1","Turbo"],"picked":"SKIP","floor":22.0},{"not_picked":["Steam","Conserve Battery+1"],"picked":"Hologram","floor":23.0},{"not_picked":["Fusion+1","Beam Cell","Redo"],"picked":"SKIP","floor":25.0},{"not_picked":["Rebound+1","Blizzard","Barrage+1"],"picked":"SKIP","floor":27.0},{"not_picked":["Meteor Strike","Fission"],"picked":"Echo Form","floor":33.0},{"not_picked":["Ball Lightning","BootSequence+1","Sweeping Beam+1"],"picked":"SKIP","floor":35.0},{"not_picked":["Rebound","Rip and Tear"],"picked":"Glacier+1","floor":38.0},{"not_picked":["Stack","Blizzard"],"picked":"Genetic Algorithm+1","floor":40.0},{"not_picked":["Turbo+1","Steam"],"picked":"Skim+1","floor":42.0},{"not_picked":["Sweeping Beam+1","Steam Power+1"],"picked":"Loop","floor":44.0},{"not_picked":["Creative AI","Leap","Cold Snap+1"],"picked":"SKIP","floor":45.0},{"not_picked":["Scrape+1","Stack"],"picked":"Loop","floor":46.0},{"not_picked":["Redo","Leap","Turbo+1"],"picked":"SKIP","floor":47.0},{"not_picked":["Redo","Leap","Turbo+1"],"picked":"SKIP","floor":47.0},{"not_picked":["Barrage","Rebound","Conserve Battery+1"],"picked":"SKIP","floor":48.0},{"not_picked":["Fusion","Turbo+1"],"picked":"Compile Driver+1","floor":54.0}],"player_experience":251024,"relics_obtained":[{"floor":7.0,"key":"StrikeDummy"},{"floor":9.0,"key":"DataDisk"},{"floor":11.0,"key":"Odd Mushroom"},{"floor":13.0,"key":"Matryoshka"},{"floor":19.0,"key":"Nilry\u0027s Codex"},{"floor":23.0,"key":"Emotion Chip"},{"floor":26.0,"key":"Sundial"},{"floor":26.0,"key":"Mummified Hand"},{"floor":30.0,"key":"Bag of Marbles"},{"floor":40.0,"key":"Mango"},{"floor":41.0,"key":"Girya"},{"floor":42.0,"key":"Art of War"},{"floor":43.0,"key":"Nunchaku"},{"floor":44.0,"key":"Lantern"},{"floor":46.0,"key":"Torii"},{"floor":54.0,"key":"Oddly Smooth Stone"}],"event_choices":[{"damage_healed":0.0,"max_hp_gain":0.0,"max_hp_loss":0.0,"gold_gain":75.0,"event_name":"World of Goop","player_choice":"Gather Gold","floor":4.0,"gold_loss":0.0,"damage_taken":11.0},{"damage_healed":0.0,"max_hp_gain":0.0,"max_hp_loss":0.0,"gold_gain":0.0,"event_name":"Mushrooms","player_choice":"Fought Mushrooms","floor":11.0,"gold_loss":0.0,"damage_taken":0.0},{"damage_healed":25.0,"max_hp_gain":0.0,"max_hp_loss":0.0,"gold_gain":0.0,"event_name":"Big Fish","player_choice":"Banana","floor":14.0,"gold_loss":0.0,"damage_taken":0.0},{"damage_healed":0.0,"max_hp_gain":0.0,"max_hp_loss":0.0,"gold_gain":0.0,"event_name":"Cursed Tome","player_choice":"Obtained Book","floor":19.0,"gold_loss":0.0,"damage_taken":16.0},{"damage_healed":0.0,"max_hp_gain":0.0,"max_hp_loss":0.0,"gold_gain":0.0,"event_name":"Accursed Blacksmith","player_choice":"Rummage","floor":21.0,"gold_loss":0.0,"damage_taken":0.0,"relics_obtained":["WarpedTongs"],"cards_obtained":["Pain"]},{"damage_healed":0.0,"max_hp_gain":0.0,"max_hp_loss":0.0,"gold_gain":0.0,"event_name":"Ghosts","player_choice":"Ignored","floor":31.0,"gold_loss":0.0,"damage_taken":0.0},{"cards_removed":["Defend_B"],"damage_healed":0.0,"max_hp_gain":0.0,"max_hp_loss":0.0,"gold_gain":0.0,"event_name":"Falling","player_choice":"Removed Skill","floor":36.0,"gold_loss":0.0,"damage_taken":0.0},{"damage_healed":0.0,"max_hp_gain":0.0,"max_hp_loss":4.0,"gold_gain":0.0,"event_name":"Winding Halls","player_choice":"Max HP","floor":37.0,"gold_loss":0.0,"damage_taken":0.0},{"damage_healed":0.0,"max_hp_gain":0.0,"max_hp_loss":0.0,"gold_gain":0.0,"event_name":"MindBloom","player_choice":"Fight","floor":41.0,"gold_loss":0.0,"damage_taken":0.0}],"is_beta":false,"boss_relics":[{"not_picked":["Empty Cage","Velvet Choker"],"picked":"Inserter"},{"not_picked":["Black Star","Nuclear Battery"],"picked":"Coffee Dripper"}],"items_purged_floors":[29,39],"is_endless":false,"potions_floor_spawned":[2,10,13,20,22,33,40,41,45,46,48,54],"ascension_level":9}}