{"host":"6xsbn6ynqlzwllfm","time":1608915383,"event":{"mods":["2.2 Compatiblity","BaseMod","Bestiary","Colored Map","Colored Powertips","Curses Come First","Downfall","Highlight Path","Keyboard Shortcuts","Minty Spire (QoL Compilation)","Quick Restart","Relic Stats","Slay the Relics Exporter","StSLib","SuperFastMode"],"gold_per_floor":[115,115,40,58,133,162,162,132,132,132,152,187,204,219,219,293,293,313,313,313,51,71,71,97,97,123,123,123],"floor_reached":27,"playtime":627,"items_purged":["Strike_R"],"score":528,"play_id":"6789f865-51e3-4ae3-82ef-fa0c6cd1d59e","local_time":"20201225115623","is_ascension_mode":true,"campfire_choices":[{"data":"Bash","floor":7,"key":"SMITH"},{"data":"Bloodletting","floor":10,"key":"SMITH"},{"data":"Uppercut","floor":15,"key":"SMITH"},{"data":"Jack Of All Trades","floor":23,"key":"SMITH"},{"data":"Offering","floor":25,"key":"SMITH"}],"circlet_count":0,"master_deck":["AscendersBane","Strike_R","Strike_R","Strike_R+1","Strike_R","Defend_R","Defend_R","Defend_R","Defend_R","Bash+1","Pommel Strike+1","Bloodletting+1","Reaper+1","Metallicize","Uppercut+1","Cleave","Offering+1","Shrug It Off","Jack Of All Trades+1","Battle Trance+1"],"relics":["Burning Blood","NeowsBlessing","Gambling Chip","Whetstone","Red Skull","Mark of Pain","Molten Egg 2","Art of War","Oddly Smooth Stone"],"acts_visited":["Exordium","TheCity"],"potions_floor_usage":[13,16,16,24,24],"damage_taken":[{"damage":0,"enemies":"2 Louse","floor":1,"turns":1},{"damage":0,"enemies":"Cultist","floor":4,"turns":1},{"damage":0,"enemies":"Gremlin Nob","floor":6,"turns":1},{"damage":17,"enemies":"Jaw Worm","floor":11,"turns":4},{"damage":36,"enemies":"3 Sentries","floor":12,"turns":10},{"damage":14,"enemies":"Looter","floor":13,"turns":3},{"damage":7,"enemies":"Lots of Slimes","floor":14,"turns":4},{"damage":48,"enemies":"Slime Boss","floor":16,"turns":10},{"damage":39,"enemies":"Spheric Guardian","floor":18,"turns":5},{"damage":18,"enemies":"2 Thieves","floor":22,"turns":3},{"damage":45,"enemies":"Slavers","floor":24,"turns":5},{"damage":30,"enemies":"Sentry and Sphere","floor":27,"turns":4}],"seed_played":"-7566240302326925752","potions_obtained":[{"floor":4,"key":"LiquidMemories"},{"floor":8,"key":"HeartOfIron"},{"floor":12,"key":"EntropicBrew"},{"floor":13,"key":"Fire Potion"},{"floor":16,"key":"Explosive Potion"},{"floor":22,"key":"BlessingOfTheForge"}],"is_trial":false,"path_per_floor":["M","?","$","M","?","E","R","?","T","R","M","E","M","M","R","B",null,"M","?","?","$","M","R","E","R","T","M"],"character_chosen":"IRONCLAD","items_purchased":["Molten Egg 2"],"campfire_rested":0,"item_purchase_floors":[21],"current_hp_per_floor":[74,74,74,75,64,70,70,70,70,70,66,48,47,71,71,35,65,40,40,28,28,32,32,26,26,26,0,0],"gold":123,"neow_bonus":"THREE_ENEMY_KILL","is_daily":false,"chose_seed":false,"campfire_upgraded":5,"win_rate":0.0,"timestamp":1608915383,"path_taken":["M","?","$","?","?","E","R","?","T","R","M","E","?","M","R","BOSS","M","?","?","$","M","R","E","R","T","M"],"items_purchased_type":["Relic"],"build_version":"2020-12-22","purchased_purges":1,"victory":false,"max_hp_per_floor":[75,75,75,75,75,75,75,75,75,75,75,75,75,75,75,75,75,75,75,75,75,75,75,75,75,75,75,75],"relic_stats":{"counters":[12,51],"Gambling Chip":[33],"Art of War":[0],"Whetstone":["Strike_R","Reaper"],"obtain_stats":[{"NeowsBlessing":0,"Gambling Chip":6,"Oddly Smooth Stone":26,"Molten Egg 2":21,"Mark of Pain":17,"Art of War":24,"Whetstone":9,"Burning Blood":0,"Red Skull":12},{"NeowsBlessing":0,"Gambling Chip":3,"Oddly Smooth Stone":11,"Molten Egg 2":9,"Mark of Pain":8,"Art of War":11,"Whetstone":3,"Burning Blood":0,"Red Skull":5},{"NeowsBlessing":0,"Gambling Chip":3,"Oddly Smooth Stone":47,"Molten Egg 2":39,"Mark of Pain":34,"Art of War":47,"Whetstone":3,"Burning Blood":0,"Red Skull":17}],"Burning Blood":61},"card_choices":[{"not_picked":["Perfected Strike","Wild Strike"],"picked":"Pommel Strike","floor":1},{"not_picked":["Searing Blow","Warcry"],"picked":"Bloodletting","floor":4},{"not_picked":["Whirlwind","Shrug It Off"],"picked":"Reaper","floor":6},{"not_picked":["Havoc","Clash"],"picked":"Metallicize","floor":12},{"not_picked":["Shrug It Off","Clash"],"picked":"Uppercut","floor":13},{"not_picked":["Pommel Strike","Warcry"],"picked":"Cleave","floor":14},{"not_picked":["Berserk","Reaper"],"picked":"Offering","floor":16},{"not_picked":["Thunderclap+1","Flex"],"picked":"Shrug It Off","floor":18},{"not_picked":["Burning Pact","Fire Breathing"],"picked":"Battle Trance+1","floor":24}],"player_experience":1254567,"relics_obtained":[{"floor":6,"key":"Gambling Chip"},{"floor":9,"key":"Whetstone"},{"floor":12,"key":"Red Skull"},{"floor":24,"key":"Art of War"},{"floor":26,"key":"Oddly Smooth Stone"}],"event_choices":[{"damage_healed":0,"gold_gain":0,"player_choice":"Upgraded","damage_taken":0,"max_hp_gain":0,"max_hp_loss":0,"event_name":"Upgrade Shrine","floor":2,"gold_loss":0,"cards_upgraded":["Pommel Strike"]},{"damage_healed":0,"gold_gain":75,"player_choice":"Gather Gold","damage_taken":11,"max_hp_gain":0,"max_hp_loss":0,"event_name":"World of Goop","floor":5,"gold_loss":0},{"damage_healed":0,"gold_gain":0,"player_choice":"Bought 2 Potions","damage_taken":0,"max_hp_gain":0,"max_hp_loss":0,"event_name":"The Woman in Blue","floor":8,"gold_loss":0},{"damage_healed":0,"gold_gain":0,"player_choice":"Ignored","damage_taken":0,"max_hp_gain":0,"max_hp_loss":0,"event_name":"Ghosts","floor":19,"gold_loss":0},{"damage_healed":0,"gold_gain":0,"player_choice":"CARD ","damage_taken":12,"max_hp_gain":0,"max_hp_loss":0,"event_name":"Knowing Skull","floor":20,"potions_obtained":[],"gold_loss":0,"cards_obtained":["Jack Of All Trades"]},{"damage_healed":0,"gold_gain":0,"player_choice":"CARD ","damage_taken":12,"max_hp_gain":0,"max_hp_loss":0,"event_name":"Knowing Skull","floor":20,"potions_obtained":[],"gold_loss":0,"cards_obtained":["Jack Of All Trades"]}],"is_beta":false,"boss_relics":[{"not_picked":["Calling Bell","Black Blood"],"picked":"Mark of Pain"}],"items_purged_floors":[3],"is_endless":false,"potions_floor_spawned":[4,12,13,16,22],"killed_by":"Sentry and Sphere","ascension_level":20}}