{"host":"qxeepl7ydvsgmfdb","time":1608895220,"event":{"mods":["AchievementEnabler","BaseMod","Colored Powertips","Minty Spire (QoL Compilation)","Quick Restart","slay the spire mod where everything is the same but ironclad has a cowboy hat"],"gold_per_floor":[117,192,140,140,140,140,151,184,196,238,250,289,301,313,325,460,472,507,519,84,84,84,115,115,131,131,155,155,10,10,23,23,23,23],"floor_reached":33,"playtime":1040,"items_purged":["Injury"],"score":403,"play_id":"be2381e0-3b08-4db7-9190-6b585792fd02","local_time":"20201225062020","is_ascension_mode":true,"campfire_choices":[{"data":"Deadly Poison","floor":6,"key":"SMITH"},{"floor":15,"key":"REST"},{"floor":28,"key":"REST"},{"floor":32,"key":"REST"}],"circlet_count":0,"master_deck":["Strike_G","Strike_G","Strike_G","Strike_G","Strike_G","Defend_G","Defend_G","Defend_G","Defend_G","Defend_G","Survivor","Neutralize","Poisoned Stab","Deadly Poison+1","Acrobatics","Cloak And Dagger","All Out Attack","Cloak And Dagger","Quick Slash+1","Footwork","Blade Dance","Decay","Dagger Spray+1"],"relics":["Ring of the Snake","NeowsBlessing","Du-Vu Doll","MawBank","Regal Pillow","Bronze Scales","Juzu Bracelet","Bloody Idol","WristBlade","Lee\u0027s Waffle","Bag of Marbles","Vajra","Blue Candle","MealTicket"],"acts_visited":["Exordium","TheCity"],"potions_floor_usage":[10,23,23,33],"damage_taken":[{"damage":0,"enemies":"Jaw Worm","floor":1,"turns":1},{"damage":0,"enemies":"2 Louse","floor":7,"turns":1},{"damage":0,"enemies":"Lagavulin","floor":8,"turns":1},{"damage":23,"enemies":"Gremlin Nob","floor":10,"turns":4},{"damage":28,"enemies":"3 Sentries","floor":12,"turns":6},{"damage":27,"enemies":"Hexaghost","floor":16,"turns":9},{"damage":24,"enemies":"2 Thieves","floor":18,"turns":4},{"damage":59,"enemies":"Gremlin Leader","floor":23,"turns":6},{"damage":7,"enemies":"Shell Parasite","floor":25,"turns":3},{"damage":10,"enemies":"Cultist and Chosen","floor":27,"turns":4},{"damage":42,"enemies":"Shelled Parasite and Fungi","floor":31,"turns":4},{"damage":65,"enemies":"Champ","floor":33,"turns":5}],"seed_played":"-1650736432310266184","potions_obtained":[{"floor":7,"key":"AttackPotion"},{"floor":12,"key":"Energy Potion"},{"floor":18,"key":"ColorlessPotion"},{"floor":25,"key":"GamblersBrew"},{"floor":27,"key":"CultistPotion"},{"floor":31,"key":"FearPotion"}],"is_trial":false,"path_per_floor":["M","?","$","?","$","R","M","E","T","E","$","E","?","?","R","B",null,"M","?","$","?","?","E","?","M","T","M","R","$","?","M","R","B"],"character_chosen":"THE_SILENT","items_purchased":["Deadly Poison","Lee\u0027s Waffle","Bag of Marbles","Footwork","MealTicket"],"campfire_rested":3,"item_purchase_floors":[3,20,20,20,29],"current_hp_per_floor":[70,59,59,56,56,56,56,56,56,33,33,5,5,5,41,14,56,32,55,77,77,87,28,28,21,21,11,52,52,52,15,56,0,0],"gold":23,"neow_bonus":"THREE_ENEMY_KILL","is_daily":false,"chose_seed":false,"campfire_upgraded":1,"win_rate":0.0,"timestamp":1608895220,"path_taken":["M","?","$","?","$","R","M","E","T","E","$","E","?","?","R","BOSS","M","?","?","?","?","E","?","M","T","M","R","$","?","M","R","BOSS"],"items_purchased_type":["Card","Relic","Relic","Card","Relic"],"build_version":"2020-12-22","purchased_purges":1,"victory":false,"max_hp_per_floor":[70,70,70,70,70,70,70,70,70,70,70,70,70,70,70,70,70,70,70,77,77,87,87,87,87,87,87,87,87,87,87,87,87,87],"card_choices":[{"not_picked":["Acrobatics","Dodge and Roll"],"picked":"Poisoned Stab","floor":1},{"not_picked":["Predator","Bane"],"picked":"Acrobatics","floor":7},{"not_picked":["Finisher","Acrobatics"],"picked":"Cloak And Dagger","floor":8},{"not_picked":["Skewer","Dash"],"picked":"All Out Attack","floor":10},{"not_picked":["Dash","Terror"],"picked":"Cloak And Dagger","floor":12},{"not_picked":["Glass Knife","Doppelganger"],"picked":"Corpse Explosion","floor":16},{"not_picked":["Prepared","Poisoned Stab"],"picked":"Quick Slash+1","floor":18},{"not_picked":["Heel Hook+1","Cloak And Dagger+1"],"picked":"Blade Dance","floor":23},{"not_picked":["Quick Slash+1","All Out Attack+1"],"picked":"Dagger Spray+1","floor":25},{"not_picked":["Quick Slash","Underhanded Strike+1","Dash"],"picked":"SKIP","floor":27},{"not_picked":["Cloak And Dagger","Riddle With Holes","Distraction"],"picked":"SKIP","floor":31}],"player_experience":376488,"relics_obtained":[{"floor":8,"key":"MawBank"},{"floor":9,"key":"Regal Pillow"},{"floor":10,"key":"Bronze Scales"},{"floor":12,"key":"Juzu Bracelet"},{"floor":23,"key":"Vajra"},{"floor":26,"key":"Blue Candle"}],"event_choices":[{"damage_healed":0,"gold_gain":75,"player_choice":"Gather Gold","damage_taken":11,"max_hp_gain":0,"max_hp_loss":0,"event_name":"World of Goop","floor":2,"gold_loss":0},{"damage_healed":0,"gold_gain":0,"player_choice":"Success","damage_taken":3,"relics_obtained":["Du-Vu Doll"],"max_hp_gain":0,"max_hp_loss":0,"event_name":"Scrap Ooze","floor":4,"gold_loss":0},{"damage_healed":0,"gold_gain":0,"player_choice":"Ignored","damage_taken":0,"max_hp_gain":0,"max_hp_loss":0,"event_name":"Shining Light","floor":13,"gold_loss":0},{"damage_healed":0,"gold_gain":0,"player_choice":"Take Wound","damage_taken":0,"relics_obtained":["Golden Idol"],"max_hp_gain":0,"max_hp_loss":0,"event_name":"Golden Idol","floor":14,"gold_loss":0,"cards_obtained":["Injury"]},{"damage_healed":23,"gold_gain":0,"player_choice":"Heal","damage_taken":0,"max_hp_gain":0,"max_hp_loss":0,"event_name":"The Library","floor":19,"gold_loss":0},{"cards_removed":["Corpse Explosion"],"damage_healed":0,"gold_gain":0,"player_choice":"Offered Rare","damage_taken":0,"max_hp_gain":10,"max_hp_loss":0,"event_name":"Bonfire Elementals","floor":22,"gold_loss":0},{"damage_healed":0,"gold_gain":0,"player_choice":"Cursed","damage_taken":0,"max_hp_gain":0,"max_hp_loss":0,"event_name":"Wheel of Change","floor":24,"gold_loss":0,"cards_obtained":["Decay"]},{"damage_healed":0,"gold_gain":0,"player_choice":"Gave Idol","damage_taken":0,"relics_obtained":["Bloody Idol"],"max_hp_gain":0,"max_hp_loss":0,"event_name":"Forgotten Altar","floor":30,"relics_lost":["Golden Idol"],"gold_loss":0}],"is_beta":false,"boss_relics":[{"not_picked":["Tiny House","Busted Crown"],"picked":"WristBlade"}],"items_purged_floors":[20],"is_endless":false,"potions_floor_spawned":[7,12,18,25,27,31],"killed_by":"Champ","ascension_level":5}}