{"host":"0285y92tozoijo7k","time":1608899744,"event":{"mods":["AchievementEnabler","Act Like it!","BaseMod","Colored Map","DeckTracker","Keyboard Shortcuts","Minty Spire (QoL Compilation)","Permanent Neow","StSLib","SuperFastMode"],"gold_per_floor":[109,121,121,139,157,157,187,187,187,205,130,146,146,221,221,221,221],"floor_reached":16,"playtime":427,"items_purged":["Strike_G"],"score":184,"play_id":"f0ac7d3a-88a6-4642-b983-fdac159e95c3","local_time":"20201225213544","is_ascension_mode":true,"campfire_choices":[{"data":"Bouncing Flask","floor":6,"key":"SMITH"},{"data":"Acrobatics","floor":8,"key":"SMITH"},{"data":"Envenom","floor":13,"key":"SMITH"},{"data":"Reflex","floor":15,"key":"SMITH"}],"circlet_count":0,"master_deck":["AscendersBane","Strike_G","Strike_G","Strike_G","Strike_G","Defend_G","Defend_G","Defend_G","Defend_G","Defend_G","Survivor","Neutralize","Reflex+1","Bouncing Flask+1","Backstab","Acrobatics+1","Dagger Throw","Wraith Form v2","Envenom+1"],"relics":["Ring of the Snake","Orichalcum","Matryoshka","Pear","FossilizedHelix"],"acts_visited":["Exordium"],"potions_floor_usage":[7,7],"damage_taken":[{"damage":4,"enemies":"Small Slimes","floor":1,"turns":5},{"damage":4,"enemies":"Cultist","floor":2,"turns":5},{"damage":4,"enemies":"Jaw Worm","floor":4,"turns":3},{"damage":2,"enemies":"Looter","floor":5,"turns":3},{"damage":7,"enemies":"Lagavulin","floor":7,"turns":4},{"damage":12,"enemies":"Exordium Wildlife","floor":10,"turns":5},{"damage":0,"enemies":"3 Louse","floor":12,"turns":4},{"damage":16,"enemies":"Slime Boss","floor":16,"turns":7}],"seed_played":"-7795500638580161221","potions_obtained":[{"floor":1,"key":"Strength Potion"},{"floor":2,"key":"Ancient Potion"},{"floor":3,"key":"DistilledChaos"}],"is_trial":false,"path_per_floor":["M","M","?","M","M","R","E","R","T","M","$","M","R","?","R","B"],"character_chosen":"THE_SILENT","items_purchased":[],"campfire_rested":0,"item_purchase_floors":[],"current_hp_per_floor":[55,51,51,47,45,45,38,38,48,36,36,36,36,25,25,9,9],"gold":221,"neow_bonus":"RANDOM_COMMON_RELIC","is_daily":false,"chose_seed":false,"campfire_upgraded":4,"win_rate":0.0,"timestamp":1608899744,"path_taken":["M","M","?","?","M","R","E","R","T","M","$","M","R","?","R","BOSS"],"items_purchased_type":[],"build_version":"2020-12-22","purchased_purges":1,"victory":false,"max_hp_per_floor":[66,66,66,66,66,66,66,66,76,76,76,76,76,76,76,76,76],"card_choices":[{"not_picked":["Escape Plan","Infinite Blades"],"picked":"Reflex","floor":1},{"not_picked":["Concentrate","Flying Knee"],"picked":"Bouncing Flask","floor":2},{"not_picked":["Blur","Quick Slash"],"picked":"Backstab","floor":4},{"not_picked":["Backflip","Eviscerate"],"picked":"Acrobatics","floor":5},{"not_picked":["Slice","Heel Hook"],"picked":"Dagger Throw","floor":7},{"not_picked":["Finisher","Flying Knee"],"picked":"Wraith Form v2","floor":10},{"not_picked":["Sucker Punch","Dodge and Roll"],"picked":"Envenom","floor":12}],"player_experience":379412,"relics_obtained":[{"floor":7,"key":"Matryoshka"},{"floor":9,"key":"Pear"},{"floor":9,"key":"FossilizedHelix"}],"event_choices":[{"damage_healed":0,"gold_gain":0,"player_choice":"Got Potions","damage_taken":0,"max_hp_gain":0,"max_hp_loss":0,"event_name":"Lab","floor":3,"gold_loss":0},{"damage_healed":0,"gold_gain":75,"player_choice":"Gather Gold","damage_taken":11,"max_hp_gain":0,"max_hp_loss":0,"event_name":"World of Goop","floor":14,"gold_loss":0}],"is_beta":false,"boss_relics":[],"items_purged_floors":[11],"is_endless":false,"potions_floor_spawned":[1,2,5],"killed_by":"Slime Boss","ascension_level":16}}