{"host":"ivx814w8r949vc3j","time":1608890939,"event":{"mods":["AchievementEnabler","Act Like it!","BaseMod","Bestiary","Colored Powertips","Marisa????????","Minty Spire (QoL Compilation)","StSLib","The Servant 0.9.4","UnlockEverythingMod"],"gold_per_floor":[216,232,182,182,196,196,196,27,74,91,110,35,50,70,70,166,166,181,181,201,211,36,51,51,51,51],"floor_reached":25,"playtime":1199,"items_purged":["Regret","Defend_MRS"],"score":207,"play_id":"0889f97e-d640-41a0-be8b-11713a812bb3","local_time":"20201225110859","is_ascension_mode":false,"campfire_choices":[{"data":"FairyDestructionRay","floor":6,"key":"SMITH"},{"data":"OrrerysSun","floor":15,"key":"SMITH"},{"data":"Apotheosis","floor":24,"key":"SMITH"}],"circlet_count":0,"master_deck":["Strike_MRS","Strike_MRS","Strike_MRS","Defend_MRS","Defend_MRS","Defend_MRS","MasterSpark","UpSweep","DC","FairyDestructionRay+1","Apotheosis+1","DoubleSpark","ShootTheMoon","OrrerysSun+1","PropBag","PulseMagic","DarkMatter","OrrerysSun","GrandCross+1"],"relics":["MiniHakkero","Art of War","Nunchaku","Sozu","Letter Opener"],"acts_visited":["Exordium","TheCity"],"potions_floor_usage":[7,10,16,16,25],"damage_taken":[{"damage":0,"enemies":"2 Louse","floor":1,"turns":2},{"damage":6,"enemies":"Jaw Worm","floor":2,"turns":3},{"damage":3,"enemies":"Cultist","floor":5,"turns":2},{"damage":0,"enemies":"Gremlin Nob","floor":7,"turns":1},{"damage":14,"enemies":"Red Slaver","floor":10,"turns":4},{"damage":5,"enemies":"Exordium Thugs","floor":11,"turns":3},{"damage":4,"enemies":"2 Fungi Beasts","floor":13,"turns":2},{"damage":7,"enemies":"Blue Slaver","floor":14,"turns":2},{"damage":26,"enemies":"Hexaghost","floor":16,"turns":8},{"damage":5,"enemies":"Shell Parasite","floor":18,"turns":4},{"damage":7,"enemies":"2 Thieves","floor":20,"turns":3},{"damage":31,"enemies":"Snecko","floor":21,"turns":6},{"damage":15,"enemies":"3 Cultists","floor":23,"turns":5},{"damage":32,"enemies":"Book of Stabbing","floor":25,"turns":4}],"seed_played":"8820116194336043564","potions_obtained":[{"floor":2,"key":"ShroomBrew"},{"floor":5,"key":"EssenceOfSteel"},{"floor":11,"key":"Weak Potion"},{"floor":13,"key":"GamblersBrew"},{"floor":16,"key":"Strength Potion"}],"is_trial":false,"path_per_floor":["M","M","?","?","M","R","E","$","T","M","M","$","M","M","R","B",null,"M","?","M","M","$","M","R","E"],"character_chosen":"MARISA","items_purchased":["Apotheosis","OrrerysSun"],"campfire_rested":0,"item_purchase_floors":[8,22],"current_hp_per_floor":[75,69,69,69,66,66,66,66,66,52,47,47,43,36,36,10,75,70,85,78,47,47,32,32,0,0],"gold":51,"neow_bonus":"HUNDRED_GOLD","is_daily":false,"chose_seed":false,"campfire_upgraded":3,"win_rate":0.0,"timestamp":1608890939,"path_taken":["M","M","?","?","M","R","E","$","T","?","M","?","M","M","R","BOSS","M","?","M","M","$","M","R","E"],"items_purchased_type":["Card","Card"],"build_version":"2020-12-22","purchased_purges":2,"victory":false,"max_hp_per_floor":[75,75,75,75,75,75,75,75,75,75,75,75,75,75,75,75,75,75,85,85,85,85,85,85,85,85],"card_choices":[{"not_picked":["WitchLeyline","LuminesStrike"],"picked":"DC","floor":1},{"not_picked":["GravityBeat","MysteriousBeam"],"picked":"FairyDestructionRay","floor":2},{"not_picked":["GalacticHalo","IllusionStar","MeteoricShower"],"picked":"SKIP","floor":5},{"not_picked":["GravityBeat","IllusionStar"],"picked":"DoubleSpark","floor":10},{"not_picked":["ShootingEcho","GravityBeat"],"picked":"ShootTheMoon","floor":11},{"not_picked":["OneTimeOff","DoubleSpark","MachineGunSpark"],"picked":"SKIP","floor":13},{"not_picked":["IllusionStar","ShootTheMoon"],"picked":"OrrerysSun","floor":14},{"not_picked":["CollectingQuirk","BlazingStar"],"picked":"MaximisePower","floor":16},{"not_picked":["GravityBeat","GasGiant"],"picked":"PropBag","floor":18},{"not_picked":["GalacticHalo","DoubleSpark"],"picked":"PulseMagic","floor":20},{"not_picked":["Acceleration","LuminesStrike"],"picked":"DarkMatter","floor":21},{"not_picked":["GalacticHalo","Acceleration"],"picked":"GrandCross+1","floor":23}],"player_experience":156617,"relics_obtained":[{"floor":9,"key":"Nunchaku"}],"event_choices":[{"cards_removed":["Strike_MRS"],"damage_healed":0,"gold_gain":0,"player_choice":"Card Removal","damage_taken":0,"max_hp_gain":0,"max_hp_loss":0,"event_name":"The Cleric","floor":3,"gold_loss":50},{"damage_healed":0,"gold_gain":0,"player_choice":"Box","damage_taken":0,"relics_obtained":["Art of War"],"max_hp_gain":0,"max_hp_loss":0,"event_name":"Big Fish","floor":4,"gold_loss":0,"cards_obtained":["Regret"]},{"cards_removed":["MaximisePower"],"damage_healed":5,"gold_gain":0,"player_choice":"Offered Rare","damage_taken":0,"max_hp_gain":10,"max_hp_loss":0,"event_name":"Bonfire Elementals","floor":19,"gold_loss":0}],"is_beta":false,"boss_relics":[{"not_picked":["Velvet Choker","Pandora\u0027s Box"],"picked":"Sozu"}],"items_purged_floors":[12,22],"is_endless":false,"potions_floor_spawned":[2,5,11,13,16,23],"killed_by":"Book of Stabbing","ascension_level":0}}