{"host":"9vecvdjkx64cw9bo","time":1608883678,"event":{"mods":["BaseMod","Custom Start","Keyboard Shortcuts","Minty Spire (QoL Compilation)","Quick Restart","StSLib","SuperFastMode"],"gold_per_floor":[110,110,127,52,52,83,83,110,410,429,429,429],"floor_reached":11,"playtime":184,"items_purged":["Strike_G"],"score":212,"play_id":"a356ddef-200e-4e06-afff-0bdc2052db0b","local_time":"20201225170758","is_ascension_mode":true,"campfire_choices":[{"data":"Terror","floor":7,"key":"SMITH"}],"circlet_count":0,"master_deck":["AscendersBane","Strike_G","Strike_G","Strike_G","Strike_G","Defend_G","Defend_G","Defend_G","Defend_G","Defend_G","Survivor","Neutralize","PiercingWail","Terror+1","Blade Dance","Grand Finale"],"relics":["Ring of the Snake","NeowsBlessing","Tingsha","Bag of Marbles","Eternal Feather","Old Coin"],"acts_visited":["Exordium"],"potions_floor_usage":[],"damage_taken":[{"damage":0,"enemies":"Small Slimes","floor":1,"turns":1},{"damage":0,"enemies":"Cultist","floor":3,"turns":1},{"damage":0,"enemies":"Lagavulin","floor":6,"turns":1},{"damage":43,"enemies":"3 Sentries","floor":8,"turns":13},{"damage":3,"enemies":"2 Louse","floor":10,"turns":2},{"damage":25,"enemies":"Lagavulin","floor":11,"turns":8}],"seed_played":"-9029013243129265184","potions_obtained":[{"floor":1,"key":"CunningPotion"},{"floor":8,"key":"Ancient Potion"}],"is_trial":false,"path_per_floor":["M","?","M","$","?","E","R","E","T","M","E"],"character_chosen":"THE_SILENT","items_purchased":[],"campfire_rested":0,"item_purchase_floors":[],"current_hp_per_floor":[59,59,59,59,59,59,59,16,16,13,0,0],"gold":429,"neow_bonus":"THREE_ENEMY_KILL","is_daily":false,"chose_seed":false,"campfire_upgraded":1,"win_rate":0.0,"timestamp":1608883678,"path_taken":["M","?","M","?","?","E","R","E","T","M","E"],"items_purchased_type":[],"build_version":"2020-12-22","purchased_purges":1,"victory":false,"max_hp_per_floor":[66,66,66,66,66,66,66,66,66,66,66,66],"card_choices":[{"not_picked":["Cloak And Dagger","Dagger Spray"],"picked":"PiercingWail","floor":1},{"not_picked":["Bane","Outmaneuver"],"picked":"Terror","floor":3},{"not_picked":["All Out Attack","Choke"],"picked":"Blade Dance","floor":6},{"not_picked":["Outmaneuver","Caltrops"],"picked":"Grand Finale","floor":8},{"not_picked":["Deadly Poison","Blade Dance","All Out Attack"],"picked":"SKIP","floor":10}],"player_experience":774713,"relics_obtained":[{"floor":2,"key":"Tingsha"},{"floor":6,"key":"Bag of Marbles"},{"floor":8,"key":"Eternal Feather"},{"floor":9,"key":"Old Coin"}],"event_choices":[{"damage_healed":0,"gold_gain":0,"player_choice":"Relic","damage_taken":0,"max_hp_gain":0,"max_hp_loss":0,"event_name":"Wheel of Change","floor":2,"gold_loss":0},{"damage_healed":0,"gold_gain":0,"player_choice":"Leave","damage_taken":0,"max_hp_gain":0,"max_hp_loss":0,"event_name":"The Cleric","floor":5,"gold_loss":0}],"is_beta":false,"boss_relics":[],"items_purged_floors":[4],"is_endless":false,"potions_floor_spawned":[1,8,10],"killed_by":"Lagavulin","ascension_level":20}}