{"host":"bbld1ic1uj90ldt9","time":1608932272,"event":{"mods":["2.2 Compatiblity","AchievementEnabler","Act Like it!","BaseMod","Better Third Choice","Conspire","Downfall","Emptier Cage","Gensokyo","Hallownest","Hermit","Highlight Path","Hubris","Marisa????????","Minty Spire (QoL Compilation)","Random Character Button","Replay The Spire","StSLib","The Animator","The Bug Knight","The Cursed","The Disciple","The Hierophant","The Jungle","The Runesmith","The Servant 0.9.4"],"gold_per_floor":[113,125,125,142,142,171,171,171,171],"floor_reached":8,"playtime":643,"items_purged":[],"score":79,"play_id":"feec78f1-688c-4aed-9049-6eb004bb16d0","local_time":"20201225223752","is_ascension_mode":true,"campfire_choices":[{"floor":7,"key":"REST"}],"circlet_count":0,"master_deck":["AscendersBane","Strike_R","Strike_R","Strike_R","Strike_R","Strike_R","Defend_R","Defend_R","Defend_R","Defend_R+1","Bash","True Grit","Combust","Fire Breathing","Shrug It Off"],"relics":["Burning Blood","Hallownest:DreamNailRelic","Letter Opener"],"acts_visited":["Hallownest:Greenpath"],"potions_floor_usage":[],"damage_taken":[{"damage":21,"enemies":"Hallownest:2_Tiktiks_and_1_Crawlid","floor":1,"turns":10},{"damage":9,"enemies":"Hallownest:2_MossCreeps","floor":2,"turns":12},{"damage":5,"enemies":"Hallownest:monsterHuskWarrior","floor":4,"turns":4},{"damage":39,"enemies":"Hallownest:eliteMossKnight","floor":6,"turns":17},{"damage":62,"enemies":"Hallownest:eliteCrystalGuardian","floor":8,"turns":8}],"seed_played":"-7461797268776838444","potions_obtained":[{"floor":6,"key":"ColorlessPotion"}],"is_trial":false,"path_per_floor":["M","M","?","M","?","E","R","E"],"character_chosen":"IRONCLAD","items_purchased":[],"campfire_rested":1,"item_purchase_floors":[],"current_hp_per_floor":[65,62,62,63,63,30,56,0,0],"gold":171,"neow_bonus":"TEN_PERCENT_HP_BONUS","is_daily":false,"chose_seed":false,"campfire_upgraded":0,"win_rate":0.0,"timestamp":1608932272,"path_taken":["M","M","?","?","?","E","R","E"],"items_purchased_type":[],"build_version":"2020-12-22","purchased_purges":0,"victory":false,"max_hp_per_floor":[88,88,88,88,88,88,88,88,88],"card_choices":[{"not_picked":["Cleave","Dropkick"],"picked":"True Grit","floor":1},{"not_picked":["Massacre","Twin Strike"],"picked":"Combust","floor":2},{"not_picked":["Inflame","Headbutt"],"picked":"Fire Breathing","floor":4},{"not_picked":["Corruption","Hemokinesis"],"picked":"Shrug It Off","floor":6}],"player_experience":2163562,"relics_obtained":[{"floor":6,"key":"Letter Opener"}],"event_choices":[],"is_beta":false,"boss_relics":[],"items_purged_floors":[],"is_endless":false,"potions_floor_spawned":[6],"killed_by":"Hallownest:eliteCrystalGuardian","ascension_level":10}}