{"host":"ze754j8gfb8asmsl","time":1608883149,"event":{"mods":["BaseMod","Lobotomy","LobotomyExtend","Marisa（F雨　魔理沙）","Minty Spire (QoL Compilation)","Quick Restart","Relic Stats","Replay The Spire","RumiaBox-露米娅的神秘盒子","Shop Mod","StSLib","vexMod","【东方二次创作】八云紫mod","【功能Mod】混沌之环修复补丁","【遗物卡牌】REMEMod"],"gold_per_floor":[113,124,135,147,157,157,191,191,218,228,153,173,173,173,173,246,246,265,281,299,199,0,0,18,46,69,79,79,54,89,103,103,176,176,193,206,166,185,200,200,210,225,225,252,67,101,156,168,168,168],"floor_reached":51,"playtime":2298,"items_purged":["Normality","Pain"],"score":1779,"play_id":"3498255d-9a33-42a0-8c42-5fff14d501e4","local_time":"20201225155909","is_ascension_mode":true,"campfire_choices":[{"data":"GalacticHalo","floor":6,"key":"SMITH"},{"data":"PropBag","floor":8,"key":"SMITH"},{"floor":23,"key":"REST"},{"floor":32,"key":"REST"},{"data":"UltimateShortwave","floor":40,"key":"SMITH"},{"data":"Defend_MRS","floor":49,"key":"PURGE"}],"circlet_count":0,"master_deck":["AscendersBane","Strike_MRS","Strike_MRS","Strike_MRS+1","Strike_MRS","Defend_MRS+1","Defend_MRS","Defend_MRS","MasterSpark","UpSweep","Master of Strategy","PowerUp","OrrerysSun","PowerUp","GalacticHalo+1","PropBag+1","NonDirectionalLaser+1","DeepEcoloBomb","MysteriousBeam","OortCloud","StarBarrage","Acceleration","MilkyWay","UltimateShortwave+1","MilkyWay","EarthLightRay","Acceleration","Parasite","MilkyWay","Mayhem"],"relics":["MiniHakkero","REME_ComplimentaryCards","Cursed Key","AddBug","SecretRecord","SecretRecord","SecretRecord","SecretRecord","SecretRecord","SecretRecord","SecretRecord","SecretRecord","SecretRecord","SecretRecord","SecretRecord","SecretRecord","Baka2","SecretRecord","SecretRecord","SecretRecord","SecretRecord","SecretRecord"],"acts_visited":["Exordium","TheCity","TheBeyond"],"potions_floor_usage":[12,13,13,30,39,41,47,50,50],"damage_taken":[{"damage":8,"enemies":"Small Slimes","floor":1,"turns":3},{"damage":0,"enemies":"2 Louse","floor":2,"turns":2},{"damage":6,"enemies":"Jaw Worm","floor":3,"turns":4},{"damage":14,"enemies":"Exordium Thugs","floor":4,"turns":3},{"damage":9,"enemies":"Looter","floor":5,"turns":2},{"damage":2,"enemies":"Lagavulin","floor":7,"turns":5},{"damage":7,"enemies":"Red Slaver","floor":10,"turns":2},{"damage":10,"enemies":"Lots of Slimes","floor":12,"turns":3},{"damage":4,"enemies":"Gremlin Nob","floor":13,"turns":2},{"damage":10,"enemies":"The Guardian","floor":16,"turns":5},{"damage":13,"enemies":"Chosen","floor":18,"turns":3},{"damage":40,"enemies":"2 Thieves","floor":19,"turns":3},{"damage":4,"enemies":"Cultist and Chosen","floor":20,"turns":3},{"damage":3,"enemies":"Chosen and Byrds","floor":24,"turns":3},{"damage":0,"enemies":"REME_1_Revenger","floor":25,"turns":2},{"damage":0,"enemies":"Snake Plant","floor":27,"turns":1},{"damage":1,"enemies":"Gremlin Leader","floor":30,"turns":2},{"damage":0,"enemies":"Centurion and Healer","floor":31,"turns":2},{"damage":0,"enemies":"Automaton","floor":33,"turns":3},{"damage":9,"enemies":"Orb Walker","floor":35,"turns":2},{"damage":3,"enemies":"3 Shapes","floor":36,"turns":3},{"damage":0,"enemies":"Transient","floor":38,"turns":4},{"damage":0,"enemies":"3 Darklings","floor":39,"turns":2},{"damage":23,"enemies":"Writhing Mass","floor":41,"turns":2},{"damage":0,"enemies":"Jaw Worm Horde","floor":42,"turns":2},{"damage":0,"enemies":"R_Hoarder","floor":44,"turns":2},{"damage":0,"enemies":"Giant Head","floor":46,"turns":2},{"damage":28,"enemies":"Sphere and 2 Shapes","floor":47,"turns":4},{"damage":0,"enemies":"4 Shapes","floor":48,"turns":1},{"damage":0,"enemies":"Donu and Deca","floor":50,"turns":3}],"seed_played":"-3465524204795336861","potions_obtained":[{"floor":7,"key":"Fire Potion"},{"floor":10,"key":"SkillPotion"},{"floor":12,"key":"SmokeBomb"},{"floor":19,"key":"SkillPotion"},{"floor":20,"key":"SteroidPotion"},{"floor":25,"key":"Block Potion"},{"floor":31,"key":"Fire Potion"},{"floor":39,"key":"ColorlessPotion"},{"floor":42,"key":"Adrenaline Potion"},{"floor":44,"key":"SkillPotion"}],"is_trial":false,"path_per_floor":["M","M","M","M","M","R","E","R","T","M","$","M","E","?","R","B",null,"M","M","M","$","?","R","M","E","T","M","?","$","E","M","R","B",null,"M","M","?","M","M","R","M","M","T","E","$","E","M","M","R","B",null],"character_chosen":"MARISA","items_purchased":["MilkyWay","Mayhem"],"campfire_rested":2,"item_purchase_floors":[29,45],"current_hp_per_floor":[55,55,49,35,26,26,24,24,24,17,17,7,3,11,32,22,58,45,5,1,1,1,22,19,19,19,19,19,19,18,18,39,39,62,53,50,50,50,50,50,27,58,58,70,70,70,51,51,51,70],"gold":168,"neow_bonus":"CURSED_BOSS_RELIC","is_daily":false,"chose_seed":false,"campfire_upgraded":3,"win_rate":0.0,"timestamp":1608883149,"path_taken":["M","M","M","M","M","R","E","R","T","M","$","M","E","?","R","BOSS","M","M","M","$","?","R","M","E","T","M","?","$","E","?","R","BOSS","M","M","?","M","M","R","M","M","T","E","$","E","M","M","R","BOSS"],"items_purchased_type":["Card","Card"],"build_version":"2020-12-22","purchased_purges":2,"victory":true,"max_hp_per_floor":[70,70,70,70,70,70,70,70,70,70,70,70,70,70,70,70,70,70,70,70,70,70,70,70,70,70,70,70,70,70,70,70,70,70,70,70,70,70,70,70,70,70,70,70,70,70,70,70,70,70],"relic_stats":{"counters":[30,80],"Cursed Key":3,"obtain_stats":[{"Baka2":39,"AddBug":1,"SecretRecord":1,"Baka":1,"MiniHakkero":0,"Cursed Key":0,"REME_ComplimentaryCards":0},{"Baka2":23,"AddBug":1,"SecretRecord":1,"Baka":1,"MiniHakkero":0,"Cursed Key":0,"REME_ComplimentaryCards":0},{"Baka2":64,"AddBug":3,"SecretRecord":3,"Baka":3,"MiniHakkero":0,"Cursed Key":0,"REME_ComplimentaryCards":0}]},"card_choices":[{"not_picked":["GravityBeat","GrandCross"],"picked":"PowerUp","floor":1},{"not_picked":["6A","DC"],"picked":"OrrerysSun","floor":2},{"not_picked":["6A","GrandCross"],"picked":"PowerUp","floor":3},{"not_picked":["DC","BigCrunch","ChargeUpSpray"],"picked":"SKIP","floor":4},{"not_picked":["PulseMagic","LuminesStrike"],"picked":"GalacticHalo","floor":5},{"not_picked":["MagicAbsorber","EarthLightRay"],"picked":"PropBag","floor":7},{"not_picked":["GrandCross","GravityBeat","SprinkleStarSeal"],"picked":"SKIP","floor":10},{"not_picked":["PulseMagic","GravityBeat"],"picked":"NonDirectionalLaser","floor":12},{"not_picked":["DoubleSpark","LuminesStrike"],"picked":"DeepEcoloBomb","floor":18},{"not_picked":["IllusionStar","MagicAbsorber"],"picked":"MysteriousBeam","floor":19},{"not_picked":["UnstableBomb","PropBag+1"],"picked":"OortCloud","floor":20},{"not_picked":["MysteriousBeam","IllusionStar"],"picked":"StarBarrage","floor":24},{"not_picked":["OrrerysSun","FairyDestructionRay","EnergyRecoil"],"picked":"SKIP","floor":25},{"not_picked":["MagicChant","UnstableBomb+1"],"picked":"Acceleration","floor":27},{"not_picked":["WitchLeyline","SporeBomb","AsteroidBelt"],"picked":"SKIP","floor":30},{"not_picked":["GalacticHalo","DarkMatter","AlicesGift"],"picked":"SKIP","floor":31},{"not_picked":["AbsoluteMagnitude","SuperNova"],"picked":"UltimateShortwave","floor":33},{"not_picked":["SporeBomb","GrandCross","WitchOfGreed"],"picked":"SKIP","floor":35},{"not_picked":["MagicAbsorber","ShootingEcho","GasGiant+1"],"picked":"SKIP","floor":36},{"not_picked":["AsteroidBelt+1","WitchOfGreed"],"picked":"MilkyWay","floor":38},{"not_picked":["LuminesStrike","MysteriousBeam+1"],"picked":"EarthLightRay","floor":39},{"not_picked":["EventHorizon","SprinkleStarSeal","WitchLeyline"],"picked":"SKIP","floor":41},{"not_picked":["DarkSpark+1","EscapeVelocity"],"picked":"Acceleration","floor":42},{"not_picked":["GalacticHalo","PowerUp"],"picked":"MilkyWay","floor":44},{"not_picked":["DC","DarkMatter","IllusionStar"],"picked":"SKIP","floor":46},{"not_picked":["GravityBeat+1","6A","SporeBomb"],"picked":"SKIP","floor":47},{"not_picked":["WitchLeyline","ChargeUpSpray","SporeBomb"],"picked":"SKIP","floor":48}],"player_experience":149737,"relics_obtained":[{"floor":1,"key":"Baka"},{"floor":1,"key":"AddBug"},{"floor":1,"key":"LetterFromLob"},{"floor":2,"key":"LetterFromLob"},{"floor":3,"key":"LetterFromLob"},{"floor":4,"key":"SecretRecord"},{"floor":4,"key":"LetterFromLob"},{"floor":5,"key":"LetterFromLob"},{"floor":7,"key":"Replay:Wax Seal"},{"floor":7,"key":"LetterFromLob"},{"floor":9,"key":"ZombieArmy"},{"floor":10,"key":"LetterFromLob"},{"floor":12,"key":"SecretRecord"},{"floor":12,"key":"LetterFromLob"},{"floor":16,"key":"LetterFromLob"},{"floor":18,"key":"SecretRecord"},{"floor":18,"key":"LetterFromLob"},{"floor":19,"key":"LetterFromLob"},{"floor":20,"key":"LetterFromLob"},{"floor":24,"key":"SecretRecord"},{"floor":24,"key":"LetterFromLob"},{"floor":25,"key":"SecretRecord"},{"floor":25,"key":"Bronze Scales"},{"floor":25,"key":"LetterFromLob"},{"floor":26,"key":"Smiling Mask"},{"floor":27,"key":"SecretRecord"},{"floor":27,"key":"LetterFromLob"},{"floor":30,"key":"SecretRecord"},{"floor":30,"key":"REME_HandOfSuture"},{"floor":30,"key":"LetterFromLob"},{"floor":31,"key":"LetterFromLob"},{"floor":33,"key":"SecretRecord"},{"floor":33,"key":"LetterFromLob"},{"floor":35,"key":"LetterFromLob"},{"floor":36,"key":"SecretRecord"},{"floor":36,"key":"LetterFromLob"},{"floor":38,"key":"SecretRecord"},{"floor":38,"key":"LetterFromLob"},{"floor":39,"key":"SecretRecord"},{"floor":39,"key":"LetterFromLob"},{"floor":39,"key":"Baka2"},{"floor":41,"key":"LetterFromLob"},{"floor":42,"key":"SecretRecord"},{"floor":42,"key":"LetterFromLob"},{"floor":43,"key":"Darkstone Periapt"},{"floor":44,"key":"SecretRecord"},{"floor":44,"key":"Mummified Hand"},{"floor":44,"key":"LetterFromLob"},{"floor":46,"key":"SecretRecord"},{"floor":46,"key":"vexMod:FocusSash"},{"floor":46,"key":"LetterFromLob"},{"floor":47,"key":"SecretRecord"},{"floor":47,"key":"LetterFromLob"},{"floor":48,"key":"SecretRecord"},{"floor":48,"key":"LetterFromLob"}],"event_choices":[{"damage_healed":0,"gold_gain":0,"player_choice":"Paid Fearfully","damage_taken":0,"max_hp_gain":0,"max_hp_loss":0,"event_name":"Masked Bandits","floor":22,"gold_loss":199},{"cards_removed":["Decay"],"damage_healed":0,"gold_gain":0,"player_choice":"Offered Curse","damage_taken":0,"relics_obtained":["Spirit Poop"],"max_hp_gain":0,"max_hp_loss":0,"event_name":"Bonfire Elementals","floor":28,"gold_loss":0},{"damage_healed":0,"gold_gain":0,"player_choice":"Upgraded Two","damage_taken":0,"max_hp_gain":0,"max_hp_loss":0,"event_name":"Designer","floor":37,"gold_loss":40,"cards_upgraded":["Strike_MRS","Defend_MRS"]}],"is_beta":false,"boss_relics":[{"not_picked":["vexMod:DeviousBotling","SacredBark"],"picked":"Fusion Hammer"},{"not_picked":["SoulBox","Tiny House"],"picked":"BewitchedHakkero"}],"items_purged_floors":[11,21],"is_endless":false,"potions_floor_spawned":[7,10,12,13,19,20,25,31,36,39,42,44],"ascension_level":14}}