{"host":"cfluht5kr2kfk9p9","time":1608920502,"event":{"mods":["ATMod(阿瑾Mod)","Act Like it!","BaseMod","Gensokyo","GungeonMod","Hallownest","Highlight Path","Minty Spire (QoL Compilation)","Quick Restart","Rare Cards Sparkle","Relic Stats","RumiaBox-露米娅的神秘盒子","Spicy Shops","StSLib","TestMod","The Alterego","【功能Mod】混沌之环修复补丁"],"gold_per_floor":[117,17,17,17,17,43,43,78,128,128,157,172,190,217,217,291,291,311,327,46,56,72,72,22,33,78,93,111,136,136,36,36,113,113,123,123,85,99,110,136,149,182,182,182,209,224,239,259,259,259,259,259,259,91,123,123],"floor_reached":57,"playtime":1527,"items_purged":["Strike_R","Strike_R"],"score":3188,"play_id":"2c9711ec-4ea7-43a0-b54f-f5abe9899030","local_time":"20201226022142","is_ascension_mode":true,"campfire_choices":[{"data":"AT_KingSlayer","floor":7.0,"key":"SMITH"},{"data":"Uppercut","floor":10.0,"key":"SMITH"},{"floor":15.0,"key":"RECALL"},{"data":"testmod-EnhanceArmerment","floor":23.0,"key":"SMITH"},{"data":"Impervious","floor":32.0,"key":"SMITH"},{"data":"Dual Wield","floor":44.0,"key":"SMITH"},{"data":"Offering","floor":49,"key":"SMITH"},{"data":"Exhume","floor":53,"key":"SMITH"}],"circlet_count":0,"master_deck":["AscendersBane","Strike_R","Strike_R","Strike_R","Defend_R+1","Defend_R+1","Defend_R","Defend_R","Bash+1","AT_KingSlayer+1","AT_ShrugMaster","Uppercut+1","Exhume+1","Impervious+1","AT_BodySlamDance+1","testmod-EnhanceArmerment+1","Offering+1","Dual Wield+1","Gensokyo:AllTheWorldsEvil","Exhume+1"],"relics":["Burning Blood","testmod-TestBox","AT_ATBox","NeowsBlessing","testmod-Prudence","Matryoshka","Potion Belt","Turnip","Blood Vial","LastBattle","Akabeko","War Paint","AT_SeraphEmbrace","Mummified Hand","Runic Pyramid","AT_ArcaneBoots","Art of War","Cursed Key","ZombieArmy","AT_SunfireAegis","Sundial","StrikeDummy","testmod-ArcanaOfDestiny","DollysMirror","AT_Manta"],"acts_visited":["Exordium","Gensokyo:Gensokyo","Gensokyo:Gensokyoer","TheEnding"],"potions_floor_usage":[56,56,56,56,56],"damage_taken":[{"damage":0.0,"enemies":"Gensokyo:Python","floor":1.0,"turns":1.0},{"damage":9.0,"enemies":"Gensokyo:Mamizou","floor":6.0,"turns":3.0},{"damage":0.0,"enemies":"Gensokyo:Aya","floor":8.0,"turns":1.0},{"damage":5.0,"enemies":"Gensokyo:Mamizou","floor":11.0,"turns":9.0},{"damage":0.0,"enemies":"Gensokyo:2_Kodama","floor":12.0,"turns":3.0},{"damage":3.0,"enemies":"Gensokyo:Gryphon","floor":13.0,"turns":4.0},{"damage":31.0,"enemies":"Gensokyo:Cirno","floor":14.0,"turns":11.0},{"damage":19.0,"enemies":"Gensokyo:Reimu","floor":16.0,"turns":12.0},{"damage":6.0,"enemies":"Gensokyo:3_Dogs","floor":18.0,"turns":7.0},{"damage":5.0,"enemies":"Gensokyo:Chomper","floor":19.0,"turns":4.0},{"damage":11.0,"enemies":"Gensokyo:Wraith","floor":21.0,"turns":4.0},{"damage":1.0,"enemies":"Gensokyo:Mirror_and_Dog","floor":22.0,"turns":2.0},{"damage":3.0,"enemies":"Gensokyo:3_Gloops","floor":25.0,"turns":4.0},{"damage":6.0,"enemies":"Gensokyo:Wraith","floor":27.0,"turns":3.0},{"damage":0.0,"enemies":"Gensokyo:Mirror_and_Dog","floor":28.0,"turns":1.0},{"damage":0.0,"enemies":"Gensokyo:Reisen","floor":29.0,"turns":1.0},{"damage":0.0,"enemies":"Gensokyo:Eiki","floor":33.0,"turns":1.0},{"damage":6.0,"enemies":"Gensokyo:3_Boulders","floor":35.0,"turns":1.0},{"damage":11.0,"enemies":"Gensokyo:3_Bats","floor":38.0,"turns":4.0},{"damage":0.0,"enemies":"Gensokyo:SeedOfUnknown","floor":39.0,"turns":2.0},{"damage":6.0,"enemies":"Gensokyo:Marisa","floor":40.0,"turns":1.0},{"damage":36.0,"enemies":"Gensokyo:4_Bats","floor":41.0,"turns":3.0},{"damage":0.0,"enemies":"Gensokyo:Kasen","floor":42.0,"turns":2.0},{"damage":6,"enemies":"Gensokyo:Doremy","floor":45,"turns":3},{"damage":6,"enemies":"Gensokyo:Sharpion","floor":46,"turns":2},{"damage":6,"enemies":"Gensokyo:Rafflesia","floor":47,"turns":3},{"damage":12,"enemies":"Gensokyo:3_Boulders","floor":48,"turns":3},{"damage":6,"enemies":"Gensokyo:Yuyuko","floor":50,"turns":1},{"damage":7,"enemies":"Gensokyo:Shinki","floor":51,"turns":4},{"damage":6,"enemies":"Shield and Spear","floor":55,"turns":1},{"damage":57,"enemies":"The Heart","floor":56,"turns":5}],"seed_played":"7267398973433549851","potions_obtained":[{"floor":6.0,"key":"testmod-SpacePotion"},{"floor":11.0,"key":"SkillPotion"},{"floor":13.0,"key":"Block Potion"},{"floor":19.0,"key":"Block Potion"},{"floor":21.0,"key":"Explosive Potion"},{"floor":28.0,"key":"testmod-SpacePotion"},{"floor":29.0,"key":"BlessingOfTheForge"},{"floor":38.0,"key":"GamblersBrew"},{"floor":39.0,"key":"PowerPotion"},{"floor":41.0,"key":"DemoMod:LeadSkinPotion"},{"floor":46,"key":"Strength Potion"}],"is_trial":false,"path_per_floor":["M","?","T","?","?","E","R","E","T","R","E","M","M","E","R","B",null,"M","M","$","M","M","R","?","M","T","M","M","E","T","$","R","B",null,"M","?","COS","M","M","E","M","E","T","R","E","M","M","M","R","B","B",null,"R","$","E","B",null],"character_chosen":"IRONCLAD","items_purchased":["testmod-EnhanceArmerment","DollysMirror"],"campfire_rested":0,"item_purchase_floors":[20,54],"current_hp_per_floor":[74,74,74,74,74,71,71,75,75,75,75,75,75,50,50,39,66,68,71,71,68,75,75,82,82,82,82,82,82,82,82,82,82,82,82,82,82,77,82,82,52,60,60,60,62,64,66,62,62,62,63,77,77,77,79,30],"gold":123,"neow_bonus":"THREE_ENEMY_KILL","is_daily":false,"chose_seed":false,"campfire_upgraded":7,"win_rate":0.0,"timestamp":1608920502,"path_taken":["M","?","?","?","?","E","R","E","T","R","E","M","?","E","R","BOSS","M","M","$","M","M","R","?","M","T","M","M","E","?","$","R","BOSS","M","?","COS","?","M","E","M","E","T","R","E","M","M","M","R","BOSS","BOSS","R","$","E","BOSS"],"items_purchased_type":["Card","Relic"],"build_version":"2020-12-22","purchased_purges":2,"victory":true,"max_hp_per_floor":[75,75,75,75,75,75,75,75,75,75,75,75,75,75,75,75,75,75,75,75,75,75,75,82,82,82,82,82,82,82,82,82,82,82,82,82,82,82,82,82,82,82,82,82,82,82,82,82,82,82,82,82,82,82,82,82],"relic_stats":{"Blood Vial":30,"counters":[31,106],"Mummified Hand":[18],"Sundial":[2],"Turnip":[30],"Art of War":[15],"War Paint":["Defend_R","Defend_R"],"Cursed Key":1,"obtain_stats":[{"AT_SeraphEmbrace":42,"AT_ATBox":0,"DemoMod:GlassGuonStoneRelic":1,"AT_ArcaneBoots":51,"AT_ArchangelStaff":11,"Cursed Key":34,"Burning Blood":0,"Blood Vial":6,"testmod-Prudence":0,"Matryoshka":2,"Mummified Hand":14,"Sundial":42,"DollysMirror":54,"testmod-ArcanaOfDestiny":45,"Runic Pyramid":17,"ZombieArmy":40,"Potion Belt":3,"testmod-TestBox":0,"NeowsBlessing":0,"AT_Manta":55,"LastBattle":8,"War Paint":9,"Akabeko":9,"AT_SpeedBoots":29,"Turnip":3,"Art of War":30,"AT_SunfireAegis":41,"StrikeDummy":43},{"AT_SeraphEmbrace":23,"AT_ATBox":0,"DemoMod:GlassGuonStoneRelic":1,"AT_ArcaneBoots":29,"AT_ArchangelStaff":4,"Cursed Key":17,"Burning Blood":0,"Blood Vial":2,"testmod-Prudence":0,"Matryoshka":1,"Mummified Hand":7,"Sundial":23,"DollysMirror":29,"testmod-ArcanaOfDestiny":24,"Runic Pyramid":8,"ZombieArmy":21,"Potion Belt":1,"testmod-TestBox":0,"NeowsBlessing":0,"AT_Manta":30,"LastBattle":3,"War Paint":3,"Akabeko":3,"AT_SpeedBoots":16,"Turnip":1,"Art of War":16,"AT_SunfireAegis":22,"StrikeDummy":23},{"AT_SeraphEmbrace":83,"AT_ATBox":0,"DemoMod:GlassGuonStoneRelic":1,"AT_ArcaneBoots":97,"AT_ArchangelStaff":14,"Cursed Key":71,"Burning Blood":0,"Blood Vial":4,"testmod-Prudence":0,"Matryoshka":1,"Mummified Hand":32,"Sundial":84,"DollysMirror":100,"testmod-ArcanaOfDestiny":87,"Runic Pyramid":44,"ZombieArmy":79,"Potion Belt":1,"testmod-TestBox":0,"NeowsBlessing":0,"AT_Manta":101,"LastBattle":5,"War Paint":5,"Akabeko":5,"AT_SpeedBoots":70,"Turnip":1,"Art of War":70,"AT_SunfireAegis":80,"StrikeDummy":84}],"Burning Blood":148},"card_choices":[{"not_picked":["Flame Barrier","Rage","Havoc"],"picked":"SKIP","floor":1.0},{"not_picked":["Cleave","AT_DiedThrough"],"picked":"AT_ShrugMaster","floor":6.0},{"not_picked":["Dark Embrace","Warcry"],"picked":"Uppercut","floor":8.0},{"not_picked":["Twin Strike","Flex","Body Slam"],"picked":"SKIP","floor":11.0},{"not_picked":["Warcry","Havoc","Cleave"],"picked":"SKIP","floor":12.0},{"not_picked":["Infernal Blade","Flame Barrier"],"picked":"Exhume","floor":13.0},{"not_picked":["Perfected Strike","Pummel","Combust"],"picked":"SKIP","floor":14.0},{"not_picked":["AT_Dispersion","Demon Form"],"picked":"Impervious","floor":16.0},{"not_picked":["AT_GerminateFire","Rampage"],"picked":"AT_BodySlamDance+1","floor":18.0},{"not_picked":["Pommel Strike","Headbutt+1","Clothesline"],"picked":"SKIP","floor":19.0},{"not_picked":["Fire Breathing","Iron Wave","Perfected Strike"],"picked":"SKIP","floor":21.0},{"not_picked":["Dark Embrace","Iron Wave","Spot Weakness"],"picked":"SKIP","floor":22.0},{"not_picked":["Sever Soul","Dual Wield","Twin Strike+1"],"picked":"SKIP","floor":25.0},{"not_picked":["Brutality","DemoMod:WhiteBlade","Havoc+1"],"picked":"SKIP","floor":27.0},{"not_picked":["AT_BodySlamDance","Thunderclap","True Grit"],"picked":"SKIP","floor":28.0},{"not_picked":["Rage","Cleave","Pommel Strike"],"picked":"SKIP","floor":29.0},{"not_picked":["Double Tap","Feed"],"picked":"Offering","floor":33.0},{"not_picked":["Armaments","Battle Trance+1","Perfected Strike+1"],"picked":"SKIP","floor":35.0},{"not_picked":["True Grit","Flex","Dual Wield"],"picked":"SKIP","floor":38.0},{"not_picked":["True Grit","Flex"],"picked":"Dual Wield","floor":38.0},{"not_picked":["Cleave","Havoc","Shockwave"],"picked":"SKIP","floor":39.0},{"not_picked":["Inflame","Evolve","Feed"],"picked":"SKIP","floor":40.0},{"not_picked":["Sword Boomerang","Rampage","Body Slam"],"picked":"SKIP","floor":41.0},{"not_picked":["Thunderclap","Cleave","Seeing Red+1"],"picked":"SKIP","floor":42.0},{"not_picked":["AT_BodySlamDance","Sentinel+1","Fire Breathing+1"],"picked":"SKIP","floor":45},{"not_picked":["Intimidate","True Grit","Headbutt"],"picked":"SKIP","floor":46},{"not_picked":["Twin Strike+1","Body Slam","Reaper"],"picked":"SKIP","floor":47},{"not_picked":["AT_ShrugMaster","Clothesline","Shockwave"],"picked":"SKIP","floor":48},{"not_picked":["True Grit+1","Spot Weakness","Power Through"],"picked":"SKIP","floor":55}],"player_experience":32080,"relics_obtained":[{"floor":3.0,"key":"Potion Belt"},{"floor":3.0,"key":"Turnip"},{"floor":6.0,"key":"Blood Vial"},{"floor":8.0,"key":"LastBattle"},{"floor":9.0,"key":"Akabeko"},{"floor":9.0,"key":"War Paint"},{"floor":11.0,"key":"AT_ArchangelStaff"},{"floor":14.0,"key":"Mummified Hand"},{"floor":29.0,"key":"AT_SpeedBoots"},{"floor":30.0,"key":"Art of War"},{"floor":40.0,"key":"ZombieArmy"},{"floor":42.0,"key":"Sundial"},{"floor":43.0,"key":"StrikeDummy"},{"floor":45,"key":"testmod-ArcanaOfDestiny"},{"floor":55,"key":"AT_Manta"}],"event_choices":[],"is_beta":false,"boss_relics":[{"not_picked":["testmod-Recursion","testmod-StringDisintegrator"],"picked":"Runic Pyramid"},{"not_picked":["Velvet Choker","EasyGame_NEW"],"picked":"Cursed Key"}],"items_purged_floors":[20,31],"is_endless":false,"potions_floor_spawned":[6,11,13,19,21,28,29,38,39,41,46],"ascension_level":20}}