{"host":"1sep654oresgee70","time":1608937779,"event":{"mods":["2.2 Compatiblity","Aspiration","BaseMod","Better Altar","Better Match","Better Note","Better Sensory Stone","Better Skull","Better Third Choice","Better Vampires","Better-Laid Plans","BetterRewards","Block Reminder","Conspire","Curses Come First","Displayed Cursed Tome","Gold Saver","Hubris","Infinite Spire","Minty Spire (QoL Compilation)","Potion Indicator Mod","Quick Restart","Red Circlet Mod","Replay The Spire","Shop Mod","Spicy Shops","StSLib","The Blue Laboratory","Thieving Mod","Transform Curses","Unceasing Turn Reminder","UnlockEverythingMod"],"gold_per_floor":[463,22,0,19,29,29,48,48,72,72,91,118,118,132,132,232,232,200,11,26,26,26],"floor_reached":21,"playtime":676,"items_purged":["hubris:Sloth"],"score":208,"play_id":"5c1ce161-fa4c-4479-8a09-102bf83a0b6b","local_time":"20201226000939","is_ascension_mode":true,"campfire_choices":[{"floor":6,"key":"RECALL"},{"floor":10,"key":"REST"},{"floor":15,"key":"REST"}],"circlet_count":0,"master_deck":["Strike_B","Strike_B","Strike_B","Strike_B","Defend_B","Defend_B","Defend_B","Defend_B","Zap","Dualcast","BowlingBash","Hello World","Storm","Ball Lightning","infinitespire:FutureSight","Capacitor","Stack","Carnage","Static Discharge","Seek","Ball Lightning","Doom and Gloom","Auto Shields"],"relics":["Cracked Core","aspiration:Nostalgia","Replay:M_SmolderingBlood","Carrot","Lee\u0027s Waffle","betterThird:SlimedRelic","ReplayTheSpireMod:Lightbulb","Quantum Egg","hubris:HollowSoul"],"acts_visited":["Exordium","TheCity"],"potions_floor_usage":[7,11,12,14,18],"damage_taken":[{"damage":6,"enemies":"Cultist","floor":1,"turns":3},{"damage":8,"enemies":"Small Slimes","floor":4,"turns":2},{"damage":0,"enemies":"2 Louse","floor":5,"turns":2},{"damage":16,"enemies":"Lots of Slimes","floor":7,"turns":3},{"damage":40,"enemies":"Exordium Wildlife","floor":11,"turns":4},{"damage":22,"enemies":"Lagavulin","floor":12,"turns":6},{"damage":0,"enemies":"Blue Slaver","floor":14,"turns":2},{"damage":36,"enemies":"The Guardian","floor":16,"turns":9},{"damage":38,"enemies":"2 Thieves","floor":18,"turns":5},{"damage":21,"enemies":"Spheric Guardian","floor":20,"turns":3},{"damage":26,"enemies":"Cultist and Chosen","floor":21,"turns":4}],"seed_played":"85201568552687078","potions_obtained":[{"floor":5,"key":"SpeedPotion"},{"floor":7,"key":"BlessingOfTheForge"},{"floor":11,"key":"Strength Potion"},{"floor":16,"key":"blueLaboratory:StoneskinPotion"}],"is_trial":false,"path_per_floor":["M","$","?","M","M","R","M","?","T","R","M","E","?","M","R","B",null,"M","$","M","M"],"character_chosen":"DEFECT","items_purchased":["Carrot","Lee\u0027s Waffle","blueLaboratory:FruitPunch","Doom and Gloom"],"campfire_rested":2,"item_purchase_floors":[2,2,2,19],"current_hp_per_floor":[69,82,71,63,63,63,49,49,49,74,34,12,12,12,37,1,84,46,46,25,0,0],"gold":26,"neow_bonus":"NOSTALGIA","is_daily":false,"chose_seed":false,"campfire_upgraded":0,"win_rate":0.0,"timestamp":1608937779,"path_taken":["M","$","?","M","M","R","M","?","T","R","M","E","?","M","R","BOSS","M","$","M","?"],"items_purchased_type":["Relic","Relic","Potion","Card"],"build_version":"2020-12-22","purchased_purges":1,"victory":false,"max_hp_per_floor":[75,82,82,82,82,82,84,84,84,84,84,84,84,84,84,84,84,84,84,84,84,84],"card_choices":[{"not_picked":["Clash","ReachHeaven"],"picked":"BowlingBash","floor":1},{"not_picked":["EmptyFist","ReplayTheSpireMod:Reroute Power"],"picked":"Hello World","floor":4},{"not_picked":["Barrage","Beam Cell"],"picked":"Storm","floor":5},{"not_picked":["Double Energy","Infernal Blade"],"picked":"Ball Lightning","floor":7},{"not_picked":["infinitespire:Collect","infinitespire:SevenWalls"],"picked":"infinitespire:FutureSight","floor":8},{"not_picked":["Streamline","Hello World"],"picked":"Capacitor","floor":11},{"not_picked":["Gash","Hologram"],"picked":"Stack","floor":12},{"not_picked":["Rainbow","Coolheaded"],"picked":"Static Discharge","floor":14},{"not_picked":["All For One","Fission"],"picked":"Seek","floor":16},{"not_picked":["Heatsinks","Cold Snap"],"picked":"Ball Lightning","floor":18},{"not_picked":["Go for the Eyes+1","Steam"],"picked":"Auto Shields","floor":20}],"player_experience":2380998,"relics_obtained":[{"floor":9,"key":"ReplayTheSpireMod:Lightbulb"},{"floor":12,"key":"Quantum Egg"}],"event_choices":[{"damage_healed":0,"gold_gain":0,"player_choice":"Slimed","damage_taken":11,"max_hp_gain":0,"max_hp_loss":0,"event_name":"betterThird:BetterGoop","floor":3,"gold_loss":22},{"damage_healed":0,"gold_gain":0,"cards_transformed":["hubris:Gluttony"],"player_choice":"Transformed","damage_taken":0,"max_hp_gain":0,"max_hp_loss":0,"event_name":"Transmorgrifier","floor":13,"gold_loss":0,"cards_obtained":["Carnage"]}],"is_beta":false,"boss_relics":[{"not_picked":["infinitespire:Cupcake","SlaversCollar"],"picked":"hubris:HollowSoul"}],"items_purged_floors":[19],"is_endless":false,"potions_floor_spawned":[5,7,11,16],"killed_by":"Cultist and Chosen","ascension_level":3}}