{"host":"vvaf77k5q4hdboei","time":1608940787,"event":{"mods":["BaseMod","Block Reminder","Curses Come First","DeckTracker","Hubris","Marisa????????","Minty Spire (QoL Compilation)","Quick Restart","Rare Cards Sparkle","Replay The Spire","Shade Mod","StSLib","The Cursed","The Hierophant","The Marked","The Necromancer","The Servant 0.9.4","The Wild Card"],"gold_per_floor":[114,64,83,102,114,114,145,157,157,175,203,203,220,220,220,220,220],"floor_reached":16,"playtime":2208,"items_purged":[],"score":114,"play_id":"05d2a455-1bef-4b86-9213-defb84f8900d","local_time":"20201225215947","is_ascension_mode":false,"campfire_choices":[{"data":"Well Laid Plans","floor":6.0,"key":"SMITH"},{"data":"Neutralize","floor":15.0,"key":"SMITH"}],"circlet_count":0,"master_deck":["Strike_G","Strike_G","Strike_G","Strike_G","Defend_G","Defend_G","Defend_G","Defend_G","Defend_G","Neutralize+1","Well Laid Plans+1","Poisoned Stab","Calculated Gamble","Backflip","Deadly Poison","Deadly Poison","Poisoned Stab","m_Survivalism"],"relics":["Ring of the Snake","hubris:DeckOfHolding","Snack Pack","hubris:GlazedTorus","hubris:Icosahedron"],"acts_visited":["Exordium"],"potions_floor_usage":[],"damage_taken":[{"damage":0.0,"enemies":"Small Slimes","floor":1.0,"turns":4.0},{"damage":0.0,"enemies":"2 Louse","floor":3.0,"turns":4.0},{"damage":1.0,"enemies":"Cultist","floor":4.0,"turns":4.0},{"damage":1.0,"enemies":"Exordium Wildlife","floor":5.0,"turns":4.0},{"damage":4.0,"enemies":"Lagavulin","floor":7.0,"turns":10.0},{"damage":1.0,"enemies":"Blue Slaver","floor":8.0,"turns":5.0},{"damage":11.0,"enemies":"Large Slime","floor":10.0,"turns":8.0},{"damage":32.0,"enemies":"3 Sentries","floor":11.0,"turns":12.0},{"damage":7.0,"enemies":"Lots of Slimes","floor":13.0,"turns":5.0},{"damage":17,"enemies":"Fading Forest","floor":16,"turns":9}],"seed_played":"-9187943564234738936","potions_obtained":[{"floor":1.0,"key":"Explosive Potion"},{"floor":3.0,"key":"Toxic Potion"},{"floor":13.0,"key":"CultistPotion"}],"is_trial":false,"path_per_floor":["M","?","M","M","M","R","E","M","T","M","E","?","M","?","R","B"],"character_chosen":"THE_SILENT","items_purchased":[],"campfire_rested":0,"item_purchase_floors":[],"current_hp_per_floor":[77,77,77,76,75,75,71,70,70,61,37,37,34,34,34,17,17],"gold":220,"neow_bonus":"TEN_PERCENT_HP_BONUS","is_daily":false,"chose_seed":false,"campfire_upgraded":2,"win_rate":0.0,"timestamp":1608940787,"path_taken":["M","?","M","M","M","R","E","M","T","M","E","?","M","?","R","BOSS"],"items_purchased_type":[],"build_version":"2020-12-22","purchased_purges":0,"victory":false,"max_hp_per_floor":[77,77,77,77,77,77,77,77,77,77,77,77,77,77,77,77,77],"card_choices":[{"not_picked":["All Out Attack","Flying Knee"],"picked":"Well Laid Plans","floor":1.0},{"not_picked":["PiercingWail","Underhanded Strike","hubris:Sniper"],"picked":"SKIP","floor":3.0},{"not_picked":["Draining Mist","Caltrops"],"picked":"Poisoned Stab","floor":4.0},{"not_picked":["PiercingWail","Expertise"],"picked":"Calculated Gamble","floor":5.0},{"not_picked":["Leg Sweep","Eviscerate"],"picked":"Backflip","floor":7.0},{"not_picked":["Acrobatics","Dagger Spray"],"picked":"Deadly Poison","floor":8.0},{"not_picked":["Escape Plan","Dodge and Roll","A Thousand Cuts"],"picked":"SKIP","floor":10.0},{"not_picked":["Tools of the Trade","Sucker Punch"],"picked":"Deadly Poison","floor":11.0},{"not_picked":["Finisher","Terror"],"picked":"Poisoned Stab","floor":13.0}],"player_experience":23997,"relics_obtained":[{"floor":7.0,"key":"hubris:DeckOfHolding"},{"floor":9.0,"key":"Snack Pack"},{"floor":11.0,"key":"hubris:GlazedTorus"}],"event_choices":[{"cards_removed":["Strike_G"],"damage_healed":0.0,"max_hp_gain":0.0,"max_hp_loss":0.0,"gold_gain":0.0,"event_name":"The Cleric","player_choice":"Card Removal","floor":2.0,"gold_loss":50.0,"damage_taken":0.0}],"is_beta":false,"boss_relics":[],"items_purged_floors":[],"is_endless":false,"potions_floor_spawned":[1,3,13],"killed_by":"Fading Forest","ascension_level":0}}