{"host":"wfy07lporsqrbz3r","time":1608901054,"event":{"mods":["BaseMod","Minty Spire (QoL Compilation)","Replay The Spire","StSLib"],"gold_per_floor":[112,112,112,124,124,124,156,169,193,193,207,223,223,254,254,328,328,342,362,412,302,315,315,315,315],"floor_reached":24,"playtime":849,"items_purged":[],"score":462,"play_id":"e8f9e22f-ea84-4ca8-aa23-630c31edefbf","local_time":"20201225205734","is_ascension_mode":true,"campfire_choices":[{"data":"Footwork","floor":6.0,"key":"SMITH"},{"data":"Neutralize","floor":10.0,"key":"SMITH"},{"floor":13.0,"key":"REST"},{"data":"Bullet Time","floor":15.0,"key":"SMITH"},{"floor":23,"key":"REST"}],"circlet_count":0,"master_deck":["AscendersBane","Strike_G","Strike_G","Defend_G","Defend_G","Defend_G","Defend_G","Defend_G","Survivor","Neutralize+1","Footwork+1","Masterful Stab","Predator","Concentrate+1","Infinite Blades","Deflect","Bullet Time+1","ReplayTheSpireMod:Tripwire","Atom Bomb","Footwork","Accuracy","Hidden Blade"],"relics":["Ring of the Snake","NeowsBlessing","Toy Ornithopter","Replay:Towering Pillar of Hats","Orichalcum","Prayer Wheel","Replay:Bronze Core"],"acts_visited":["Exordium","TheCity"],"potions_floor_usage":[22],"damage_taken":[{"damage":0.0,"enemies":"Cultist","floor":1.0,"turns":1.0},{"damage":0.0,"enemies":"Small Slimes","floor":4.0,"turns":1.0},{"damage":0.0,"enemies":"Lagavulin","floor":7.0,"turns":1.0},{"damage":4.0,"enemies":"Jaw Worm","floor":8.0,"turns":3.0},{"damage":4.0,"enemies":"Gremlin Gang","floor":11.0,"turns":5.0},{"damage":3.0,"enemies":"Looter","floor":12.0,"turns":4.0},{"damage":12.0,"enemies":"Gremlin Nob","floor":14.0,"turns":5.0},{"damage":24.0,"enemies":"Fading Forest","floor":16.0,"turns":13.0},{"damage":24.0,"enemies":"Spheric Guardian","floor":18.0,"turns":6.0},{"damage":4.0,"enemies":"Chosen","floor":19.0,"turns":3.0},{"damage":4,"enemies":"Snecko","floor":22,"turns":2},{"damage":88,"enemies":"Gremlin Leader","floor":24,"turns":6}],"seed_played":"-4138084190452101768","potions_obtained":[{"floor":7.0,"key":"Block Potion"},{"floor":8.0,"key":"FairyPotion"},{"floor":11.0,"key":"Energy Potion"},{"floor":12.0,"key":"SkillPotion"},{"floor":19.0,"key":"FearPotion"}],"is_trial":false,"path_per_floor":["M","?","?","M","?","R","E","M","T","R","M","M","R","E","R","B",null,"M","M","?","?","M","R","E"],"character_chosen":"THE_SILENT","items_purchased":[],"campfire_rested":2,"item_purchase_floors":[],"current_hp_per_floor":[59,41,34,34,34,34,34,30,30,30,31,28,47,40,40,16,54,30,26,26,26,27,46,0,0],"gold":315,"neow_bonus":"THREE_ENEMY_KILL","is_daily":false,"chose_seed":false,"campfire_upgraded":3,"win_rate":0.0,"timestamp":1608901054,"path_taken":["M","?","?","M","?","R","E","?","T","R","?","M","R","E","R","BOSS","M","M","?","?","M","R","E"],"items_purchased_type":[],"build_version":"2020-12-22","purchased_purges":0,"victory":false,"max_hp_per_floor":[66,66,66,66,66,66,66,66,66,66,66,66,66,66,66,66,66,66,66,66,66,66,66,66,66],"card_choices":[{"not_picked":["Deadly Poison","Blur"],"picked":"Footwork","floor":1.0},{"not_picked":["Caltrops","Acrobatics"],"picked":"Masterful Stab","floor":4.0},{"not_picked":["Predator","Flying Knee"],"picked":"Concentrate","floor":7.0},{"not_picked":["Flying Knee","Deadly Poison"],"picked":"Infinite Blades","floor":8.0},{"not_picked":["Deadly Poison","Sucker Punch"],"picked":"Deflect","floor":11.0},{"not_picked":["Poisoned Stab","Accuracy"],"picked":"Bullet Time","floor":12.0},{"not_picked":["Poisoned Stab","Bouncing Flask"],"picked":"ReplayTheSpireMod:Tripwire","floor":14.0},{"not_picked":["Replay:Bag of Tricks","Phantasmal Killer"],"picked":"Atom Bomb","floor":16.0},{"not_picked":["Dagger Spray","Slice"],"picked":"Footwork","floor":18.0},{"not_picked":["Quick Slash","Sucker Punch+1","Flying Knee+1"],"picked":"SKIP","floor":18.0},{"not_picked":["Infinite Blades","Replay:Poison Smokescreen","Slice"],"picked":"SKIP","floor":19.0},{"not_picked":["Draining Mist","Eviscerate","Slice"],"picked":"SKIP","floor":19.0},{"not_picked":["Underhanded Strike","Dagger Spray"],"picked":"Accuracy","floor":22},{"not_picked":["Flying Knee","Deadly Poison"],"picked":"Hidden Blade","floor":22}],"player_experience":715883,"relics_obtained":[{"floor":7.0,"key":"Replay:Towering Pillar of Hats"},{"floor":9.0,"key":"Orichalcum"},{"floor":14.0,"key":"Prayer Wheel"}],"event_choices":[{"damage_healed":0.0,"max_hp_gain":0.0,"max_hp_loss":0.0,"gold_gain":0.0,"event_name":"Scrap Ooze","player_choice":"Success","floor":2.0,"gold_loss":0.0,"damage_taken":18.0,"relics_obtained":["Toy Ornithopter"]},{"cards_removed":["Strike_G"],"damage_healed":0.0,"max_hp_gain":0.0,"max_hp_loss":0.0,"gold_gain":0.0,"event_name":"Golden Wing","player_choice":"Card Removal","floor":3.0,"gold_loss":0.0,"damage_taken":7.0},{"damage_healed":0.0,"max_hp_gain":0.0,"max_hp_loss":0.0,"gold_gain":0.0,"cards_transformed":["Strike_G"],"event_name":"Living Wall","player_choice":"Change","floor":5.0,"gold_loss":0.0,"damage_taken":0.0,"cards_obtained":["Predator"]},{"damage_healed":0.0,"max_hp_gain":0.0,"max_hp_loss":0.0,"gold_gain":50.0,"event_name":"Nest","player_choice":"Stole From Cult","floor":20.0,"gold_loss":0.0,"damage_taken":0.0},{"cards_removed":["Strike_G"],"damage_healed":0.0,"max_hp_gain":0.0,"max_hp_loss":0.0,"gold_gain":0.0,"event_name":"Designer","player_choice":"Upgrade and Remove","floor":21.0,"gold_loss":110.0,"damage_taken":0.0,"cards_upgraded":["Concentrate"]}],"is_beta":false,"boss_relics":[{"not_picked":["Ring of the Serpent","Snecko Eye"],"picked":"Replay:Bronze Core"}],"items_purged_floors":[],"is_endless":false,"potions_floor_spawned":[7,8,11,12,19],"killed_by":"Gremlin Leader","ascension_level":20}}