{"host":"vj8ayykh40xqfkaq","time":1608905024,"event":{"mods":["BaseMod","Bestiary","Colored Map","Downfall","Minty Spire (QoL Compilation)","StSLib"],"gold_per_floor":[99,119,133,145,155,155,233,83,96,96,111,136,136,155,173,277,277,202,212,12,42,127,127,127,201,201,68,68,68,68],"floor_reached":28,"playtime":1434,"items_purged":[],"score":245,"play_id":"455c5a03-cec2-4dde-89fa-eb55c33827b7","local_time":"20201225160344","is_ascension_mode":false,"campfire_choices":[{"data":"Slimebound:Split","floor":1,"key":"SMITH"},{"floor":6,"key":"RECALL"},{"data":"Slimebound:LeechEnergy","floor":8,"key":"SMITH"},{"data":"Slimebound:DivideAndConquer","floor":10,"key":"SMITH"},{"data":"Slimebound:WasteNot","floor":18,"key":"SMITH"},{"floor":23,"key":"REST"},{"data":"Slimebound:Replication","floor":26,"key":"SMITH"}],"circlet_count":0,"master_deck":["Slimebound:Strike_Slimebound","Slimebound:Strike_Slimebound","Slimebound:Strike_Slimebound","Slimebound:Defend_Slimebound","Slimebound:Defend_Slimebound","Slimebound:Defend_Slimebound","Slimebound:Defend_Slimebound","Slimebound:Split+1","Slimebound:CorrosiveSpit","Slimebound:WasteNot+1","Slimebound:GoopSpray","Slimebound:LeechEnergy+1","Slimebound:DisruptingSlam","Slimebound:DivideAndConquer+1","Slimebound:SamplingLick","Slimebound:Replication+1","Slimebound:Repurpose","Slimebound:Gluttony","Slimebound:RallyTheTroops","CurseOfTheBell","Slimebound:Grow+1","Slimebound:SelfFormingGoo","HandOfGreed","Slimebound:Grow"],"relics":["Slimebound:AbsorbEndCombat","downfall:HeartBlessingRed","downfall:HeartBlessingBlue","Vajra","Calling Bell","Happy Flower","Pear","WingedGreaves","downfall:HeartBlessingGreen","The Courier","White Beast Statue","Akabeko"],"acts_visited":["Exordium","TheCity"],"potions_floor_usage":[16],"damage_taken":[{"damage":14,"enemies":"Jaw Worm","floor":2,"turns":4},{"damage":3,"enemies":"Cultist","floor":3,"turns":2},{"damage":9,"enemies":"2 Louse","floor":4,"turns":2},{"damage":18,"enemies":"Exordium Thugs","floor":5,"turns":3},{"damage":11,"enemies":"Large Slime","floor":9,"turns":3},{"damage":28,"enemies":"Blue Slaver","floor":11,"turns":4},{"damage":29,"enemies":"Lagavulin","floor":12,"turns":5},{"damage":16,"enemies":"Large Slime","floor":14,"turns":4},{"damage":37,"enemies":"Exordium Thugs","floor":15,"turns":3},{"damage":53,"enemies":"downfall:Silent","floor":16,"turns":8},{"damage":8,"enemies":"Chosen","floor":19,"turns":4},{"damage":34,"enemies":"downfall:FleeingMerchant","floor":20,"turns":4},{"damage":59,"enemies":"Snecko","floor":21,"turns":7},{"damage":48,"enemies":"downfall:FleeingMerchant","floor":27,"turns":4},{"damage":0,"enemies":"Cultist and Chosen","floor":28,"turns":1}],"seed_played":"4648551768282644572","potions_obtained":[{"floor":5,"key":"hexamod:EctoCoolerPotion"},{"floor":11,"key":"SteroidPotion"},{"floor":14,"key":"ColorlessPotion"},{"floor":15,"key":"ColorlessPotion"},{"floor":19,"key":"Block Potion"},{"floor":21,"key":"Fire Potion"}],"is_trial":false,"path_per_floor":["R","M","M","M","M","R","T","R","M","R","M","E","?","M","M","B",null,"R","M","$","M","?","R","T","T","R","$","M"],"character_chosen":"SLIMEBOUND","items_purchased":["HandOfGreed","Akabeko"],"campfire_rested":1,"item_purchase_floors":[20,27],"current_hp_per_floor":[60,58,59,60,54,54,54,64,63,63,55,46,46,54,57,38,80,80,80,80,39,27,51,51,51,51,51,51,51,51],"gold":68,"neow_bonus":"ONE_RANDOM_RARE_CARD","is_daily":false,"chose_seed":false,"campfire_upgraded":5,"win_rate":0.0,"timestamp":1608905024,"path_taken":["R","M","M","M","M","R","T","R","M","R","M","E","?","M","M","BOSS","R","M","$","M","?","R","T","?","R","$","M"],"items_purchased_type":["Card","Relic"],"build_version":"2020-12-22","purchased_purges":0,"victory":false,"max_hp_per_floor":[60,60,60,60,60,60,60,70,70,70,70,70,70,70,70,70,80,80,80,80,80,80,80,80,80,80,80,80,80,80],"card_choices":[{"not_picked":["Slimebound:SlimeSpikes","Slimebound:LeechingTouch"],"picked":"Slimebound:GoopSpray","floor":2},{"not_picked":["Slimebound:PressTheAttack","Slimebound:ViciousTackle"],"picked":"Slimebound:LeechEnergy","floor":3},{"not_picked":["Slimebound:GrowthPunch","Slimebound:SlimeTap","Slimebound:GoopSpray"],"picked":"SKIP","floor":4},{"not_picked":["Slimebound:ViciousTackle","Slimebound:HungryTackle"],"picked":"Slimebound:DisruptingSlam","floor":5},{"not_picked":["Slimebound:SplitAcid","Slimebound:FormOfPuddle"],"picked":"Slimebound:DivideAndConquer","floor":9},{"not_picked":["Slimebound:LeechingTouch","Slimebound:SlimeSpikes"],"picked":"Slimebound:SamplingLick","floor":11},{"not_picked":["Slimebound:PrepareCrush","Slimebound:SplitMire"],"picked":"Slimebound:Replication","floor":12},{"not_picked":["Slimebound:GoopSpray","Slimebound:SplitBruiser","Slimebound:GrowthPunch"],"picked":"SKIP","floor":14},{"not_picked":["Slimebound:FirmFortitude","Slimebound:ProtectTheBoss"],"picked":"Slimebound:Gluttony","floor":15},{"not_picked":["Slimebound:Overexert","Slimebound:MassRepurpose"],"picked":"Slimebound:RallyTheTroops","floor":16},{"not_picked":["Slimebound:RollThrough","Slimebound:LeechingTouch+1"],"picked":"Slimebound:Grow+1","floor":19},{"not_picked":["Slimebound:ViciousTackle","Slimebound:RejuvenatingLick"],"picked":"Slimebound:SelfFormingGoo","floor":20},{"not_picked":["Slimebound:ComboTackle+1","Slimebound:SplitBruiser"],"picked":"Slimebound:Grow","floor":21},{"not_picked":["Slimebound:DivideAndConquer","Slimebound:GoopSpray","Slimebound:SplitMire"],"picked":"SKIP","floor":27}],"player_experience":436120,"relics_obtained":[{"floor":12,"key":"Vajra"},{"floor":17,"key":"Happy Flower"},{"floor":17,"key":"Pear"},{"floor":17,"key":"WingedGreaves"},{"floor":24,"key":"The Courier"},{"floor":25,"key":"White Beast Statue"}],"event_choices":[{"damage_healed":0,"gold_gain":0,"cards_transformed":["Slimebound:Tackle"],"player_choice":"Transformed","damage_taken":0,"max_hp_gain":0,"max_hp_loss":0,"event_name":"Transmorgrifier","floor":13,"gold_loss":0,"cards_obtained":["Slimebound:Repurpose"]}],"is_beta":false,"boss_relics":[{"not_picked":["Busted Crown","Astrolabe"],"picked":"Calling Bell"}],"items_purged_floors":[],"is_endless":false,"potions_floor_spawned":[5,11,14,15,19,21,27],"killed_by":"Cultist and Chosen","ascension_level":0}}