{"host":"cij6922spxtbkai3","time":1608896076,"event":{"mods":["2.2 Compatiblity","AchievementEnabler","BaseMod","Colored Map","DeckTracker","Highlight Path","Keyboard Shortcuts","Minty Spire (QoL Compilation)","Permanent Neow","Quick Restart","Rare Cards Sparkle","SuperFastMode","everything is the same but u backflip on backflip"],"gold_per_floor":[116,133,146,66,66,98,98,98,98,23,23,37,37,53,53,53,53],"floor_reached":16,"playtime":582,"items_purged":["Strike_R"],"score":100,"play_id":"f6b9fbc5-f754-4a49-a6d5-136d2fca9edf","local_time":"20201225203436","is_ascension_mode":false,"campfire_choices":[{"data":"Flex","floor":13,"key":"SMITH"},{"floor":15,"key":"REST"}],"circlet_count":0,"master_deck":["Strike_R","Strike_R","Strike_R","Defend_R","Defend_R","Defend_R","Defend_R","Bash","Limit Break","Spot Weakness","Shrug It Off","Spot Weakness","Flex+1","Doubt","Headbutt"],"relics":["Burning Blood","CaptainsWheel","Darkstone Periapt"],"acts_visited":["Exordium"],"potions_floor_usage":[16],"damage_taken":[{"damage":5,"enemies":"Small Slimes","floor":1,"turns":4},{"damage":6,"enemies":"Jaw Worm","floor":2,"turns":4},{"damage":18,"enemies":"Cultist","floor":3,"turns":5},{"damage":43,"enemies":"Gremlin Nob","floor":6,"turns":5},{"damage":9,"enemies":"Blue Slaver","floor":12,"turns":6},{"damage":21,"enemies":"Lots of Slimes","floor":14,"turns":6},{"damage":23,"enemies":"Hexaghost","floor":16,"turns":9}],"seed_played":"4266090310798129236","potions_obtained":[{"floor":12,"key":"Block Potion"}],"is_trial":false,"path_per_floor":["M","M","M","$","?","E","?","?","T","$","?","M","R","M","R","B"],"character_chosen":"IRONCLAD","items_purchased":["Spot Weakness"],"campfire_rested":1,"item_purchase_floors":[4],"current_hp_per_floor":[57,57,45,45,45,8,28,21,21,21,27,24,24,9,33,10,10],"gold":53,"neow_bonus":"THREE_RARE_CARDS","is_daily":false,"chose_seed":false,"campfire_upgraded":1,"win_rate":0.0,"timestamp":1608896076,"path_taken":["M","M","M","$","?","E","?","?","T","$","?","?","R","M","R","BOSS"],"items_purchased_type":["Card"],"build_version":"2020-12-22","purchased_purges":1,"victory":false,"max_hp_per_floor":[80,80,80,80,80,80,80,77,77,77,83,83,83,83,83,83,83],"card_choices":[{"not_picked":["Brutality","Berserk"],"picked":"Limit Break","floor":0},{"not_picked":["Twin Strike","Heavy Blade"],"picked":"Spot Weakness","floor":1},{"not_picked":["Armaments","Power Through"],"picked":"Shrug It Off","floor":2},{"not_picked":["Feel No Pain","Iron Wave","Second Wind"],"picked":"SKIP","floor":3},{"not_picked":["Clash","True Grit"],"picked":"Flex","floor":6},{"not_picked":["Sword Boomerang","Dropkick","Clash"],"picked":"SKIP","floor":12},{"not_picked":["Sword Boomerang","Fire Breathing"],"picked":"Headbutt","floor":14}],"player_experience":19452,"relics_obtained":[{"floor":6,"key":"CaptainsWheel"},{"floor":9,"key":"Darkstone Periapt"}],"event_choices":[{"cards_removed":["Strike_R"],"damage_healed":0,"gold_gain":0,"player_choice":"Forget","damage_taken":0,"max_hp_gain":0,"max_hp_loss":0,"event_name":"Living Wall","floor":5,"gold_loss":0},{"damage_healed":20,"gold_gain":0,"player_choice":"Healed and dodged fight","damage_taken":0,"max_hp_gain":0,"max_hp_loss":0,"event_name":"Mushrooms","floor":7,"gold_loss":0,"cards_obtained":["Parasite"]},{"cards_removed":["Parasite"],"damage_healed":0,"gold_gain":0,"player_choice":"Card Removal","damage_taken":7,"max_hp_gain":0,"max_hp_loss":0,"event_name":"Golden Wing","floor":8,"gold_loss":0},{"damage_healed":0,"gold_gain":0,"player_choice":"1 cards matched","damage_taken":0,"max_hp_gain":0,"max_hp_loss":0,"event_name":"Match and Keep!","floor":11,"gold_loss":0,"cards_obtained":["Doubt"]}],"is_beta":false,"boss_relics":[],"items_purged_floors":[10],"is_endless":false,"potions_floor_spawned":[12],"killed_by":"Hexaghost","ascension_level":0}}