{"host":"zig6x0mxqzam82fb","time":1608902339,"event":{"mods":["BaseMod","Block Reminder","Colored Map","Colored Powertips","Minty Spire (QoL Compilation)","Relic Stats"],"gold_per_floor":[109,38,54,64,64,64,77,77,77,111,111,136,136,155,155,250,250,265,265,289,300,310,310,43,69,69,79,91,38,138,156,156,260,260,274,73,85,9,22,22,22,22,22,40,55,55,66,77,77,77],"floor_reached":51,"playtime":4519,"items_purged":["Writhe"],"score":978,"play_id":"26a1516c-560e-4449-bebb-4fbc712ebccb","local_time":"20201225081859","is_ascension_mode":true,"campfire_choices":[{"data":"Zap","floor":6,"key":"SMITH"},{"data":"Streamline","floor":8,"key":"SMITH"},{"data":"Defragment","floor":11,"key":"SMITH"},{"data":"Loop","floor":15,"key":"SMITH"},{"data":"Buffer","floor":23,"key":"SMITH"},{"data":"Chaos","floor":32,"key":"SMITH"},{"data":"Seek","floor":42,"key":"SMITH"},{"data":"Chill","floor":46,"key":"SMITH"},{"data":"Seek","floor":49,"key":"SMITH"}],"circlet_count":0,"master_deck":["Zap+1","Dualcast","Defragment+1","Loop+1","Conserve Battery+1","Leap+1","Gash","Streamline+1","Coolheaded","Chill+1","Reinforced Body","Seek+1","Streamline","Blizzard","Buffer+1","Capacitor","Steam Power","Seek+1","Glacier","Steam+1","Cold Snap","Chaos+1","Amplify","Tempest","Creative AI","Steam","Cold Snap","Steam Power","Doom and Gloom","Scrape","BootSequence","Turbo","Steam+1","Coolheaded+1","Echo Form","Hologram+1","Defragment","Defragment+1"],"relics":["Coffee Dripper","Oddly Smooth Stone","Pear","Peace Pipe","Velvet Choker","StrikeDummy","War Paint","Bag of Preparation","Unceasing Top","Pandora\u0027s Box","Orrery","Turnip"],"acts_visited":["Exordium","TheCity","TheBeyond"],"potions_floor_usage":[10,12,16,16,22,22,22,25,33,37,39,47,50,50],"damage_taken":[{"damage":8,"enemies":"Jaw Worm","floor":1,"turns":4},{"damage":0,"enemies":"Cultist","floor":3,"turns":3},{"damage":17,"enemies":"Small Slimes","floor":4,"turns":3},{"damage":17,"enemies":"Exordium Thugs","floor":7,"turns":6},{"damage":4,"enemies":"3 Sentries","floor":10,"turns":3},{"damage":22,"enemies":"Gremlin Nob","floor":12,"turns":5},{"damage":0,"enemies":"Blue Slaver","floor":14,"turns":4},{"damage":0,"enemies":"The Guardian","floor":16,"turns":11},{"damage":0,"enemies":"3 Byrds","floor":18,"turns":8},{"damage":5,"enemies":"Spheric Guardian","floor":21,"turns":5},{"damage":6,"enemies":"3 Cultists","floor":22,"turns":5},{"damage":18,"enemies":"Slavers","floor":25,"turns":8},{"damage":4,"enemies":"Centurion and Healer","floor":27,"turns":7},{"damage":0,"enemies":"Shelled Parasite and Fungi","floor":28,"turns":7},{"damage":0,"enemies":"Chosen and Byrds","floor":31,"turns":10},{"damage":10,"enemies":"Automaton","floor":33,"turns":15},{"damage":0,"enemies":"3 Shapes","floor":35,"turns":5},{"damage":0,"enemies":"3 Darklings","floor":37,"turns":7},{"damage":0,"enemies":"Maw","floor":39,"turns":9},{"damage":0,"enemies":"Spire Growth","floor":44,"turns":8},{"damage":9,"enemies":"3 Darklings","floor":45,"turns":8},{"damage":0,"enemies":"Maw","floor":47,"turns":10},{"damage":17,"enemies":"Spire Growth","floor":48,"turns":9},{"damage":14,"enemies":"Donu and Deca","floor":50,"turns":10}],"seed_played":"2655616193796955396","potions_obtained":[{"floor":3,"key":"FearPotion"},{"floor":7,"key":"PowerPotion"},{"floor":14,"key":"EntropicBrew"},{"floor":18,"key":"SkillPotion"},{"floor":31,"key":"SpeedPotion"},{"floor":44,"key":"DuplicationPotion"},{"floor":45,"key":"Regen Potion"},{"floor":48,"key":"FocusPotion"}],"is_trial":false,"path_per_floor":["M","$","M","M","?","R","M","R","T","E","R","E","?","M","R","B",null,"M","?","T","M","M","R","$","E","T","M","M","$","?","M","R","B",null,"M","$","M","$","M","?","$","R","T","M","M","R","M","M","R","B",null],"character_chosen":"DEFECT","items_purchased":["Loop","Capacitor","Steam Power","FearPotion","Cold Snap","Orrery","PowerPotion","DistilledChaos"],"campfire_rested":0,"item_purchase_floors":[2,24,24,24,29,36,36,38],"current_hp_per_floor":[60,60,60,43,43,43,26,26,26,32,32,10,10,10,10,10,66,66,66,66,61,55,55,55,37,37,33,33,33,33,33,33,23,70,70,70,70,70,70,70,70,70,70,70,61,61,76,59,59,45],"gold":77,"neow_bonus":"BOSS_RELIC","is_daily":false,"chose_seed":false,"campfire_upgraded":9,"win_rate":0.0,"timestamp":1608902339,"path_taken":["M","$","M","M","?","R","?","R","T","E","R","E","?","M","R","BOSS","M","?","?","M","M","R","$","E","T","M","M","$","?","?","R","BOSS","M","$","M","$","M","?","?","R","T","M","M","R","M","?","R","BOSS"],"items_purchased_type":["Card","Card","Card","Potion","Card","Relic","Potion","Potion"],"build_version":"2020-12-22","purchased_purges":1,"victory":true,"max_hp_per_floor":[75,75,75,75,75,75,75,75,75,85,85,85,85,85,85,85,85,85,85,85,85,85,85,85,85,85,85,85,85,85,85,85,85,85,85,85,85,85,85,85,85,85,85,85,85,85,85,85,85,85],"relic_stats":{"Peace Pipe":0,"counters":[24,168],"Pandora\u0027s Box":["Tempest","Creative AI","Steam","Cold Snap","Steam Power","Doom and Gloom","Scrape"],"Turnip":[3],"Bag of Preparation":[24],"War Paint":["Defend_B","Leap"],"obtain_stats":[{"Pear":10,"Oddly Smooth Stone":9,"Velvet Choker":17,"Bag of Preparation":25,"War Paint":20,"Peace Pipe":12,"Orrery":36,"Pandora\u0027s Box":34,"Turnip":43,"Coffee Dripper":0,"Cracked Core":0,"StrikeDummy":19,"Unceasing Top":26},{"Pear":5,"Oddly Smooth Stone":4,"Velvet Choker":8,"Bag of Preparation":12,"War Paint":9,"Peace Pipe":6,"Orrery":17,"Pandora\u0027s Box":16,"Turnip":19,"Coffee Dripper":0,"Cracked Core":0,"StrikeDummy":9,"Unceasing Top":12},{"Pear":19,"Oddly Smooth Stone":16,"Velvet Choker":39,"Bag of Preparation":65,"War Paint":47,"Peace Pipe":24,"Orrery":108,"Pandora\u0027s Box":103,"Turnip":123,"Coffee Dripper":0,"Cracked Core":0,"StrikeDummy":47,"Unceasing Top":65}],"Unceasing Top":[11]},"card_choices":[{"not_picked":["Redo","Compile Driver"],"picked":"Defragment","floor":1},{"not_picked":["Double Energy","Rebound"],"picked":"Conserve Battery","floor":3},{"not_picked":["Barrage","Storm"],"picked":"Leap","floor":4},{"not_picked":["Leap","Skim"],"picked":"Streamline","floor":7},{"not_picked":["Undo","Heatsinks"],"picked":"Coolheaded","floor":10},{"not_picked":["Coolheaded","Heatsinks"],"picked":"Chill","floor":12},{"not_picked":["Genetic Algorithm","Leap"],"picked":"Reinforced Body","floor":14},{"not_picked":["Biased Cognition","Thunder Strike"],"picked":"Seek","floor":16},{"not_picked":["Steam","Gash"],"picked":"Streamline","floor":18},{"not_picked":["Beam Cell","Redo"],"picked":"Blizzard","floor":21},{"not_picked":["Sweeping Beam","Redo"],"picked":"Buffer","floor":22},{"not_picked":["Stack","Fusion+1"],"picked":"Seek","floor":25},{"not_picked":["Chaos","Barrage"],"picked":"Glacier","floor":27},{"not_picked":["Redo","Rebound"],"picked":"Steam+1","floor":28},{"not_picked":["Cold Snap","Rebound"],"picked":"Chaos","floor":31},{"not_picked":["All For One","Multi-Cast"],"picked":"Amplify","floor":33},{"not_picked":["Skim","Cold Snap"],"picked":"BootSequence","floor":35},{"not_picked":["Redo+1","Sweeping Beam+1"],"picked":"Turbo","floor":36},{"not_picked":["Double Energy+1","Ball Lightning"],"picked":"Steam+1","floor":36},{"not_picked":["Conserve Battery","Barrage+1"],"picked":"Coolheaded+1","floor":36},{"not_picked":["Turbo+1","Chaos"],"picked":"Echo Form","floor":36},{"not_picked":["Rebound+1","Sunder+1"],"picked":"Hologram+1","floor":37},{"not_picked":["Barrage","Leap","Redo+1"],"picked":"SKIP","floor":39},{"not_picked":["Auto Shields+1","Fusion+1"],"picked":"Defragment","floor":44},{"not_picked":["Genetic Algorithm","Static Discharge+1","Conserve Battery+1"],"picked":"SKIP","floor":45},{"not_picked":["Genetic Algorithm","Ball Lightning+1","Streamline"],"picked":"SKIP","floor":47},{"not_picked":["Compile Driver+1","Ball Lightning"],"picked":"Defragment+1","floor":48}],"player_experience":318359,"relics_obtained":[{"floor":9,"key":"Oddly Smooth Stone"},{"floor":10,"key":"Pear"},{"floor":12,"key":"Peace Pipe"},{"floor":20,"key":"War Paint"},{"floor":25,"key":"Bag of Preparation"},{"floor":26,"key":"Unceasing Top"},{"floor":43,"key":"Turnip"}],"event_choices":[{"damage_healed":0,"gold_gain":0,"cards_transformed":["Strike_B"],"player_choice":"Transformed","damage_taken":0,"max_hp_gain":0,"max_hp_loss":0,"event_name":"Transmorgrifier","floor":5,"gold_loss":0,"cards_obtained":["Gash"]},{"damage_healed":0,"gold_gain":0,"player_choice":"Grow","damage_taken":0,"max_hp_gain":0,"max_hp_loss":0,"event_name":"Living Wall","floor":13,"gold_loss":0,"cards_upgraded":["Conserve Battery"]},{"damage_healed":0,"gold_gain":0,"player_choice":"Opened","damage_taken":0,"relics_obtained":["StrikeDummy"],"max_hp_gain":0,"max_hp_loss":0,"event_name":"The Mausoleum","floor":19,"gold_loss":0,"cards_obtained":["Writhe"]},{"damage_healed":0,"gold_gain":100,"player_choice":"Pray","damage_taken":0,"max_hp_gain":0,"max_hp_loss":0,"event_name":"Golden Shrine","floor":30,"gold_loss":0},{"damage_healed":0,"gold_gain":0,"player_choice":"0 cards matched","damage_taken":0,"max_hp_gain":0,"max_hp_loss":0,"event_name":"Match and Keep!","floor":40,"gold_loss":0,"cards_obtained":[]}],"is_beta":false,"boss_relics":[{"not_picked":["Philosopher\u0027s Stone","Calling Bell"],"picked":"Velvet Choker"},{"not_picked":["Astrolabe","Inserter"],"picked":"Pandora\u0027s Box"}],"items_purged_floors":[24],"is_endless":false,"potions_floor_spawned":[3,7,14,18,21,31,44,45,48],"ascension_level":8}}