{"host":"baymyijz6sxaqj5s","time":1608879911,"event":{"mods":["AchievementEnabler","BaseMod","Colored Map","Colored Powertips","DeckTracker","KOR Keyword Fix","Keyboard Shortcuts","Minty Spire (QoL Compilation)","Quick Restart","StSLib","SuperFastMode"],"gold_per_floor":[113,113,130,145,71,71,84,101,101,113,60,60,94,106,106,106,106],"floor_reached":16,"playtime":627,"items_purged":[],"score":134,"play_id":"7aade064-eb88-40d6-8b93-dee9e434c475","local_time":"20201225160511","is_ascension_mode":true,"campfire_choices":[{"data":"Blur","floor":6,"key":"SMITH"},{"floor":15,"key":"REST"}],"circlet_count":0,"master_deck":["Strike_G","Strike_G","Strike_G","Strike_G","Strike_G","Defend_G","Defend_G","Defend_G","Defend_G","Defend_G","Survivor","Neutralize","Deadly Poison","Enlightenment","Blur+1","Crippling Poison+1","Backflip","Bane","Outmaneuver","Dodge and Roll"],"relics":["Ring of the Snake","Eternal Feather","Pear"],"acts_visited":["Exordium"],"potions_floor_usage":[13,16,16,16],"damage_taken":[{"damage":2,"enemies":"2 Louse","floor":1,"turns":3},{"damage":2,"enemies":"Cultist","floor":3,"turns":4},{"damage":1,"enemies":"Jaw Worm","floor":4,"turns":5},{"damage":1,"enemies":"Looter","floor":7,"turns":4},{"damage":4,"enemies":"Gremlin Gang","floor":8,"turns":6},{"damage":7,"enemies":"3 Louse","floor":10,"turns":4},{"damage":27,"enemies":"3 Sentries","floor":13,"turns":11},{"damage":1,"enemies":"Exordium Wildlife","floor":14,"turns":3},{"damage":95,"enemies":"Slime Boss","floor":16,"turns":12}],"seed_played":"3738557948530850373","potions_obtained":[{"floor":7,"key":"Swift Potion"},{"floor":8,"key":"FearPotion"},{"floor":13,"key":"Fire Potion"},{"floor":14,"key":"Regen Potion"}],"is_trial":false,"path_per_floor":["M","?","M","M","$","R","M","M","T","M","$","?","E","M","R","B"],"character_chosen":"THE_SILENT","items_purchased":["Crippling Poison","Dodge and Roll"],"campfire_rested":1,"item_purchase_floors":[5,11],"current_hp_per_floor":[75,75,73,72,72,72,71,67,67,60,60,60,43,42,80,0,0],"gold":106,"neow_bonus":"TEN_PERCENT_HP_BONUS","is_daily":false,"chose_seed":false,"campfire_upgraded":1,"win_rate":0.0,"timestamp":1608879911,"path_taken":["M","?","M","M","$","R","M","?","T","M","$","?","E","M","R","BOSS"],"items_purchased_type":["Card","Card"],"build_version":"2020-12-22","purchased_purges":0,"victory":false,"max_hp_per_floor":[77,77,77,77,77,77,77,77,77,77,77,77,87,87,87,87,87],"card_choices":[{"not_picked":["Prepared","Catalyst"],"picked":"Deadly Poison","floor":1},{"not_picked":["PiercingWail","Predator","Flechettes"],"picked":"SKIP","floor":3},{"not_picked":["Cloak And Dagger","Dodge and Roll"],"picked":"Blur","floor":4},{"not_picked":["Masterful Stab","Dodge and Roll"],"picked":"Backflip","floor":7},{"not_picked":["Prepared","Wraith Form v2"],"picked":"Bane","floor":8},{"not_picked":["Blade Dance","Prepared"],"picked":"Outmaneuver","floor":10},{"not_picked":["Dodge and Roll","A Thousand Cuts","Dagger Throw"],"picked":"SKIP","floor":13},{"not_picked":["Eviscerate","Cloak And Dagger","Dodge and Roll"],"picked":"SKIP","floor":14}],"player_experience":231206,"relics_obtained":[{"floor":9,"key":"Eternal Feather"},{"floor":13,"key":"Pear"}],"event_choices":[{"damage_healed":0,"gold_gain":0,"player_choice":"1 cards matched","damage_taken":0,"max_hp_gain":0,"max_hp_loss":0,"event_name":"Match and Keep!","floor":2,"gold_loss":0,"cards_obtained":["Enlightenment"]},{"damage_healed":0,"gold_gain":0,"player_choice":"Grow","damage_taken":0,"max_hp_gain":0,"max_hp_loss":0,"event_name":"Living Wall","floor":12,"gold_loss":0,"cards_upgraded":["Crippling Poison"]}],"is_beta":false,"boss_relics":[],"items_purged_floors":[],"is_endless":false,"potions_floor_spawned":[7,8,13,14],"killed_by":"Slime Boss","ascension_level":1}}