{"host":"uflv0e3ja7hvnij7","time":1608917876,"event":{"mods":["Aspiration","BaseMod","Better Altar","Better Match","Better Note","Better Sensory Stone","Better Skull","Better Third Choice","Conspire","Downfall","Hubris","Infinite Spire","Minty Spire (QoL Compilation)","Permanent Neow","StSLib"],"gold_per_floor":[117,117,44,44,44,44,73,73,124,124,124,49,80,100,100,220,220,233,179,179],"floor_reached":19,"playtime":674,"items_purged":["Pain"],"score":221,"play_id":"67d357e1-2969-4204-995d-619b0a90c83c","local_time":"20201225123756","is_ascension_mode":false,"campfire_choices":[{"data":"infinitespire:OneForAll","floor":6,"key":"SMITH"},{"floor":11,"key":"REST"},{"floor":15,"key":"REST"}],"circlet_count":0,"master_deck":["Strike_R","Strike_R","Strike_R+1","Strike_R","Strike_R","Defend_R","Defend_R+1","Defend_R","Defend_R","Bash","infinitespire:OneForAll+1","Injury","Whirlwind+1","Injury","Pommel Strike+1","conspire:ExplosiveBarrier","Brutality","Uppercut+1","Perfected Strike+1"],"relics":["Burning Blood","FossilizedHelix","Regal Pillow","Molten Egg 2","infinitespire:Lucky Rock","hubris:TenFootPole","Golden Idol","Happy Flower","infinitespire:Burning Sword"],"acts_visited":["Exordium","TheCity"],"potions_floor_usage":[16],"damage_taken":[{"damage":7,"enemies":"Small Slimes","floor":1,"turns":4},{"damage":59,"enemies":"Gremlin Nob","floor":7,"turns":6},{"damage":18,"enemies":"Lagavulin","floor":13,"turns":4},{"damage":0,"enemies":"2 Louse","floor":14,"turns":3},{"damage":3,"enemies":"Slime Boss","floor":16,"turns":6},{"damage":27,"enemies":"Chosen","floor":18,"turns":5}],"seed_played":"2285618030547839093","potions_obtained":[{"floor":7,"key":"SkillPotion"},{"floor":18,"key":"PowerPotion"}],"is_trial":false,"path_per_floor":["M","?","$","?","$","R","E","?","T","?","R","$","E","M","R","B",null,"M","$"],"character_chosen":"IRONCLAD","items_purchased":["infinitespire:OneForAll","Perfected Strike+1"],"campfire_rested":2,"item_purchase_floors":[3,19],"current_hp_per_floor":[79,79,79,79,79,79,26,10,10,10,49,49,37,43,80,80,80,59,59,59],"gold":179,"neow_bonus":"ONE_RARE_RELIC","is_daily":false,"chose_seed":false,"campfire_upgraded":1,"win_rate":0.0,"timestamp":1608917876,"path_taken":["M","?","$","?","?","R","E","?","T","?","R","$","E","M","R","BOSS","M","$"],"items_purchased_type":["Card","Card"],"build_version":"2020-12-22","purchased_purges":1,"victory":false,"max_hp_per_floor":[80,80,80,80,80,80,80,80,80,80,80,80,80,80,80,80,80,80,80,80],"card_choices":[{"not_picked":["Body Slam","Heavy Blade","Hemokinesis"],"picked":"SKIP","floor":1},{"not_picked":["Intimidate","Blood for Blood+1"],"picked":"Whirlwind+1","floor":7},{"not_picked":["Entrench","hubris:ReadiedAction"],"picked":"Pommel Strike+1","floor":13},{"not_picked":["True Grit","Whirlwind+1"],"picked":"conspire:ExplosiveBarrier","floor":14},{"not_picked":["Impervious","Corruption"],"picked":"Brutality","floor":16},{"not_picked":["Cleave+1","hubris:ReadiedAction"],"picked":"Uppercut+1","floor":18}],"player_experience":368143,"relics_obtained":[{"floor":2,"key":"Regal Pillow"},{"floor":7,"key":"infinitespire:Lucky Rock"},{"floor":9,"key":"hubris:TenFootPole"},{"floor":13,"key":"Happy Flower"}],"event_choices":[{"damage_healed":26,"gold_gain":0,"player_choice":"Upgrade","damage_taken":16,"max_hp_gain":0,"max_hp_loss":80,"event_name":"betterThird:BetterShining","floor":8,"gold_loss":0,"cards_upgraded":["Strike_R","Defend_R"]},{"damage_healed":0,"gold_gain":0,"player_choice":"Take Wound","damage_taken":0,"relics_obtained":["Golden Idol"],"max_hp_gain":0,"max_hp_loss":0,"event_name":"Golden Idol","floor":10,"gold_loss":0,"cards_obtained":["Injury"]}],"is_beta":false,"boss_relics":[{"not_picked":["aspiration:SecretTechniqueScroll","hubris:ScarierMask"],"picked":"infinitespire:Burning Sword"}],"items_purged_floors":[12],"is_endless":false,"potions_floor_spawned":[7,18],"ascension_level":0}}