{"host":"ljnkpwbnfujn5lym","time":1608924394,"event":{"mods":["Bard","BaseMod","Better Note","Colored Map","Colored Powertips","Exacting","Googly Eyes","Highlight Path","Infinite Spire","Minty Spire (QoL Compilation)","Permanent Neow","Quick Restart","Relic Sorter","Relic Stats","Replay The Spire","StSLib","The IronCluck","slay the spire mod where everything is the same but ironclad has a cowboy hat"],"gold_per_floor":[117,117,42,42,61,96,96,106,106,131,131,131,160,160,160,238,238,251,66,103,113,113,113,113,128,128,145,170,170,170,200,200,275,275,306,306,357,373,373,373,373,403,403,403,433,448,448,481,481,481],"floor_reached":51,"playtime":1343,"items_purged":["Strike_B","Strike_B","Overencumbered"],"score":1156,"play_id":"25b43a6f-f040-41d7-bf38-9db827b51970","local_time":"20201225132634","is_ascension_mode":true,"campfire_choices":[{"floor":7.0,"key":"REST"},{"data":"Beam Cell","floor":12.0,"key":"SMITH"},{"floor":15.0,"key":"REST"},{"data":"Leap","floor":23.0,"key":"SMITH"},{"data":"Defend_B","floor":30.0,"key":"SMITH"},{"data":"Defend_B","floor":32.0,"key":"SMITH"},{"floor":40,"key":"REST"},{"floor":44,"key":"REST"},{"floor":47,"key":"REST"},{"floor":49,"key":"REST"}],"circlet_count":0,"master_deck":["AscendersBane","Defend_B+1","Defend_B","Defend_B+1","Zap","Dualcast","Hyperbeam+1","Leap+1","Compile Driver","Beam Cell+1","Undo+1","Steam","Hyperbeam+1","Rebound+1","Genetic Algorithm+1","Echo Form+1","Buffer+1"],"relics":["Cracked Core","Replay:Bottled Eggs","Eternal Feather","Cables","Golden Egg","Shuriken","infinitespire:Cupcake","White Beast Statue","Replay:WaspNest","infinitespire:CheckeredPen","Dream Catcher","Ginger","Velvet Choker","Lizard Tail","Busted Crown","infinitespire:Golems Mask","Geode","CaptainsWheel","infinitespire:Broken Mirror","Potion Belt"],"acts_visited":["Exordium","TheCity","TheBeyond"],"potions_floor_usage":[33,33,37],"damage_taken":[{"damage":9.0,"enemies":"Jaw Worm","floor":1.0,"turns":4.0},{"damage":0.0,"enemies":"Cultist","floor":5.0,"turns":3.0},{"damage":16.0,"enemies":"3 Sentries","floor":6.0,"turns":3.0},{"damage":2.0,"enemies":"Small Slimes","floor":8.0,"turns":3.0},{"damage":8.0,"enemies":"Gremlin Nob","floor":10.0,"turns":3.0},{"damage":6.0,"enemies":"3 Sentries","floor":13.0,"turns":5.0},{"damage":17.0,"enemies":"The Guardian","floor":16.0,"turns":7.0},{"damage":6.0,"enemies":"2 Thieves","floor":18.0,"turns":2.0},{"damage":0.0,"enemies":"Chosen","floor":21.0,"turns":2.0},{"damage":13.0,"enemies":"Snecko","floor":25.0,"turns":3.0},{"damage":0.0,"enemies":"Cultist and Chosen","floor":27.0,"turns":3.0},{"damage":0.0,"enemies":"Slavers","floor":28.0,"turns":1.0},{"damage":17.0,"enemies":"Book of Stabbing","floor":31.0,"turns":4.0},{"damage":140,"enemies":"Champ","floor":33,"turns":13},{"damage":0,"enemies":"3 Darklings","floor":35,"turns":2},{"damage":32,"enemies":"2 Orb Walkers","floor":37,"turns":4},{"damage":16,"enemies":"Orb Walker","floor":38,"turns":3},{"damage":26,"enemies":"Reptomancer","floor":42,"turns":4},{"damage":2,"enemies":"Sphere and 2 Shapes","floor":45,"turns":3},{"damage":32,"enemies":"4 Shapes","floor":46,"turns":2},{"damage":20,"enemies":"R_Hoarder","floor":48,"turns":8},{"damage":0,"enemies":"Time Eater","floor":50,"turns":1}],"seed_played":"-1255416032780515581","potions_obtained":[{"floor":1.0,"key":"infinitespire:BlackPotion"},{"floor":6.0,"key":"FearPotion"},{"floor":10.0,"key":"EntropicBrew"},{"floor":16.0,"key":"LiquidBronze"},{"floor":18.0,"key":"DistilledChaos"},{"floor":25.0,"key":"FairyPotion"},{"floor":33,"key":"BlessingOfTheForge"},{"floor":35,"key":"Swift Potion"},{"floor":37,"key":"Adrenaline Potion"},{"floor":38,"key":"DistilledChaos"},{"floor":42,"key":"DuplicationPotion"},{"floor":46,"key":"PowerPotion"},{"floor":48,"key":"EntropicBrew"}],"is_trial":false,"path_per_floor":["M","?","$","$","M","E","R","M","T","E","$","R","E","?","R","B",null,"M","$","?","M","?","R","$","M","T","M","E","?","R","E","R","B",null,"M","?","?","M","?","R","AVR","E","T","R","M","M","R","E","R","B",null],"character_chosen":"DEFECT","items_purchased":["Genetic Algorithm"],"campfire_rested":6,"item_purchase_floors":[19],"current_hp_per_floor":[37,37,37,37,37,21,42,40,40,32,32,38,32,11,38,21,59,53,53,53,53,53,62,62,49,49,49,49,49,58,41,50,32,61,61,61,29,13,13,42,42,16,16,45,43,11,40,20,49,49],"gold":481,"neow_bonus":"TRANSFORM_TWO_CARDS","is_daily":false,"chose_seed":false,"campfire_upgraded":4,"win_rate":0.0,"timestamp":1608924394,"path_taken":["M","?","?","$","M","E","R","M","T","E","$","R","E","?","R","BOSS","M","$","?","?","?","R","$","M","T","M","E","?","R","E","R","BOSS","M","?","?","M","?","R","AVR","E","T","R","M","M","R","E","R","BOSS"],"items_purchased_type":["Card"],"build_version":"2020-12-22","purchased_purges":3,"victory":true,"max_hp_per_floor":[71,71,71,71,71,71,71,71,71,71,71,71,71,71,71,71,71,71,71,71,71,71,71,71,71,71,71,71,71,71,71,71,71,71,71,67,67,67,67,67,67,67,67,67,67,67,67,67,67,67],"relic_stats":{"Dream Catcher":4,"Lizard Tail":70,"Busted Crown":24,"counters":[22,83],"Shuriken":[7],"Eternal Feather":75,"Ginger":[3],"obtain_stats":[{"Potion Belt":48,"Golden Egg":11,"Velvet Choker":33,"Eternal Feather":9,"Replay:WaspNest":26,"Geode":41,"infinitespire:CheckeredPen":28,"Ginger":31,"White Beast Statue":20,"Cables":10,"Dream Catcher":29,"Lizard Tail":33,"CaptainsWheel":42,"Busted Crown":34,"Shuriken":13,"infinitespire:Broken Mirror":43,"infinitespire:Golems Mask":37,"Replay:Bottled Eggs":6,"Cracked Core":0,"infinitespire:Cupcake":17},{"Potion Belt":21,"Golden Egg":5,"Velvet Choker":14,"Eternal Feather":4,"Replay:WaspNest":10,"Geode":17,"infinitespire:CheckeredPen":12,"Ginger":13,"White Beast Statue":8,"Cables":5,"Dream Catcher":12,"Lizard Tail":14,"CaptainsWheel":18,"Busted Crown":14,"Shuriken":6,"infinitespire:Broken Mirror":18,"infinitespire:Golems Mask":16,"Replay:Bottled Eggs":3,"Cracked Core":0,"infinitespire:Cupcake":7},{"Potion Belt":82,"Golden Egg":16,"Velvet Choker":44,"Eternal Feather":13,"Replay:WaspNest":35,"Geode":65,"infinitespire:CheckeredPen":39,"Ginger":43,"White Beast Statue":30,"Cables":16,"Dream Catcher":39,"Lizard Tail":53,"CaptainsWheel":69,"Busted Crown":56,"Shuriken":21,"infinitespire:Broken Mirror":69,"infinitespire:Golems Mask":62,"Replay:Bottled Eggs":10,"Cracked Core":0,"infinitespire:Cupcake":28}],"Cables":[50,44,0,4,0]},"card_choices":[{"not_picked":["Redo","Stack"],"picked":"Leap","floor":1.0},{"not_picked":["Rebound","Hologram"],"picked":"Beam Cell","floor":5.0},{"not_picked":["Capacitor","Sweeping Beam"],"picked":"Undo","floor":6.0},{"not_picked":["Ball Lightning","BasicCrystalCard","Stack"],"picked":"SKIP","floor":8.0},{"not_picked":["Leap","Steam Power"],"picked":"Steam","floor":10.0},{"not_picked":["Barrage","Multi-Cast","Tempest"],"picked":"SKIP","floor":13.0},{"not_picked":["ReplayTheSpireMod:Fabricate Wheel","Meteor Strike"],"picked":"Hyperbeam","floor":16.0},{"not_picked":["BasicCrystalCard","Steam Power"],"picked":"Rebound+1","floor":18.0},{"not_picked":["Steam","BasicCrystalCard","ReplayGash"],"picked":"SKIP","floor":21.0},{"not_picked":["Undo","Lockon","Recycle"],"picked":"SKIP","floor":25.0},{"not_picked":["BasicCrystalCard","Electrodynamics","Cold Snap"],"picked":"SKIP","floor":27.0},{"not_picked":["Rip and Tear","Blizzard","Turbo"],"picked":"SKIP","floor":28.0},{"not_picked":["ReplayTheSpireMod:System Scan","Sweeping Beam","Turbo"],"picked":"SKIP","floor":31.0},{"not_picked":["ReplayRNGCard","Meteor Strike"],"picked":"Echo Form","floor":33},{"not_picked":["Steam"],"picked":"SKIP","floor":35},{"not_picked":["Ball Lightning"],"picked":"SKIP","floor":38},{"not_picked":["Gash"],"picked":"SKIP","floor":42},{"not_picked":["Ball Lightning+1"],"picked":"SKIP","floor":45},{"not_picked":[],"picked":"Buffer","floor":46},{"not_picked":["ReplayTheSpireMod:GoodbyeWorld"],"picked":"SKIP","floor":48}],"player_experience":632810,"relics_obtained":[{"floor":6.0,"key":"Replay:Bottled Eggs"},{"floor":9.0,"key":"Eternal Feather"},{"floor":10.0,"key":"Cables"},{"floor":13.0,"key":"Shuriken"},{"floor":20.0,"key":"White Beast Statue"},{"floor":26.0,"key":"Replay:WaspNest"},{"floor":28.0,"key":"infinitespire:CheckeredPen"},{"floor":31.0,"key":"Ginger"},{"floor":37,"key":"infinitespire:Golems Mask"},{"floor":42,"key":"CaptainsWheel"},{"floor":43,"key":"infinitespire:Broken Mirror"},{"floor":48,"key":"Potion Belt"}],"event_choices":[{"damage_healed":0.0,"max_hp_gain":0.0,"max_hp_loss":0.0,"gold_gain":0.0,"cards_transformed":["Defragment"],"event_name":"Transmorgrifier","player_choice":"Transformed","floor":2.0,"gold_loss":0.0,"damage_taken":0.0,"cards_obtained":["Compile Driver"]},{"damage_healed":0.0,"max_hp_gain":0.0,"max_hp_loss":0.0,"gold_gain":0.0,"event_name":"Shining Light","player_choice":"Entered Light","floor":14.0,"gold_loss":0.0,"damage_taken":21.0,"cards_upgraded":["Undo","Defend_B"]},{"damage_healed":0.0,"max_hp_gain":0.0,"max_hp_loss":0.0,"gold_gain":0.0,"event_name":"Vampires","player_choice":"Ignored","floor":22.0,"gold_loss":0.0,"damage_taken":0.0},{"damage_healed":0,"gold_gain":0,"player_choice":"Max HP","damage_taken":0,"max_hp_gain":0,"max_hp_loss":4,"event_name":"Winding Halls","floor":36,"gold_loss":0},{"damage_healed":0,"gold_gain":0,"player_choice":"Fight","damage_taken":0,"max_hp_gain":0,"max_hp_loss":0,"event_name":"Mysterious Sphere","floor":37,"gold_loss":0},{"cards_removed":["Defend_B"],"damage_healed":0,"gold_gain":0,"player_choice":"Removed Skill","damage_taken":0,"max_hp_gain":0,"max_hp_loss":0,"event_name":"Falling","floor":39,"gold_loss":0}],"is_beta":false,"boss_relics":[{"not_picked":["Replay:Ancient Bell","Painkiller Herb"],"picked":"infinitespire:Cupcake"},{"not_picked":["ReplayTheSpireMod:DimensionalGlitch","Ring of Chaos"],"picked":"Busted Crown"}],"items_purged_floors":[3,19,41],"is_endless":false,"potions_floor_spawned":[1,6,10,16,18,21,25,27,28,31,33,35,37,38,42,45,46,48],"ascension_level":18}}