{"host":"c1txmgieh3l0l36r","time":1608911329,"event":{"mods":["BaseMod","Colored Map","DeckTracker","Keyboard Shortcuts","Minty Spire (QoL Compilation)","Permanent Neow","SuperFastMode","everything is the same but u backflip on backflip"],"gold_per_floor":[115,131,144,158,158,158,178,178,204,224,239,239,256,291,291,389,389,409,29,29,29,41,41,68,68,68,68,83,8,27,42,42,139,139,157,157,212,212,226,226,226,226,251,274,286,298,83,94,94,94,94],"floor_reached":50,"playtime":3191,"items_purged":["Defend_G"],"score":464,"play_id":"7d92bdb1-b7f2-4134-81a6-be11df65bb67","local_time":"20201226004849","is_ascension_mode":false,"campfire_choices":[{"floor":6.0,"key":"REST"},{"data":"Backflip","floor":8.0,"key":"SMITH"},{"data":"Neutralize","floor":12.0,"key":"SMITH"},{"floor":15.0,"key":"REST"},{"floor":23.0,"key":"REST"},{"data":"Tools of the Trade","floor":27.0,"key":"SMITH"},{"data":"Calculated Gamble","floor":32.0,"key":"SMITH"},{"floor":40,"key":"REST"},{"floor":42,"key":"REST"},{"floor":46,"key":"REST"},{"data":"Footwork","floor":49,"key":"SMITH"}],"circlet_count":0,"master_deck":["Strike_G+1","Strike_G+1","Strike_G+1","Defend_G+1","Defend_G+1","Defend_G+1","Survivor+1","Neutralize+1","Deadly Poison+1","PiercingWail+1","Reflex+1","Cloak And Dagger+1","Backflip+1","Underhanded Strike+1","Tools of the Trade+1","After Image+1","Tactician+1","Adrenaline+1","Backflip+1","Acrobatics+1","Calculated Gamble+1","Dagger Throw+1","Burst+1","Quick Slash+1","Madness+1","Madness+1","Prepared+1","Master of Strategy+1","Blur+1","Footwork+1","Tactician+1"],"relics":["Ring of the Snake","Blood Vial","Orichalcum","Bag of Marbles","WristBlade","War Paint","Juzu Bracelet","StoneCalendar","Empty Cage","Prayer Wheel","MawBank","Mark of the Bloom"],"acts_visited":["Exordium","TheCity","TheBeyond"],"potions_floor_usage":[50,50,50],"damage_taken":[{"damage":2.0,"enemies":"Small Slimes","floor":1.0,"turns":4.0},{"damage":0.0,"enemies":"Cultist","floor":2.0,"turns":4.0},{"damage":1.0,"enemies":"2 Louse","floor":3.0,"turns":3.0},{"damage":23.0,"enemies":"Lots of Slimes","floor":4.0,"turns":8.0},{"damage":1.0,"enemies":"Blue Slaver","floor":7.0,"turns":5.0},{"damage":4.0,"enemies":"Exordium Wildlife","floor":10.0,"turns":8.0},{"damage":6.0,"enemies":"Lots of Slimes","floor":11.0,"turns":7.0},{"damage":0.0,"enemies":"Blue Slaver","floor":13.0,"turns":5.0},{"damage":10.0,"enemies":"Gremlin Nob","floor":14.0,"turns":4.0},{"damage":16.0,"enemies":"Hexaghost","floor":16.0,"turns":15.0},{"damage":9.0,"enemies":"2 Thieves","floor":18.0,"turns":5.0},{"damage":0.0,"enemies":"3 Byrds","floor":22.0,"turns":5.0},{"damage":6.0,"enemies":"Book of Stabbing","floor":24.0,"turns":7.0},{"damage":0.0,"enemies":"Centurion and Healer","floor":28.0,"turns":6.0},{"damage":0.0,"enemies":"Snecko","floor":30.0,"turns":5.0},{"damage":0.0,"enemies":"Snake Plant","floor":31.0,"turns":4.0},{"damage":3.0,"enemies":"Automaton","floor":33.0,"turns":12.0},{"damage":1,"enemies":"3 Darklings","floor":35,"turns":6},{"damage":40,"enemies":"2 Orb Walkers","floor":37,"turns":7},{"damage":2,"enemies":"Orb Walker","floor":39,"turns":4},{"damage":6,"enemies":"4 Shapes","floor":44,"turns":6},{"damage":0,"enemies":"Jaw Worm Horde","floor":48,"turns":5},{"damage":93,"enemies":"Time Eater","floor":50,"turns":20}],"seed_played":"-4514527458325678317","potions_obtained":[{"floor":3.0,"key":"Fire Potion"},{"floor":4.0,"key":"LiquidBronze"},{"floor":7.0,"key":"Swift Potion"},{"floor":14.0,"key":"Dexterity Potion"},{"floor":16.0,"key":"AttackPotion"},{"floor":18.0,"key":"Dexterity Potion"},{"floor":28.0,"key":"EssenceOfSteel"},{"floor":48,"key":"SpeedPotion"}],"is_trial":false,"path_per_floor":["M","M","M","M","?","R","M","R","T","M","M","R","M","E","R","B",null,"M","$","?","?","M","R","E","?","T","R","M","$","M","M","R","B",null,"M","?","?","?","M","R","?","R","T","M","?","R","$","M","R","B"],"character_chosen":"THE_SILENT","items_purchased":["Adrenaline","War Paint","LiquidMemories","Footwork","Energy Potion","SkillPotion","ColorlessPotion"],"campfire_rested":6,"item_purchase_floors":[19,19,29,47,47,47,47],"current_hp_per_floor":[68,70,69,47,40,61,62,62,62,60,56,56,58,50,70,54,70,61,61,48,48,50,72,68,68,68,68,70,70,72,74,74,72,75,74,65,27,27,27,49,49,71,71,67,67,67,67,67,67,0,0],"gold":94,"neow_bonus":"RANDOM_COMMON_RELIC","is_daily":false,"chose_seed":false,"campfire_upgraded":5,"win_rate":0.0,"timestamp":1608911329,"path_taken":["M","M","M","M","?","R","M","R","T","M","M","R","M","E","R","BOSS","M","$","?","?","?","R","E","?","T","R","M","$","M","M","R","BOSS","M","?","?","?","M","R","?","R","T","M","?","R","?","M","R","BOSS"],"items_purchased_type":["Card","Relic","Potion","Card","Potion","Potion","Potion"],"build_version":"2020-12-22","purchased_purges":1,"victory":false,"max_hp_per_floor":[70,70,70,70,70,70,70,70,70,70,70,70,70,70,70,70,70,70,70,75,75,75,75,75,75,75,75,75,75,75,75,75,75,75,75,75,75,75,75,75,75,75,75,75,75,75,75,75,75,75,75],"card_choices":[{"not_picked":["PiercingWail","Blur"],"picked":"Deadly Poison","floor":1.0},{"not_picked":["Poisoned Stab","Backstab"],"picked":"PiercingWail","floor":2.0},{"not_picked":["Flying Knee","Flechettes"],"picked":"Reflex","floor":3.0},{"not_picked":["All Out Attack","Leg Sweep"],"picked":"Cloak And Dagger","floor":4.0},{"not_picked":["Flying Knee","Blade Dance"],"picked":"Backflip","floor":7.0},{"not_picked":["Slice","Sucker Punch","Dodge and Roll"],"picked":"SKIP","floor":10.0},{"not_picked":["Wraith Form v2","Bane"],"picked":"Underhanded Strike","floor":11.0},{"not_picked":["Predator","Dodge and Roll","Cloak And Dagger"],"picked":"SKIP","floor":13.0},{"not_picked":["Quick Slash","Calculated Gamble"],"picked":"Tools of the Trade","floor":14.0},{"not_picked":["Die Die Die","Tools of the Trade"],"picked":"After Image","floor":16.0},{"not_picked":["Sucker Punch","Deadly Poison"],"picked":"Tactician","floor":18.0},{"not_picked":["Sucker Punch","Slice","Well Laid Plans"],"picked":"SKIP","floor":22.0},{"not_picked":["PiercingWail","Calculated Gamble"],"picked":"Backflip+1","floor":24.0},{"not_picked":["Bane","Riddle With Holes","PiercingWail+1"],"picked":"SKIP","floor":28.0},{"not_picked":["Skewer","Deadly Poison+1"],"picked":"Calculated Gamble","floor":30.0},{"not_picked":["Distraction+1","Backflip"],"picked":"Dagger Throw","floor":31.0},{"not_picked":["Glass Knife","Phantasmal Killer"],"picked":"Burst","floor":33.0},{"not_picked":["Poisoned Stab+1","Endless Agony+1"],"picked":"Quick Slash","floor":35},{"not_picked":["Catalyst","Deflect+1"],"picked":"Prepared","floor":39},{"not_picked":["Expertise","Predator","All Out Attack+1"],"picked":"SKIP","floor":39},{"not_picked":["Mind Blast","Madness"],"picked":"Master of Strategy","floor":41},{"not_picked":["Noxious Fumes+1","Deflect"],"picked":"Blur","floor":44},{"not_picked":["Quick Slash+1","Slice","Skewer"],"picked":"SKIP","floor":44},{"not_picked":["Footwork","Bane"],"picked":"Tactician+1","floor":48},{"not_picked":["Endless Agony","Dagger Spray+1","Well Laid Plans+1"],"picked":"SKIP","floor":48}],"player_experience":64690,"relics_obtained":[{"floor":9.0,"key":"Orichalcum"},{"floor":14.0,"key":"Bag of Marbles"},{"floor":24.0,"key":"Juzu Bracelet"},{"floor":26.0,"key":"StoneCalendar"},{"floor":37,"key":"Prayer Wheel"},{"floor":43,"key":"MawBank"}],"event_choices":[{"cards_removed":["Strike_G"],"damage_healed":0.0,"max_hp_gain":0.0,"max_hp_loss":0.0,"gold_gain":0.0,"event_name":"Golden Wing","player_choice":"Card Removal","floor":5.0,"gold_loss":0.0,"damage_taken":7.0},{"damage_healed":0.0,"max_hp_gain":5.0,"max_hp_loss":0.0,"gold_gain":0.0,"event_name":"Forgotten Altar","player_choice":"Shed Blood","floor":20.0,"gold_loss":0.0,"damage_taken":18.0},{"damage_healed":0.0,"max_hp_gain":0.0,"max_hp_loss":0.0,"gold_gain":0.0,"event_name":"Accursed Blacksmith","player_choice":"Forge","floor":21.0,"gold_loss":0.0,"damage_taken":0.0,"cards_upgraded":["Tactician"]},{"damage_healed":0.0,"max_hp_gain":0.0,"max_hp_loss":0.0,"gold_gain":0.0,"event_name":"The Library","player_choice":"Read","floor":25.0,"gold_loss":0.0,"damage_taken":0.0,"cards_obtained":["Acrobatics"]},{"damage_healed":0,"gold_gain":0,"player_choice":"Embrace Madness","damage_taken":9,"max_hp_gain":0,"max_hp_loss":0,"event_name":"Winding Halls","floor":36,"gold_loss":0,"cards_obtained":["Madness","Madness"]},{"damage_healed":0,"gold_gain":0,"player_choice":"Fight","damage_taken":0,"max_hp_gain":0,"max_hp_loss":0,"event_name":"Mysterious Sphere","floor":37,"gold_loss":0},{"damage_healed":0,"gold_gain":0,"player_choice":"Ignored","damage_taken":0,"max_hp_gain":0,"max_hp_loss":0,"event_name":"SecretPortal","floor":38,"gold_loss":0},{"damage_healed":0,"gold_gain":0,"player_choice":"Memory 1","damage_taken":0,"max_hp_gain":0,"max_hp_loss":0,"event_name":"SensoryStone","floor":41,"gold_loss":0},{"damage_healed":0,"gold_gain":0,"player_choice":"Upgrade","damage_taken":0,"relics_obtained":["Mark of the Bloom"],"max_hp_gain":0,"max_hp_loss":0,"event_name":"MindBloom","floor":45,"gold_loss":0,"cards_upgraded":["Strike_G","Strike_G","Strike_G","Defend_G","Defend_G","Defend_G","Survivor","Deadly Poison","PiercingWail","Reflex","Underhanded Strike","After Image","Acrobatics","Dagger Throw","Burst","Quick Slash","Madness","Madness","Prepared","Master of Strategy","Blur"]}],"is_beta":false,"boss_relics":[{"not_picked":["Cursed Key","Sozu"],"picked":"WristBlade"},{"not_picked":["Snecko Eye","Velvet Choker"],"picked":"Empty Cage"}],"items_purged_floors":[19],"is_endless":false,"potions_floor_spawned":[3,4,7,14,16,18,28,48],"killed_by":"Time Eater","ascension_level":0}}