{"host":"hfxp6ue4pvwo3fit","time":1608938312,"event":{"mods":["AchievementEnabler","BaseMod","Colored Map","Colored Powertips","Highlight Path","Minty Spire (QoL Compilation)","StSLib","SuperFastMode"],"gold_per_floor":[211,95,95,170,185,185,218,218,243,243,243,257,290,306,306,380,380,395,395,395,412,412,412,444,444,520,548,548,127,127,2,2,81,81,92,110,110,126,140,175,175,202,202,202,257,257,272,232,232,232,232],"floor_reached":52,"playtime":2201,"items_purged":[],"score":1908,"play_id":"128f056b-c168-42b9-b740-f6d6f707b1c4","local_time":"20201225171832","is_ascension_mode":true,"campfire_choices":[{"data":"Sword Boomerang","floor":6,"key":"SMITH"},{"data":"Barricade","floor":8,"key":"SMITH"},{"floor":11,"key":"REST"},{"data":"Disarm","floor":15,"key":"SMITH"},{"floor":23,"key":"REST"},{"data":"Fiend Fire","floor":25,"key":"SMITH"},{"floor":32,"key":"REST"},{"data":"Dual Wield","floor":41,"key":"SMITH"},{"data":"Demon Form","floor":44,"key":"SMITH"},{"data":"Metallicize","floor":49,"key":"SMITH"}],"circlet_count":0,"master_deck":["AscendersBane","Strike_R+1","Strike_R+1","Strike_R+1","Strike_R+1","Defend_R+1","Defend_R+1","Defend_R+1","Defend_R+1","Bash","Battle Trance","Inflame","Cleave","Sword Boomerang+1","Barricade+1","Thunderclap","Disarm+1","Fiend Fire+1","Body Slam","RitualDagger","Shockwave+1","Burning Pact","Necronomicurse","Corruption","Dual Wield+1","Flame Barrier","Clothesline","Metallicize+1","Demon Form+1","Heavy Blade+1","Heavy Blade+1","Iron Wave+1"],"relics":["Burning Blood","Oddly Smooth Stone","Akabeko","Self Forming Clay","Lizard Tail","Snecko Eye","StoneCalendar","Mummified Hand","Bronze Scales","Necronomicon","Busted Crown","Matryoshka","Frozen Egg 2","Juzu Bracelet","Orichalcum","Nunchaku"],"acts_visited":["Exordium","TheCity","TheBeyond"],"potions_floor_usage":[13,24,30,33,33,42,50,50],"damage_taken":[{"damage":3,"enemies":"Small Slimes","floor":1,"turns":4},{"damage":3,"enemies":"2 Louse","floor":5,"turns":2},{"damage":30,"enemies":"Lagavulin","floor":7,"turns":7},{"damage":0,"enemies":"Jaw Worm","floor":12,"turns":2},{"damage":5,"enemies":"Gremlin Nob","floor":13,"turns":3},{"damage":0,"enemies":"3 Louse","floor":14,"turns":1},{"damage":1,"enemies":"The Guardian","floor":16,"turns":14},{"damage":9,"enemies":"Shell Parasite","floor":18,"turns":5},{"damage":22,"enemies":"2 Thieves","floor":21,"turns":2},{"damage":24,"enemies":"Slavers","floor":24,"turns":5},{"damage":14,"enemies":"Book of Stabbing","floor":27,"turns":3},{"damage":0,"enemies":"Shelled Parasite and Fungi","floor":30,"turns":1},{"damage":50,"enemies":"Collector","floor":33,"turns":11},{"damage":0,"enemies":"Orb Walker","floor":35,"turns":1},{"damage":5,"enemies":"3 Darklings","floor":36,"turns":4},{"damage":11,"enemies":"Sphere and 2 Shapes","floor":38,"turns":2},{"damage":0,"enemies":"Writhing Mass","floor":39,"turns":4},{"damage":9,"enemies":"Nemesis","floor":40,"turns":3},{"damage":5,"enemies":"Giant Head","floor":42,"turns":4},{"damage":0,"enemies":"Jaw Worm Horde","floor":47,"turns":2},{"damage":58,"enemies":"Awakened One","floor":50,"turns":8},{"damage":8,"enemies":"Time Eater","floor":51,"turns":10}],"seed_played":"9213699829994012372","potions_obtained":[{"floor":1,"key":"DistilledChaos"},{"floor":7,"key":"SpeedPotion"},{"floor":18,"key":"Ancient Potion"},{"floor":21,"key":"Block Potion"},{"floor":27,"key":"SmokeBomb"},{"floor":36,"key":"Swift Potion"},{"floor":40,"key":"Swift Potion"},{"floor":42,"key":"Strength Potion"}],"is_trial":false,"path_per_floor":["M","$","?","?","M","R","E","R","T","?","R","M","E","M","R","B",null,"M","?","?","M","?","R","E","R","T","E","?","$","M","$","R","B",null,"M","M","?","M","M","E","R","E","T","R","T","?","M","?","R","B","B",null],"character_chosen":"IRONCLAD","items_purchased":["Inflame","Cleave","Regen Potion","Corruption","Dual Wield","Flame Barrier","Clothesline","Metallicize","LiquidMemories"],"campfire_rested":3,"item_purchase_floors":[2,2,29,29,29,29,29,31,31],"current_hp_per_floor":[71,71,64,53,56,56,32,32,32,14,36,42,43,49,49,54,70,67,67,46,30,24,48,30,30,30,22,1,1,7,7,31,43,71,77,78,78,73,79,76,76,77,77,77,77,76,76,76,76,24,22],"gold":232,"neow_bonus":"HUNDRED_GOLD","is_daily":false,"chose_seed":false,"campfire_upgraded":7,"win_rate":0.0,"timestamp":1608938312,"path_taken":["M","$","?","?","M","R","E","R","T","?","R","M","E","M","R","BOSS","M","?","?","M","?","R","E","R","T","E","?","$","M","$","R","BOSS","M","M","?","M","?","E","R","E","T","R","?","?","M","?","R","BOSS","BOSS"],"items_purchased_type":["Card","Card","Potion","Card","Card","Card","Card","Card","Potion"],"build_version":"2020-12-22","purchased_purges":0,"victory":true,"max_hp_per_floor":[75,75,75,75,75,75,75,75,75,75,75,75,75,75,75,75,75,75,75,80,80,80,80,80,80,80,80,80,80,80,80,80,80,80,80,80,80,80,80,80,80,80,80,80,80,76,76,76,76,76,76],"card_choices":[{"not_picked":["Reckless Charge","Flex"],"picked":"Battle Trance","floor":1},{"not_picked":["Headbutt","Armaments"],"picked":"Sword Boomerang","floor":5},{"not_picked":["Infernal Blade","Sword Boomerang"],"picked":"Barricade","floor":7},{"not_picked":["Cleave","Pommel Strike"],"picked":"Thunderclap","floor":12},{"not_picked":["Fire Breathing","Thunderclap","Intimidate"],"picked":"SKIP","floor":13},{"not_picked":["Battle Trance","Fiend Fire"],"picked":"Disarm","floor":14},{"not_picked":["Double Tap","Bludgeon"],"picked":"Fiend Fire","floor":16},{"not_picked":["Perfected Strike+1","Warcry+1","Combust"],"picked":"SKIP","floor":18},{"not_picked":["Headbutt","Rage"],"picked":"Body Slam","floor":21},{"not_picked":["Infernal Blade","Anger"],"picked":"Shockwave+1","floor":24},{"not_picked":["Sword Boomerang","Sentinel"],"picked":"Burning Pact","floor":27},{"not_picked":["Berserk","Feed"],"picked":"Demon Form","floor":33},{"not_picked":["Body Slam"],"picked":"SKIP","floor":35},{"not_picked":[],"picked":"Heavy Blade+1","floor":36},{"not_picked":[],"picked":"Iron Wave+1","floor":38},{"not_picked":["Second Wind"],"picked":"SKIP","floor":39},{"not_picked":["Juggernaut"],"picked":"SKIP","floor":40},{"not_picked":["Havoc+1"],"picked":"SKIP","floor":42},{"not_picked":["Hemokinesis"],"picked":"SKIP","floor":47}],"player_experience":432336,"relics_obtained":[{"floor":7,"key":"Oddly Smooth Stone"},{"floor":9,"key":"Akabeko"},{"floor":13,"key":"Lizard Tail"},{"floor":24,"key":"StoneCalendar"},{"floor":26,"key":"Mummified Hand"},{"floor":27,"key":"Bronze Scales"},{"floor":28,"key":"Necronomicon"},{"floor":40,"key":"Matryoshka"},{"floor":42,"key":"Frozen Egg 2"},{"floor":43,"key":"Juzu Bracelet"},{"floor":45,"key":"Orichalcum"},{"floor":45,"key":"Nunchaku"}],"event_choices":[{"cards_removed":["Strike_R"],"damage_healed":0,"gold_gain":0,"player_choice":"Card Removal","damage_taken":7,"max_hp_gain":0,"max_hp_loss":0,"event_name":"Golden Wing","floor":3,"gold_loss":0},{"damage_healed":0,"gold_gain":75,"player_choice":"Gather Gold","damage_taken":11,"max_hp_gain":0,"max_hp_loss":0,"event_name":"World of Goop","floor":4,"gold_loss":0},{"damage_healed":0,"gold_gain":0,"player_choice":"Success","damage_taken":18,"relics_obtained":["Self Forming Clay"],"max_hp_gain":0,"max_hp_loss":0,"event_name":"Scrap Ooze","floor":10,"gold_loss":0},{"damage_healed":0,"gold_gain":0,"player_choice":"Simplicity","damage_taken":0,"max_hp_gain":0,"max_hp_loss":0,"event_name":"Back to Basics","floor":19,"gold_loss":0,"cards_upgraded":["Strike_R","Strike_R","Strike_R","Strike_R","Defend_R","Defend_R","Defend_R","Defend_R"]},{"damage_healed":0,"gold_gain":0,"player_choice":"Shed Blood","damage_taken":26,"max_hp_gain":5,"max_hp_loss":0,"event_name":"Forgotten Altar","floor":20,"gold_loss":0},{"damage_healed":0,"gold_gain":0,"player_choice":"Joined the Cult","damage_taken":6,"max_hp_gain":0,"max_hp_loss":0,"event_name":"Nest","floor":22,"gold_loss":0,"cards_obtained":["RitualDagger"]},{"damage_healed":0,"gold_gain":0,"player_choice":"Obtained Book","damage_taken":21,"max_hp_gain":0,"max_hp_loss":0,"event_name":"Cursed Tome","floor":28,"gold_loss":0},{"damage_healed":0,"gold_gain":0,"player_choice":"Copied","damage_taken":0,"max_hp_gain":0,"max_hp_loss":0,"event_name":"Duplicator","floor":37,"gold_loss":0,"cards_obtained":["Heavy Blade"]},{"damage_healed":0,"gold_gain":0,"player_choice":"Max HP","damage_taken":0,"max_hp_gain":0,"max_hp_loss":4,"event_name":"Winding Halls","floor":46,"gold_loss":0},{"damage_healed":0,"gold_gain":0,"player_choice":"Bought 3 Potions","damage_taken":0,"max_hp_gain":0,"max_hp_loss":0,"event_name":"The Woman in Blue","floor":48,"gold_loss":0}],"is_beta":false,"boss_relics":[{"not_picked":["Fusion Hammer","Coffee Dripper"],"picked":"Snecko Eye"},{"not_picked":["Astrolabe","SlaversCollar"],"picked":"Busted Crown"}],"items_purged_floors":[],"is_endless":false,"potions_floor_spawned":[1,7,18,21,27,36,40,42],"ascension_level":20}}