{"host":"hfvpa4llnnjpeawn","time":1608933901,"event":{"mods":["2.2 Compatiblity","AchievementEnabler","Act Like it!","Aspiration","Bard","BaseMod","Beaked The Cultist","Better Sensory Stone","Better Skull","Better Third Choice","BetterRewards","CapriCore","Conspire","Downfall","Elementarium","Energized Spire","Hubris","Infinite Spire","Jorbs\u0027s Wanderer Trilogy","Minty Spire (QoL Compilation)","Replay The Spire","Shade Mod","Spicy Shops","StSLib","The Bladedancer","The Factory","The Gatherer","The Jungle","Waifu the Spire","Wandering Minibosses"],"gold_per_floor":[117,117,41,41,41,41,60,86,111,144,158,8,8,25,25,123,123,137,172,172,172,190,190,203,237,260,260,260,286,326,348,348,452,452,475,475,492,528,555,591,525,525],"floor_reached":41,"playtime":2614,"items_purged":[],"score":803,"play_id":"07e8f891-04b0-4ce8-8cee-3477350dfa26","local_time":"20201225170501","is_ascension_mode":true,"campfire_choices":[{"floor":6,"key":"REST"},{"floor":13,"key":"REST"},{"floor":15,"key":"REST"},{"data":"A Thousand Cuts","floor":23,"key":"SMITH"},{"data":"Adrenaline","floor":28,"key":"SMITH"},{"floor":32,"key":"REST"}],"circlet_count":0,"master_deck":["Defend_G","Defend_G","Defend_G","Defend_G","Survivor","Neutralize","Caltrops+1","Specialist+1","Riddle With Holes","Dagger Spray+1","Adrenaline+1","A Thousand Cuts+1","Caltrops","Blade Dance","Elementarium:GildedStrike","Elementarium:GildedStrike","Elementarium:GildedStrike","Elementarium:GildedStrike","Elementarium:GildedStrike","Infinite Blades","Acrobatics+1","Bouncing Flask+1","Cloak And Dagger+1","Burst","Endless Agony","Envenom","ReplayTheSpireMod:Shiv Toss+1","Noxious Fumes+1"],"relics":["Ring of the Snake","Thread and Needle","Replay:WaspNest","Omamori","Lizard Tail","ReplayTheSpireMod:Lightbulb","ReplayTheSpireMod:TigerMarble","Strawberry","aspiration:Nostalgia","m_BurningSludge","beaked:MawFillet","aspiration:Lifesprig","Eternal Feather","Question Card","InkBottle","Byrd Skull","CeramicFish","Elementarium:ElementariumTrophy","Sozu","Du-Vu Doll"],"acts_visited":["Exordium","Exordium","TheBeyond"],"potions_floor_usage":[8,16,19,30,33],"damage_taken":[{"damage":0,"enemies":"conspire:RoseBush","floor":1,"turns":3},{"damage":0,"enemies":"Small Slimes","floor":7,"turns":3},{"damage":28,"enemies":"Lagavulin","floor":8,"turns":6},{"damage":26,"enemies":"Replay:BlueRogue","floor":10,"turns":4},{"damage":0,"enemies":"2 Louse","floor":11,"turns":1},{"damage":0,"enemies":"2 Fungi Beasts","floor":14,"turns":2},{"damage":26,"enemies":"Hexaghost","floor":16,"turns":5},{"damage":1,"enemies":"Elementarium:VoidCorruption","floor":18,"turns":4},{"damage":5,"enemies":"Elementarium:ElementalPortal","floor":19,"turns":5},{"damage":2,"enemies":"Elementarium:2_ELEMENTALS","floor":22,"turns":2},{"damage":0,"enemies":"Elementarium:RubyGolem","floor":24,"turns":3},{"damage":7,"enemies":"Elementarium:WarGolem","floor":25,"turns":3},{"damage":20,"enemies":"Elementarium:FIRE_NOBILITY","floor":29,"turns":4},{"damage":8,"enemies":"Elementarium:WarGolem","floor":30,"turns":3},{"damage":11,"enemies":"Elementarium:Hydrostalker","floor":31,"turns":2},{"damage":4,"enemies":"Elementarium:GolemEmperor","floor":33,"turns":6},{"damage":0,"enemies":"Orb Walker","floor":35,"turns":2},{"damage":28,"enemies":"3 Darklings","floor":37,"turns":4},{"damage":4,"enemies":"Giant Head","floor":38,"turns":4},{"damage":0,"enemies":"Transient","floor":39,"turns":5},{"damage":26,"enemies":"Reptomancer","floor":40,"turns":3},{"damage":62,"enemies":"Spire Growth","floor":41,"turns":5}],"seed_played":"6923207137008073377","potions_obtained":[{"floor":7,"key":"Fire Potion"},{"floor":11,"key":"Adrenaline Potion"},{"floor":14,"key":"CultistPotion"},{"floor":16,"key":"Adrenaline Potion"},{"floor":29,"key":"Flashbang"},{"floor":31,"key":"DuplicationPotion"}],"is_trial":false,"path_per_floor":["M","?","$","?","?","R","M","E","T","E","M","$","R","M","R","B",null,"M","E","?","T","M","R","M","E","T","?","R","E","E","M","R","B",null,"M","?","M","E","M","E","M"],"character_chosen":"THE_SILENT","items_purchased":["Thread and Needle","Replay:WaspNest","Omamori","Replay:Wax Seal","Caltrops","Specialist","Riddle With Holes","Lizard Tail","aspiration:Nostalgia"],"campfire_rested":4,"item_purchase_floors":[0,0,0,0,0,0,0,3,12],"current_hp_per_floor":[49,49,49,49,49,70,70,42,42,23,23,23,46,47,70,44,78,77,72,53,53,51,63,63,56,56,56,68,48,40,29,64,60,78,78,78,50,46,46,20,0,0],"gold":525,"neow_bonus":"","is_daily":false,"chose_seed":false,"campfire_upgraded":2,"win_rate":0.0,"timestamp":1608933901,"path_taken":["M","?","$","?","?","R","M","E","T","E","M","?","R","M","R","BOSS","M","E","?","?","M","R","?","E","T","?","R","E","E","M","R","BOSS","M","?","M","E","?","E","?"],"items_purchased_type":["Relic","Relic","Relic","Relic","Card","Card","Card","Relic","Relic"],"build_version":"2020-12-22","purchased_purges":0,"victory":false,"max_hp_per_floor":[70,70,70,70,70,70,70,70,70,77,77,77,77,78,78,78,78,78,78,78,78,78,78,78,78,78,78,78,78,78,78,78,78,78,78,78,78,78,78,78,78,78],"card_choices":[{"not_picked":["Riddle With Holes","Outmaneuver"],"picked":"Dagger Spray","floor":1},{"not_picked":["Cloak And Dagger","Dagger Throw","Finisher"],"picked":"SKIP","floor":7},{"not_picked":["ReplayTheSpireMod:Exploit Weakness","Deflect","Dodge and Roll"],"picked":"SKIP","floor":8},{"not_picked":["Flying Knee","hubris:Sniper","Flechettes"],"picked":"SKIP","floor":10},{"not_picked":["Eviscerate","Sucker Punch","hubris:SlightOfHand"],"picked":"SKIP","floor":11},{"not_picked":["Toxin Wave","Sucker Punch"],"picked":"Adrenaline","floor":14},{"not_picked":["aspiration:Lunge","Bullet Time"],"picked":"A Thousand Cuts","floor":16},{"not_picked":["PiercingWail+1","Prepared"],"picked":"Caltrops","floor":18},{"not_picked":["Cloak And Dagger","Storm of Steel"],"picked":"Blade Dance","floor":19},{"not_picked":["Prepared","Quick Slash","Dagger Throw"],"picked":"SKIP","floor":22},{"not_picked":["Dagger Spray","Blade Dance"],"picked":"Infinite Blades","floor":24},{"not_picked":["PiercingWail","Blade Dance"],"picked":"Acrobatics+1","floor":25},{"not_picked":["Sucker Punch","Terror","Prepared","ReplayTheSpireMod:The Works"],"picked":"SKIP","floor":29},{"not_picked":["Escape Plan","Heel Hook","Toxin Wave"],"picked":"Bouncing Flask+1","floor":30},{"not_picked":["Hidden Blade","Outmaneuver","Quick Slash"],"picked":"Cloak And Dagger+1","floor":31},{"not_picked":["Tools of the Trade","Phantasmal Killer","ReplayTheSpireMod:From All Sides"],"picked":"Burst","floor":33},{"not_picked":["ReplayTheSpireMod:Speed Training","hubris:SlightOfHand","Flying Knee+1"],"picked":"Endless Agony","floor":35},{"not_picked":["Backflip","Dagger Throw+1","Well Laid Plans+1","ReplayTheSpireMod:Tripwire"],"picked":"SKIP","floor":37},{"not_picked":["Grand Finale","hubris:SlightOfHand+1","PiercingWail+1"],"picked":"Envenom","floor":38},{"not_picked":["Sucker Punch+1","Flying Knee","Underhanded Strike+1"],"picked":"ReplayTheSpireMod:Shiv Toss+1","floor":39},{"not_picked":["Bouncing Flask","Cloak And Dagger","Acrobatics+1"],"picked":"Noxious Fumes+1","floor":40}],"player_experience":346139,"relics_obtained":[{"floor":8,"key":"ReplayTheSpireMod:Lightbulb"},{"floor":9,"key":"ReplayTheSpireMod:TigerMarble"},{"floor":10,"key":"Strawberry"},{"floor":19,"key":"aspiration:Lifesprig"},{"floor":21,"key":"Eternal Feather"},{"floor":25,"key":"Question Card"},{"floor":29,"key":"Byrd Skull"},{"floor":30,"key":"CeramicFish"},{"floor":40,"key":"Du-Vu Doll"}],"event_choices":[{"damage_healed":0,"gold_gain":0,"player_choice":"Grow","damage_taken":0,"max_hp_gain":0,"max_hp_loss":0,"event_name":"Living Wall","floor":4,"gold_loss":0,"cards_upgraded":["Dagger Spray"]},{"damage_healed":0,"gold_gain":0,"player_choice":"Disagree","damage_taken":0,"max_hp_gain":0,"max_hp_loss":0,"event_name":"conspire:LoneGhost","floor":5,"gold_loss":0},{"damage_healed":0,"gold_gain":0,"player_choice":"Strike","damage_taken":19,"max_hp_gain":0,"max_hp_loss":0,"event_name":"Elementarium:OnrushingOffering","floor":20,"gold_loss":0,"cards_obtained":["Elementarium:GildedStrike","Elementarium:GildedStrike","Elementarium:GildedStrike","Elementarium:GildedStrike","Elementarium:GildedStrike"]},{"damage_healed":0,"gold_gain":0,"player_choice":"Open","damage_taken":0,"relics_obtained":["InkBottle"],"max_hp_gain":0,"max_hp_loss":0,"event_name":"Elementarium:TarCoveredCasket","floor":27,"gold_loss":0,"cards_obtained":["Elementarium:StickyTar"]},{"cards_removed":["Defend_G"],"damage_healed":0,"gold_gain":0,"player_choice":"Card Removal","damage_taken":0,"max_hp_gain":0,"max_hp_loss":0,"event_name":"Wheel of Change","floor":36,"gold_loss":0}],"is_beta":false,"boss_relics":[{"not_picked":["energizedSpire:PogoStick","Replay:Drink Me"],"picked":"beaked:MawFillet"},{"not_picked":["energizedSpire:RedRose","energizedSpire:DeadBattery"],"picked":"Sozu"}],"items_purged_floors":[],"is_endless":false,"potions_floor_spawned":[7,11,14,16,18,29,31,38],"killed_by":"Spire Growth","ascension_level":3}}