{"host":"3jpwrwmmgyabjceh","time":1608906239,"event":{"mods":["AchievementEnabler","BaseMod","Colored Map","Colored Powertips","Highlight Path","Minty Spire (QoL Compilation)","Quick Restart","StSLib"],"gold_per_floor":[112,131,149,168,22,22,33,33,57,57,75,110,119,136,136,241,241,263,363,385,0,11,11,36,36,61,78,21,50,72,95,95,201,201,225,225,225,125,135,135,154,154,225,243,261,261,261],"floor_reached":46,"playtime":1669,"items_purged":["Parasite","Strike_B"],"score":516,"play_id":"c6f898fa-f726-4723-8692-60570c23fdc1","local_time":"20201225172359","is_ascension_mode":true,"campfire_choices":[{"data":"Zap","floor":6.0,"key":"SMITH"},{"data":"Beam Cell","floor":8.0,"key":"SMITH"},{"data":"Go for the Eyes","floor":10.0,"key":"SMITH"},{"data":"Dualcast","floor":15.0,"key":"SMITH"},{"data":"Echo Form","floor":23.0,"key":"SMITH"},{"floor":25.0,"key":"REST"},{"floor":32.0,"key":"REST"},{"data":"Buffer","floor":40.0,"key":"SMITH"},{"data":"Steam","floor":42.0,"key":"SMITH"}],"circlet_count":0,"master_deck":["Strike_B","Strike_B","Strike_B","Defend_B","Defend_B","Defend_B","Zap+1","Dualcast+1","All For One","Streamline","Streamline","Go for the Eyes+1","Streamline","Beam Cell+1","Machine Learning","Gash","Echo Form+1","Steam+1","Conserve Battery+1","FTL","Scrape+1","Gash","Steam+1","Hologram+1","Gash","Buffer+1","All For One","Reinforced Body+1"],"relics":["Cracked Core","Pen Nib","Bronze Scales","CeramicFish","Black Star","Shuriken","Busted Crown","Bottled Lightning"],"acts_visited":["Exordium","TheCity","TheBeyond"],"potions_floor_usage":[45,45,45],"damage_taken":[{"damage":6.0,"enemies":"Cultist","floor":1.0,"turns":4.0},{"damage":10.0,"enemies":"Small Slimes","floor":2.0,"turns":3.0},{"damage":0.0,"enemies":"2 Louse","floor":3.0,"turns":2.0},{"damage":0.0,"enemies":"2 Fungi Beasts","floor":4.0,"turns":1.0},{"damage":0.0,"enemies":"Lots of Slimes","floor":7.0,"turns":1.0},{"damage":0.0,"enemies":"Large Slime","floor":11.0,"turns":3.0},{"damage":22.0,"enemies":"Lagavulin","floor":12.0,"turns":4.0},{"damage":4.0,"enemies":"Blue Slaver","floor":14.0,"turns":2.0},{"damage":22.0,"enemies":"Hexaghost","floor":16.0,"turns":6.0},{"damage":2.0,"enemies":"Chosen","floor":18.0,"turns":3.0},{"damage":11.0,"enemies":"3 Byrds","floor":20.0,"turns":4.0},{"damage":5.0,"enemies":"Centurion and Healer","floor":22.0,"turns":6.0},{"damage":11.0,"enemies":"3 Cultists","floor":24.0,"turns":4.0},{"damage":16.0,"enemies":"Snake Plant","floor":27.0,"turns":2.0},{"damage":0.0,"enemies":"Sentry and Sphere","floor":29.0,"turns":3.0},{"damage":10.0,"enemies":"Shelled Parasite and Fungi","floor":30.0,"turns":4.0},{"damage":11.0,"enemies":"Snake Plant","floor":31.0,"turns":3.0},{"damage":7.0,"enemies":"Champ","floor":33.0,"turns":7.0},{"damage":9.0,"enemies":"3 Shapes","floor":35.0,"turns":3.0},{"damage":6.0,"enemies":"Orb Walker","floor":39.0,"turns":2.0},{"damage":0.0,"enemies":"Spire Growth","floor":41.0,"turns":2.0},{"damage":50.0,"enemies":"4 Shapes","floor":44.0,"turns":3.0},{"damage":1,"enemies":"Jaw Worm Horde","floor":45,"turns":4},{"damage":18,"enemies":"Writhing Mass","floor":46,"turns":1}],"seed_played":"733282225551485000","potions_obtained":[{"floor":2.0,"key":"AttackPotion"},{"floor":3.0,"key":"AttackPotion"},{"floor":4.0,"key":"PotionOfCapacity"},{"floor":12.0,"key":"FearPotion"},{"floor":14.0,"key":"Block Potion"},{"floor":20.0,"key":"SkillPotion"},{"floor":22.0,"key":"FearPotion"},{"floor":27.0,"key":"Block Potion"},{"floor":33.0,"key":"SpeedPotion"},{"floor":35.0,"key":"Fruit Juice"},{"floor":37.0,"key":"LiquidBronze"},{"floor":37.0,"key":"SteroidPotion"},{"floor":39.0,"key":"SkillPotion"},{"floor":44.0,"key":"SpeedPotion"}],"is_trial":false,"path_per_floor":["M","M","M","M","$","R","M","R","T","R","M","E","?","M","R","B",null,"M","?","M","$","M","R","M","R","T","M","$","M","M","M","R","B",null,"M","?","?","$","M","R","M","R","T","M","M","M"],"character_chosen":"DEFECT","items_purchased":["Pen Nib","Shuriken","FTL","Gash","Steam"],"campfire_rested":2,"item_purchase_floors":[5,21,21,28,28],"current_hp_per_floor":[69,59,59,59,59,59,59,59,59,59,59,37,55,51,51,29,75,73,73,62,62,57,57,46,67,67,51,51,51,41,30,51,44,72,68,68,68,68,62,62,62,62,62,12,11,0,0],"gold":261,"neow_bonus":"ONE_RANDOM_RARE_CARD","is_daily":false,"chose_seed":false,"campfire_upgraded":7,"win_rate":0.0,"timestamp":1608906239,"path_taken":["M","M","M","M","$","R","M","R","T","R","M","E","?","M","R","BOSS","M","?","M","$","M","R","?","R","T","M","$","M","M","M","R","BOSS","M","?","?","$","M","R","M","R","T","M","M","?"],"items_purchased_type":["Relic","Relic","Card","Card","Card"],"build_version":"2020-12-22","purchased_purges":2,"victory":false,"max_hp_per_floor":[75,75,75,75,75,75,75,75,75,75,75,75,75,75,75,75,75,75,75,75,72,72,72,72,72,72,72,72,72,72,72,72,72,72,77,77,77,77,77,77,77,77,77,77,77,77,77],"card_choices":[{"not_picked":["Ball Lightning","Go for the Eyes"],"picked":"Streamline","floor":1.0},{"not_picked":["Recycle","Barrage"],"picked":"Streamline","floor":2.0},{"not_picked":["Conserve Battery","Compile Driver"],"picked":"Go for the Eyes","floor":3.0},{"not_picked":["Stack","Sweeping Beam"],"picked":"Streamline","floor":4.0},{"not_picked":["Turbo","Steam Power"],"picked":"Beam Cell","floor":7.0},{"not_picked":["Ball Lightning","Undo"],"picked":"Machine Learning","floor":11.0},{"not_picked":["Capacitor","Rebound"],"picked":"Gash","floor":12.0},{"not_picked":["Coolheaded","Leap","Chill"],"picked":"SKIP","floor":14.0},{"not_picked":["Machine Learning","Fission"],"picked":"Echo Form","floor":16.0},{"not_picked":["Coolheaded+1","Sweeping Beam"],"picked":"Steam+1","floor":18.0},{"not_picked":["Ball Lightning","Coolheaded"],"picked":"Conserve Battery+1","floor":20.0},{"not_picked":["Redo+1","Fusion","Ball Lightning"],"picked":"SKIP","floor":22.0},{"not_picked":["Self Repair","Aggregate+1"],"picked":"Scrape+1","floor":24.0},{"not_picked":["Compile Driver","BootSequence","Stack+1"],"picked":"SKIP","floor":27.0},{"not_picked":["Auto Shields","Rebound"],"picked":"Hologram+1","floor":29.0},{"not_picked":["Go for the Eyes","Stack"],"picked":"Gash","floor":30.0},{"not_picked":["Double Energy","Redo+1"],"picked":"Buffer","floor":31.0},{"not_picked":["Thunder Strike","Amplify"],"picked":"All For One","floor":33.0},{"not_picked":[],"picked":"Reinforced Body+1","floor":35.0},{"not_picked":["Leap"],"picked":"SKIP","floor":39.0},{"not_picked":["Tempest"],"picked":"SKIP","floor":41.0},{"not_picked":["Hologram"],"picked":"SKIP","floor":44.0},{"not_picked":["Fusion"],"picked":"SKIP","floor":45}],"player_experience":276124,"relics_obtained":[{"floor":9.0,"key":"Bronze Scales"},{"floor":12.0,"key":"CeramicFish"},{"floor":43.0,"key":"Bottled Lightning"}],"event_choices":[{"damage_healed":18.0,"max_hp_gain":0.0,"max_hp_loss":0.0,"gold_gain":0.0,"event_name":"Mushrooms","player_choice":"Healed and dodged fight","floor":13.0,"gold_loss":0.0,"damage_taken":0.0,"cards_obtained":["Parasite"]},{"damage_healed":0.0,"max_hp_gain":0.0,"max_hp_loss":0.0,"gold_gain":100.0,"event_name":"Golden Shrine","player_choice":"Pray","floor":19.0,"gold_loss":0.0,"damage_taken":0.0},{"cards_removed":["Defend_B"],"damage_healed":0.0,"max_hp_gain":0.0,"max_hp_loss":0.0,"gold_gain":0.0,"event_name":"Falling","player_choice":"Removed Skill","floor":36.0,"gold_loss":0.0,"damage_taken":0.0},{"damage_healed":0.0,"max_hp_gain":0.0,"max_hp_loss":0.0,"gold_gain":0.0,"event_name":"Lab","player_choice":"Got Potions","floor":37.0,"gold_loss":0.0,"damage_taken":0.0}],"is_beta":false,"boss_relics":[{"not_picked":["Snecko Eye","SlaversCollar"],"picked":"Black Star"},{"not_picked":["Tiny House","Cursed Key"],"picked":"Busted Crown"}],"items_purged_floors":[21,38],"is_endless":false,"potions_floor_spawned":[2,3,4,12,14,20,22,27,33,35,39,44],"killed_by":"Writhing Mass","ascension_level":4}}