{"host":"9l1knhxfturzliqa","time":1608881107,"event":{"mods":["BaseMod","Colored Map","Colored Powertips","DeckTracker","Highlight Path","Keyboard Shortcuts","Minty Spire (QoL Compilation)","Quick Restart","Random Character Button"],"gold_per_floor":[117,130,146,146,146,180,180,191,191,210,220,249,266,299,299,401,401,420,435,111,124,137,137,137,137],"floor_reached":24,"playtime":1710,"items_purged":["Strike_R"],"score":269,"play_id":"88fc6c3f-ff0d-440f-b5c5-130a65af67bb","local_time":"20201225162507","is_ascension_mode":true,"campfire_choices":[{"data":"Demon Form","floor":7,"key":"SMITH"},{"floor":15,"key":"REST"},{"floor":23,"key":"REST"}],"circlet_count":0,"master_deck":["Strike_R+1","Strike_R","Strike_R","Defend_R","Defend_R+1","Defend_R","Defend_R","Bash","Twin Strike","Dropkick","Fire Breathing","Demon Form+1","Flex","Pommel Strike","Blood for Blood","Reaper","CurseOfTheBell","Wild Strike+1","Sword Boomerang","Metallicize","Ghostly Armor+1","Offering+1","Dark Embrace+1"],"relics":["Burning Blood","Gremlin Horn","Mango","Prayer Wheel","Centennial Puzzle","Calling Bell","Boot","Shuriken","Du-Vu Doll","Toxic Egg 2"],"acts_visited":["Exordium","TheCity"],"potions_floor_usage":[12,13,14,14,14,14,16,19],"damage_taken":[{"damage":10,"enemies":"Small Slimes","floor":1,"turns":4},{"damage":9,"enemies":"Jaw Worm","floor":2,"turns":3},{"damage":1,"enemies":"Cultist","floor":3,"turns":3},{"damage":23,"enemies":"Lagavulin","floor":6,"turns":6},{"damage":1,"enemies":"Lots of Slimes","floor":8,"turns":3},{"damage":9,"enemies":"Looter","floor":10,"turns":3},{"damage":0,"enemies":"2 Fungi Beasts","floor":11,"turns":3},{"damage":23,"enemies":"3 Sentries","floor":12,"turns":5},{"damage":16,"enemies":"Exordium Wildlife","floor":13,"turns":4},{"damage":23,"enemies":"Lagavulin","floor":14,"turns":6},{"damage":47,"enemies":"Slime Boss","floor":16,"turns":8},{"damage":57,"enemies":"2 Thieves","floor":18,"turns":4},{"damage":15,"enemies":"Chosen","floor":19,"turns":5},{"damage":29,"enemies":"Centurion and Healer","floor":21,"turns":6},{"damage":32,"enemies":"Shelled Parasite and Fungi","floor":22,"turns":7},{"damage":69,"enemies":"Slavers","floor":24,"turns":4}],"seed_played":"-3268166823862056533","potions_obtained":[{"floor":1,"key":"SmokeBomb"},{"floor":8,"key":"CultistPotion"},{"floor":10,"key":"EntropicBrew"},{"floor":11,"key":"Fire Potion"},{"floor":13,"key":"FearPotion"},{"floor":18,"key":"Energy Potion"}],"is_trial":false,"path_per_floor":["M","M","M","?","?","E","R","M","T","M","M","E","M","E","R","B",null,"M","M","$","M","M","R","E"],"character_chosen":"IRONCLAD","items_purchased":["Toxic Egg 2"],"campfire_rested":2,"item_purchase_floors":[20],"current_hp_per_floor":[84,81,86,68,61,44,44,49,63,60,66,49,39,22,52,11,102,66,65,65,42,16,46,0,0],"gold":137,"neow_bonus":"TEN_PERCENT_HP_BONUS","is_daily":false,"chose_seed":false,"campfire_upgraded":1,"win_rate":0.0,"timestamp":1608881107,"path_taken":["M","M","M","?","?","E","R","M","T","M","M","E","M","E","R","BOSS","M","M","$","M","M","R","E"],"items_purchased_type":["Relic"],"build_version":"2020-12-22","purchased_purges":1,"victory":false,"max_hp_per_floor":[88,88,88,88,88,88,88,88,102,102,102,102,102,102,102,102,102,102,102,102,102,102,102,102,102],"card_choices":[{"not_picked":["Reckless Charge","Second Wind"],"picked":"Twin Strike","floor":1},{"not_picked":["Twin Strike","Havoc"],"picked":"Dropkick","floor":2},{"not_picked":["Burning Pact","Second Wind"],"picked":"Fire Breathing","floor":3},{"not_picked":["Sword Boomerang","Infernal Blade"],"picked":"Demon Form","floor":6},{"not_picked":["Carnage","Anger","Flame Barrier"],"picked":"SKIP","floor":8},{"not_picked":["Perfected Strike","Reckless Charge"],"picked":"Flex","floor":10},{"not_picked":["Sever Soul","Clothesline"],"picked":"Pommel Strike","floor":11},{"not_picked":["Feel No Pain","Havoc","Berserk"],"picked":"SKIP","floor":12},{"not_picked":["Havoc","Heavy Blade","Clash"],"picked":"SKIP","floor":13},{"not_picked":["Armaments","True Grit","Sword Boomerang"],"picked":"SKIP","floor":13},{"not_picked":["Clothesline","Armaments"],"picked":"Blood for Blood","floor":14},{"not_picked":["Brutality","Barricade"],"picked":"Reaper","floor":16},{"not_picked":["Shockwave","Sword Boomerang"],"picked":"Wild Strike+1","floor":18},{"not_picked":["Carnage","Pommel Strike","Iron Wave+1"],"picked":"SKIP","floor":18},{"not_picked":["Body Slam","Pommel Strike"],"picked":"Sword Boomerang","floor":19},{"not_picked":["Anger","Perfected Strike"],"picked":"Metallicize","floor":19},{"not_picked":["Warcry+1","Pommel Strike"],"picked":"Ghostly Armor+1","floor":21},{"not_picked":["Hemokinesis","Rupture","Armaments+1"],"picked":"SKIP","floor":21},{"not_picked":["Havoc+1","Warcry+1"],"picked":"Offering+1","floor":22},{"not_picked":["Iron Wave","Sword Boomerang"],"picked":"Dark Embrace+1","floor":22}],"player_experience":238163,"relics_obtained":[{"floor":6,"key":"Gremlin Horn"},{"floor":9,"key":"Mango"},{"floor":12,"key":"Prayer Wheel"},{"floor":14,"key":"Centennial Puzzle"},{"floor":17,"key":"Boot"},{"floor":17,"key":"Shuriken"},{"floor":17,"key":"Du-Vu Doll"}],"event_choices":[{"damage_healed":0,"gold_gain":0,"player_choice":"Entered Light","damage_taken":18,"max_hp_gain":0,"max_hp_loss":0,"event_name":"Shining Light","floor":4,"gold_loss":0,"cards_upgraded":["Strike_R","Defend_R"]},{"cards_removed":["Strike_R"],"damage_healed":0,"gold_gain":0,"player_choice":"Card Removal","damage_taken":7,"max_hp_gain":0,"max_hp_loss":0,"event_name":"Golden Wing","floor":5,"gold_loss":0}],"is_beta":false,"boss_relics":[{"not_picked":["Philosopher\u0027s Stone","SacredBark"],"picked":"Calling Bell"}],"items_purged_floors":[20],"is_endless":false,"potions_floor_spawned":[1,8,10,11,13,18],"killed_by":"Slavers","ascension_level":2}}