{"host":"kiauivt48syq9iz6","time":1608921446,"event":{"mods":["BaseMod","Conspire","Downfall","Hermit","Minty Spire (QoL Compilation)","Replay The Spire","SIMod","StSLib","The Animator","The Construct","The Cursed","The Runesmith","The Servant 0.9.4"],"gold_per_floor":[119,135,135,9,22,22,35,0,0,12,12,0,20,36,36,131,131,145,145,165,10,360,372,412,424,436,547,559,585,26,45,45,45,45],"floor_reached":33,"playtime":1507,"items_purged":[],"score":382,"play_id":"6ad3b728-70d3-493d-8249-669ef76367ce","local_time":"20201225113726","is_ascension_mode":false,"campfire_choices":[{"data":"hermit:Brawl","floor":6,"key":"SMITH"},{"data":"hermit:Vantage","floor":11,"key":"SMITH"},{"data":"hermit:WideOpen","floor":15,"key":"SMITH"},{"floor":23,"key":"REST"},{"floor":25,"key":"REST"},{"floor":28,"key":"REST"},{"floor":32,"key":"REST"}],"circlet_count":0,"master_deck":["hermit:Strike_Hermit","hermit:Strike_Hermit","hermit:Strike_Hermit","hermit:Defend_Hermit","hermit:Defend_Hermit","hermit:Defend_Hermit","hermit:Defend_Hermit","hermit:Snapshot","hermit:Covet","hermit:RoundhouseKick","hermit:Vantage+1","hermit:WideOpen+1","hermit:LowProfile","hermit:PistolWhip","hermit:CalledShot","hermit:Brawl+1","hermit:Shortfuse","hermit:TrackingShot","hermit:Deadeye","hermit:Coalescence","hermit:Roughhouse+1","hermit:Roulette+1","hermit:Glare","Voices","Looming Evil","hermit:ImpendingDoom","hermit:Reprieve","Doubt","hermit:DeadMansHand","hermit:TakeAim","Mayhem","hermit:LowProfile","hermit:LowProfile","TheCursedMod:Dregs","hermit:ShadowCloak"],"relics":["hermit:Momento","conspire:DecoderRing","SacredBark","ReplayTheSpireMod:TigerMarble","Ring of Greed","Old Coin","MawBank","conspire:Dentures","Mango","Replay:Rubber Ducky","hermit:PetGhost"],"acts_visited":["Exordium","TheCity"],"potions_floor_usage":[14,20,20,29,33],"damage_taken":[{"damage":0,"enemies":"Cultist","floor":1,"turns":3},{"damage":0,"enemies":"conspire:RoseBush","floor":2,"turns":2},{"damage":6,"enemies":"Jaw Worm","floor":5,"turns":3},{"damage":4,"enemies":"Red Slaver","floor":7,"turns":4},{"damage":2,"enemies":"conspire:2 RoseBushes","floor":10,"turns":6},{"damage":6,"enemies":"3 Louse","floor":13,"turns":2},{"damage":0,"enemies":"Gremlin Gang","floor":14,"turns":4},{"damage":36,"enemies":"Fading Forest","floor":16,"turns":11},{"damage":25,"enemies":"Spheric Guardian","floor":18,"turns":4},{"damage":18,"enemies":"conspire:FuzzyDice","floor":20,"turns":3},{"damage":28,"enemies":"conspire:Head Lice","floor":24,"turns":8},{"damage":53,"enemies":"Shelled Parasite and Fungi","floor":29,"turns":7},{"damage":22,"enemies":"3 Cultists","floor":31,"turns":6},{"damage":100042,"enemies":"Pondfish","floor":33,"turns":8}],"seed_played":"3746268926884960696","potions_obtained":[{"floor":5,"key":"Explosive Potion"},{"floor":10,"key":"Flashbang"},{"floor":13,"key":"SteroidPotion"},{"floor":20,"key":"DuplicationPotion"},{"floor":24,"key":"EssenceOfSteel"}],"is_trial":false,"path_per_floor":["M","M","?","$","M","R","M","?","T","M","R","?","M","M","R","B",null,"M","?","M","$","?","R","E","R","T","?","R","M","$","M","R","B"],"character_chosen":"HERMIT","items_purchased":["hermit:PistolWhip","hermit:CalledShot","ReplayTheSpireMod:TigerMarble","hermit:TakeAim","Replay:Rubber Ducky","hermit:PetGhost","Mayhem","hermit:LowProfile"],"campfire_rested":4,"item_purchase_floors":[4,4,21,30,30,30,30,30],"current_hp_per_floor":[75,75,75,75,69,69,65,75,75,73,73,73,67,67,67,53,75,50,50,32,32,32,54,26,48,62,62,88,35,35,13,39,0,0],"gold":45,"neow_bonus":"ONE_RANDOM_RARE_CARD","is_daily":false,"chose_seed":false,"campfire_upgraded":3,"win_rate":0.0,"timestamp":1608921446,"path_taken":["M","?","?","?","?","R","M","?","T","M","R","?","M","M","R","BOSS","M","?","?","$","?","R","E","R","T","?","R","M","?","M","R","BOSS"],"items_purchased_type":["Card","Card","Relic","Card","Relic","Relic","Card","Card"],"build_version":"2020-12-22","purchased_purges":0,"victory":false,"max_hp_per_floor":[75,75,75,75,75,75,75,75,75,75,75,75,75,75,75,75,75,75,75,75,75,75,75,75,75,89,89,89,89,89,89,89,89,89],"card_choices":[{"not_picked":["hermit:ItchyTrigger","hermit:Spite"],"picked":"hermit:Vantage","floor":1},{"not_picked":["hermit:EyeOfTheStorm","hermit:CalledShot"],"picked":"hermit:WideOpen","floor":2},{"not_picked":["hermit:Headshot","hermit:TakeAim"],"picked":"hermit:Brawl","floor":5},{"not_picked":["hermit:Malice","hermit:FullyLoaded"],"picked":"hermit:Shortfuse","floor":7},{"not_picked":["hermit:Quickdraw","hermit:Combo"],"picked":"hermit:TrackingShot","floor":10},{"not_picked":["hermit:Coalescence","hermit:Shortfuse"],"picked":"hermit:Deadeye","floor":13},{"not_picked":["hermit:CursedWeapon","hermit:Spite"],"picked":"hermit:Coalescence","floor":14},{"not_picked":["hermit:FatalDesire","hermit:Magnum"],"picked":"hermit:Roughhouse","floor":16},{"not_picked":["hermit:CursedWeapon","hermit:CalledShot"],"picked":"hermit:Roulette+1","floor":18},{"not_picked":["hermit:Roulette","hermit:Vantage"],"picked":"hermit:Glare","floor":20},{"not_picked":["hermit:BodyArmor","hermit:Desperado"],"picked":"hermit:Reprieve","floor":24},{"not_picked":["hermit:Feint","hermit:Snipe"],"picked":"hermit:DeadMansHand","floor":29},{"not_picked":["hermit:TrackingShot+1","hermit:Spite"],"picked":"hermit:ShadowCloak","floor":31}],"player_experience":78806,"relics_obtained":[{"floor":9,"key":"conspire:DecoderRing"},{"floor":22,"key":"Ring of Greed"},{"floor":22,"key":"Old Coin"},{"floor":22,"key":"MawBank"},{"floor":24,"key":"conspire:Dentures"},{"floor":26,"key":"Mango"}],"event_choices":[{"damage_healed":0,"gold_gain":0,"cards_transformed":["hermit:Strike_Hermit"],"player_choice":"Transformed","damage_taken":0,"max_hp_gain":0,"max_hp_loss":0,"event_name":"Transmorgrifier","floor":3,"gold_loss":0,"cards_obtained":["hermit:LowProfile"]},{"damage_healed":18,"gold_gain":0,"player_choice":"Healed","damage_taken":0,"max_hp_gain":0,"max_hp_loss":0,"event_name":"The Cleric","floor":8,"gold_loss":35},{"damage_healed":0,"gold_gain":0,"player_choice":"Left Gold","damage_taken":0,"max_hp_gain":0,"max_hp_loss":0,"event_name":"World of Goop","floor":12,"gold_loss":12},{"damage_healed":0,"gold_gain":0,"player_choice":"Upgraded","damage_taken":0,"max_hp_gain":0,"max_hp_loss":0,"event_name":"Upgrade Shrine","floor":19,"gold_loss":0,"cards_upgraded":["hermit:Roughhouse"]},{"damage_healed":0,"gold_gain":99,"player_choice":"Stole From Cult","damage_taken":0,"max_hp_gain":0,"max_hp_loss":0,"event_name":"Nest","floor":27,"gold_loss":0}],"is_beta":false,"boss_relics":[{"not_picked":["Cursed Key","Tiny House"],"picked":"SacredBark"}],"items_purged_floors":[],"is_endless":false,"potions_floor_spawned":[5,10,13,20,24],"killed_by":"Pondfish","ascension_level":0}}