{"host":"8u40nq559zpgb6zp","time":1608936094,"event":{"mods":["Aspiration","Bard","BaseMod","Beaked The Cultist","Better Altar","Better Match","Better Note","Better Sensory Stone","Better Skull","Better Third Choice","BetterRewards","CCEM","Clawfect","Conspire","Duelist Mod","Googly Eyes","Halation","Hermit","Highlight Path","Infinite Spire","Jedi Mod","Jorbs\u0027s Wanderer Trilogy","Mad Scientist","Marisa（霧雨　魔理沙）","Minty Spire (QoL Compilation)","Permanent Neow","Replay The Spire","Shade Mod","Shop Mod","Spicy Shops","StSLib","The Bladedancer","The Construct","The Cursed","The Disciple","The Druid","The Gatherer","The Hierophant","The IronCluck","The Jungle","The Mystic","The Necromancer","The Runesmith","The Senshi","The Servant 0.9.4","The Spell Scribe","The Witch","slay the spire mod where everything is the same but ironclad has a cowboy hat"],"gold_per_floor":[109,184,184,199,214,240,240,254,254,37,66,66,82,101,101,200,250,261,261,38,38,56,56,74,88,115,115,133,166,166,115,115,218,218,244,244,17,36,49,49,49],"floor_reached":40,"playtime":2365,"items_purged":[],"score":608,"play_id":"7776019c-3ff1-448e-9a9c-90d4479fb590","local_time":"20201225174134","is_ascension_mode":false,"campfire_choices":[{"data":"White Noise","floor":7.0,"key":"SMITH"},{"floor":15.0,"key":"REST"},{"data":"ReplayTheSpireMod:Fabricate Wheel","floor":23.0,"key":"SMITH"},{"floor":27.0,"key":"REST"},{"data":"Self Repair","floor":30.0,"key":"SMITH"},{"data":"Clawfect:ClawLightning","floor":32.0,"key":"SMITH"}],"circlet_count":0,"master_deck":["Gash+1","Gash","Gash","Gash","Gash","Defend_B+1","Defend_B","Defend_B+1","Defend_B","Defend_B","White Noise+1","Clawfect:ClawLightning","Clawfect:Clawrage","ReplayTheSpireMod:Reroute Power","Heatsinks","Scorching Beam","Leap","Firewall","Clawfect:Clawter","ReplayTheSpireMod:Calculation Training","conspire:SharedLibrary","Self Repair","Self Repair+1","Looming Evil","Clawfect:ScrapingClaw+1","Clawfect:ScrapingClaw","Clawfect:Clawrage+1","Clawfect:ClawLightning+1","ReplayTheSpireMod:Dual Polarity+1","jedi:gatheringstorm","Clawfect:ClawForOne","Rainbow","Clawfect:Clawter+1","FIFO Queue","Clawfect:ClawForOne","Clawfect:ClawLightning+1","Gash"],"relics":["Clawfect:DRClaw","aspiration:Nostalgia","Iron Core","Emotion Chip","Vajra","Runesmith:AutoHammer","Darkstone Periapt","Tiny House","Raider\u0027s Mask","ReplayTheSpireMod:Ring of Collecting","Ring of Shattering","Ring of Hypnosis","Simple Rune","infinitespire:PuzzleCube","infinitespire:EvilPickle","beaked:SacredDeck","Prayer Wheel","Runic Capacitor"],"acts_visited":["Exordium","TheCity","TheBeyond"],"potions_floor_usage":[35,35,35],"damage_taken":[{"damage":4.0,"enemies":"2 Louse","floor":1.0,"turns":3.0},{"damage":1.0,"enemies":"Jaw Worm","floor":4.0,"turns":5.0},{"damage":0.0,"enemies":"Cultist","floor":5.0,"turns":4.0},{"damage":5.0,"enemies":"Replay:BlueRogue","floor":6.0,"turns":4.0},{"damage":17.0,"enemies":"Exordium Thugs","floor":8.0,"turns":4.0},{"damage":24.0,"enemies":"conspire:MimicChest","floor":11.0,"turns":3.0},{"damage":1.0,"enemies":"2 Fungi Beasts","floor":13.0,"turns":3.0},{"damage":2.0,"enemies":"Blue Slaver","floor":14.0,"turns":3.0},{"damage":6.0,"enemies":"Slime Boss","floor":16.0,"turns":4.0},{"damage":17.0,"enemies":"3 Byrds","floor":18.0,"turns":4.0},{"damage":7.0,"enemies":"conspire:FuzzyDice","floor":22.0,"turns":4.0},{"damage":45.0,"enemies":"Centurion and Healer","floor":24.0,"turns":6.0},{"damage":36.0,"enemies":"Cultist and Chosen","floor":25.0,"turns":6.0},{"damage":17.0,"enemies":"3 Cultists","floor":28.0,"turns":4.0},{"damage":25.0,"enemies":"theDuelist:KaibaA2","floor":29.0,"turns":4.0},{"damage":36.0,"enemies":"Pondfish","floor":33.0,"turns":9.0},{"damage":0,"enemies":"3 Darklings","floor":35,"turns":5},{"damage":2,"enemies":"3 Shapes","floor":38,"turns":4},{"damage":8,"enemies":"3 Darklings","floor":39,"turns":3},{"damage":80,"enemies":"Nightmare","floor":40,"turns":4}],"seed_played":"6257714655007436581","potions_obtained":[{"floor":1.0,"key":"PowerPotion"},{"floor":6.0,"key":"SpeedPotion"},{"floor":13.0,"key":"BlessingOfTheForge"},{"floor":14.0,"key":"SteroidPotion"},{"floor":17.0,"key":"Regen Potion"},{"floor":24.0,"key":"AttackPotion"},{"floor":25.0,"key":"SkillPotion"},{"floor":35,"key":"BlessingOfTheForge"},{"floor":38,"key":"Toxic Potion"}],"is_trial":false,"path_per_floor":["M","?","?","M","M","E","R","M","T","$","?","?","M","M","R","B",null,"M","?","$","?","M","R","M","M","T","R","M","E","R","?","R","B",null,"M","?","$","M","M","NM"],"character_chosen":"DEFECT","items_purchased":["Scorching Beam","Runesmith:AutoHammer","Raider\u0027s Mask","Self Repair","Runic Capacitor","FIFO Queue"],"campfire_rested":2,"item_purchase_floors":[10,10,20,20,37,37],"current_hp_per_floor":[71,60,60,59,59,54,54,37,37,37,13,10,9,7,29,23,80,63,63,63,69,69,69,46,24,24,49,39,28,28,48,48,29,86,86,86,86,86,78,0,0],"gold":49,"neow_bonus":"NOSTALGIA","is_daily":false,"chose_seed":false,"campfire_upgraded":4,"win_rate":0.0,"timestamp":1608936094,"path_taken":["M","?","?","M","?","E","R","M","T","$","?","?","M","M","R","BOSS","M","?","$","?","?","R","?","M","T","R","M","E","R","?","R","BOSS","M","?","$","M","M","NM"],"items_purchased_type":["Card","Relic","Relic","Card","Relic","Card"],"build_version":"2020-12-22","purchased_purges":0,"victory":false,"max_hp_per_floor":[75,75,75,75,75,75,75,75,75,75,75,75,75,75,75,75,80,80,80,80,86,86,86,86,86,86,86,86,86,86,86,86,86,86,86,86,86,86,86,86,86],"card_choices":[{"not_picked":["Evolve","Cold Snap"],"picked":"White Noise","floor":1.0},{"not_picked":["Chaos","Clawfect:Clawline"],"picked":"Clawfect:ClawLightning","floor":4.0},{"not_picked":["jedi:reiji","Leap"],"picked":"Clawfect:Clawrage","floor":5.0},{"not_picked":["Hologram","jedi:BurstFrost"],"picked":"ReplayTheSpireMod:Reroute Power","floor":6.0},{"not_picked":["ReplaySort","Clash"],"picked":"Heatsinks","floor":8.0},{"not_picked":["Heavy Blade","Clawfect:Clawline"],"picked":"Leap","floor":11.0},{"not_picked":["FTL","Warcry"],"picked":"Firewall","floor":13.0},{"not_picked":["Body Slam","jedi:sharpshooter"],"picked":"Clawfect:Clawter","floor":14.0},{"not_picked":["Thunder Strike","Offering"],"picked":"ReplayTheSpireMod:Fabricate Wheel","floor":16.0},{"not_picked":["Anger","Evolve"],"picked":"ReplayTheSpireMod:Calculation Training","floor":17.0},{"not_picked":["Rebound","Turbo+1"],"picked":"conspire:SharedLibrary","floor":18.0},{"not_picked":["Clawfect:ClawAndTear+1","Rainbow"],"picked":"Clawfect:ScrapingClaw+1","floor":22.0},{"not_picked":["jedi:blockon","Force Field"],"picked":"Clawfect:ScrapingClaw","floor":24.0},{"not_picked":["Clawfect:Clawter+1","Clawfect:ClawingBeam"],"picked":"Clawfect:Clawrage+1","floor":25.0},{"not_picked":["Steam Power","FTL"],"picked":"Clawfect:ClawLightning","floor":28.0},{"not_picked":["Hyperbeam","Lockon"],"picked":"ReplayTheSpireMod:Dual Polarity+1","floor":29.0},{"not_picked":["Hyperbeam","Thunder Strike"],"picked":"jedi:gatheringstorm","floor":33.0},{"not_picked":["Fire Breathing+1","Genetic Algorithm"],"picked":"Clawfect:Clawter+1","floor":35},{"not_picked":["Iron Wave","Headbutt","Rebound"],"picked":"SKIP","floor":35},{"not_picked":["Turbo+1","Clawfect:Clawrage+1"],"picked":"Clawfect:ClawForOne","floor":38},{"not_picked":["Warcry+1","BasicCrystalCard"],"picked":"Clawfect:ClawLightning+1","floor":38},{"not_picked":["conspire:Rain+1","conspire:SharedLibrary"],"picked":"Gash","floor":39},{"not_picked":["Headbutt+1","Aggregate","Rebound+1"],"picked":"SKIP","floor":39}],"player_experience":973124,"relics_obtained":[{"floor":6.0,"key":"Emotion Chip"},{"floor":9.0,"key":"Vajra"},{"floor":11.0,"key":"Darkstone Periapt"},{"floor":21.0,"key":"ReplayTheSpireMod:Ring of Collecting"},{"floor":21.0,"key":"Ring of Shattering"},{"floor":26.0,"key":"Ring of Hypnosis"},{"floor":26.0,"key":"Simple Rune"},{"floor":29.0,"key":"infinitespire:PuzzleCube"}],"event_choices":[{"damage_healed":0.0,"max_hp_gain":0.0,"max_hp_loss":0.0,"gold_gain":75.0,"event_name":"betterThird:BetterGoop","player_choice":"Gold","floor":2.0,"gold_loss":0.0,"damage_taken":11.0},{"cards_removed":["Defend_B"],"damage_healed":0.0,"max_hp_gain":0.0,"max_hp_loss":0.0,"gold_gain":0.0,"event_name":"betterNote:BetterNote","player_choice":"Give","floor":3.0,"gold_loss":0.0,"damage_taken":0.0,"cards_obtained":["Defend_B"]},{"damage_healed":0.0,"max_hp_gain":0.0,"max_hp_loss":0.0,"gold_gain":0.0,"event_name":"betterThird:BetterScrap","player_choice":"LEAVE","floor":12.0,"gold_loss":0.0,"damage_taken":3.0,"cards_obtained":["infinitespire:Neurotoxin"]}],"is_beta":false,"boss_relics":[{"not_picked":["aspiration:ScribeSkillbook","halation:PinkAlligatorPlush"],"picked":"Tiny House"},{"not_picked":["Runic Pyramid","Replay:Ancient Bell"],"picked":"beaked:SacredDeck"}],"items_purged_floors":[],"is_endless":false,"potions_floor_spawned":[1,6,13,14,24,25,28,35,38],"killed_by":"Nightmare","ascension_level":0}}