{"host":"6pgtslebjnyv5xmi","time":1608872880,"event":{"mods":["AchievementEnabler","BaseMod","Colored Map","Minty Spire (QoL Compilation)","Rare Cards Sparkle","StSLib","SuperFastMode","The Dragon Tamer","everything is the same but u backflip on backflip"],"gold_per_floor":[114,129,129,144,104,104,119,149,149,164,179,209,209,224,224,324,324,339,339,339,339,354,354,384,396,458,385,397,409,460,496,508,629,641,677,239,239,239,239,278,278,317,342,342,366,66,66,105,105,105,105,105],"floor_reached":50,"playtime":3010,"items_purged":[],"score":724,"play_id":"12a2ef31-6c56-4a62-bdad-696b4fb7ffe3","local_time":"20201225140800","daily_mods":["Draft","Purple Cards","Elite Swarm"],"is_ascension_mode":false,"metric_token":607,"campfire_choices":[{"data":"DTMod:PurifyingFlame","floor":6,"key":"SMITH"},{"data":"DTMod:SealedStrike","floor":13,"key":"SMITH"},{"data":"DTMod:SealedStrike+1","floor":15,"key":"SMITH"},{"floor":23,"key":"REST"},{"floor":25,"key":"REST"},{"floor":32,"key":"REST"},{"floor":41,"key":"REST"},{"floor":44,"key":"DIG"},{"floor":47,"key":"DIG"},{"floor":49,"key":"DIG"}],"dtmod_dragon_data":[0,50,3,1,10,11],"circlet_count":0,"master_deck":["DTMod:FlameSlash","DTMod:Weaken","DTMod:Threaten","DTMod:ComboAttack","DTMod:Haste","DTMod:Training","DTMod:HeatWave","DTMod:HeatWave","DTMod:DragonDance","DTMod:Weaken","DTMod:Training","DTMod:CalculatedDefense","DTMod:Punisher","DTMod:HeatWave+1","DTMod:Astonish","DTMod:MagiciansMark","DTMod:QuickFly","DTMod:ComboAttack+1","DTMod:PurifyingFlame+1","DTMod:SealedStrike+2","DTMod:DragonDance","DTMod:BlueScale","DTMod:Harmonize","DTMod:SneakAttack","DTMod:Inferno","DTMod:RunningTactic+1","DTMod:MasterPlan+1","DTMod:Inferno+1","DTMod:ExcessFootwork","DTMod:BlazingStrike+1","DTMod:ShadowImage","DTMod:Coolant","DTMod:Safeguard","DTMod:Inferno+1","DTMod:BurningEnergy+1","DTMod:TriAttack+1"],"relics":["DTMod:PactStone","Vajra","HornCleat","Potion Belt","Fusion Hammer","Molten Egg 2","MawBank","Centennial Puzzle","CeramicFish","Blue Candle","SlaversCollar","Toy Ornithopter","Bag of Preparation","DTMod:SwitchButton","WingedGreaves","Shovel","Bronze Scales","Orichalcum","OrangePellets","Omamori","Anchor","Whetstone","Pear"],"acts_visited":["Exordium","TheCity","TheBeyond"],"potions_floor_usage":[12,30,33,33,40,48,48,48,50,50,50],"damage_taken":[{"damage":0,"enemies":"Small Slimes","floor":1,"turns":4},{"damage":0,"enemies":"Cultist","floor":2,"turns":3},{"damage":0,"enemies":"2 Louse","floor":4,"turns":2},{"damage":0,"enemies":"Large Slime","floor":7,"turns":5},{"damage":0,"enemies":"3 Sentries","floor":8,"turns":5},{"damage":0,"enemies":"Exordium Wildlife","floor":10,"turns":2},{"damage":0,"enemies":"Blue Slaver","floor":11,"turns":4},{"damage":0,"enemies":"Gremlin Nob","floor":12,"turns":2},{"damage":0,"enemies":"Exordium Thugs","floor":14,"turns":4},{"damage":2,"enemies":"Slime Boss","floor":16,"turns":7},{"damage":0,"enemies":"Shell Parasite","floor":18,"turns":3},{"damage":0,"enemies":"Spheric Guardian","floor":22,"turns":4},{"damage":5,"enemies":"Gremlin Leader","floor":24,"turns":5},{"damage":0,"enemies":"Book of Stabbing","floor":30,"turns":4},{"damage":0,"enemies":"3 Cultists","floor":31,"turns":2},{"damage":3,"enemies":"Champ","floor":33,"turns":11},{"damage":0,"enemies":"3 Darklings","floor":35,"turns":1},{"damage":0,"enemies":"Reptomancer","floor":40,"turns":4},{"damage":7,"enemies":"Nemesis","floor":42,"turns":7},{"damage":0,"enemies":"Orb Walker","floor":45,"turns":3},{"damage":0,"enemies":"Reptomancer","floor":48,"turns":4},{"damage":20,"enemies":"Donu and Deca","floor":50,"turns":4}],"seed_played":"-567031674859551473","potions_obtained":[{"floor":4,"key":"SkillPotion"},{"floor":8,"key":"Regen Potion"},{"floor":11,"key":"Fire Potion"},{"floor":14,"key":"SpeedPotion"},{"floor":16,"key":"FearPotion"},{"floor":24,"key":"Regen Potion"},{"floor":33,"key":"DistilledChaos"},{"floor":35,"key":"LiquidBronze"},{"floor":40,"key":"DistilledChaos"},{"floor":42,"key":"EssenceOfSteel"},{"floor":48,"key":"Explosive Potion"}],"is_trial":false,"path_per_floor":["M","M","?","M","$","R","M","E","T","M","M","E","R","M","R","B",null,"M","?","?","?","M","R","E","R","T","?","?","$","E","M","R","B",null,"M","$","?","$","?","E","R","E","T","R","M","$","R","E","R","B"],"character_chosen":"THE_DT","items_purchased":["DTMod:PurifyingFlame","Toy Ornithopter","Bag of Preparation","DTMod:SwitchButton","OrangePellets","Omamori"],"campfire_rested":4,"item_purchase_floors":[5,36,36,36,46,46],"current_hp_per_floor":[45,45,41,41,41,41,41,41,41,41,41,41,41,41,41,39,45,45,45,45,45,45,45,40,45,45,45,45,45,45,45,45,42,45,45,45,41,41,41,45,45,38,38,38,38,38,38,45,55,35,35,35],"gold":105,"neow_bonus":"","is_daily":true,"chose_seed":false,"campfire_upgraded":3,"win_rate":0.0,"timestamp":1608872880,"path_taken":["M","M","?","M","$","R","M","E","T","?","M","E","R","M","R","BOSS","M","?","?","?","?","R","E","R","T","?","?","?","E","?","R","BOSS","M","$","?","?","?","E","R","E","T","R","?","$","R","E","R","BOSS"],"items_purchased_type":["Card","Relic","Relic","Relic","Relic","Relic"],"build_version":"2020-12-22","purchased_purges":0,"victory":false,"max_hp_per_floor":[45,45,45,45,45,45,45,45,45,45,45,45,45,45,45,45,45,45,45,45,45,45,45,45,45,45,45,45,45,45,45,45,45,45,45,45,45,45,45,45,45,45,45,45,45,45,45,45,55,55,55,55],"card_choices":[{"not_picked":["DTMod:HeatWave","DTMod:MasterPlan"],"picked":"DTMod:FlameSlash","floor":0},{"not_picked":["DTMod:RecklessFlurry","DTMod:WarmUp"],"picked":"DTMod:Weaken","floor":0},{"not_picked":["DTMod:TagTeam","DTMod:ShieldDrain"],"picked":"DTMod:Threaten","floor":0},{"not_picked":["DTMod:ShieldDrain","DTMod:FlameSlash"],"picked":"DTMod:ComboAttack","floor":0},{"not_picked":["DTMod:HeatWave","DTMod:BuildUp"],"picked":"DTMod:Haste","floor":0},{"not_picked":["DTMod:Observe","DTMod:QuickFly"],"picked":"DTMod:Training","floor":0},{"not_picked":["DTMod:MasterPlan","DTMod:MagicField"],"picked":"DTMod:HeatWave","floor":0},{"not_picked":["DTMod:StarRain","DTMod:Punisher"],"picked":"DTMod:HeatWave","floor":0},{"not_picked":["DTMod:MasterPlan","DTMod:Haste"],"picked":"DTMod:DragonDance","floor":0},{"not_picked":["DTMod:Feint","DTMod:BizarreTactic"],"picked":"DTMod:Weaken","floor":0},{"not_picked":["DTMod:Shift","DTMod:BizarreTactic"],"picked":"DTMod:Training","floor":0},{"not_picked":["DTMod:BizarreTactic","DTMod:LowKick"],"picked":"DTMod:CalculatedDefense","floor":0},{"not_picked":["DTMod:Weaken","DTMod:StarRain"],"picked":"DTMod:Punisher","floor":0},{"not_picked":["DTMod:BlazingStrike","DTMod:Weaken"],"picked":"DTMod:HeatWave","floor":0},{"not_picked":["DTMod:MasterPlan","DTMod:BizarreTactic"],"picked":"DTMod:Astonish","floor":0},{"not_picked":["DTMod:Observe","DTMod:StarRain"],"picked":"DTMod:MagiciansMark","floor":1},{"not_picked":["DTMod:BlazingStrike","DTMod:FlameSlash"],"picked":"DTMod:QuickFly","floor":2},{"not_picked":["DTMod:CalculatedDefense","DTMod:MasterPlan"],"picked":"DTMod:ComboAttack","floor":4},{"not_picked":["DTMod:CrossStep","DTMod:QuickFly"],"picked":"DTMod:RecklessFlurry","floor":7},{"not_picked":["DTMod:Multitask","DTMod:FierySynthesis"],"picked":"DTMod:SealedStrike","floor":8},{"not_picked":["DTMod:BizarreTactic","DTMod:FlameSlash"],"picked":"DTMod:DragonDance","floor":10},{"not_picked":["DTMod:TauntingStrike","DTMod:DarkBreath"],"picked":"DTMod:BlueScale","floor":11},{"not_picked":["DTMod:Safeguard","DTMod:Outburst"],"picked":"DTMod:Harmonize","floor":12},{"not_picked":["DTMod:BuildUp","DTMod:DragonDance"],"picked":"DTMod:SneakAttack","floor":14},{"not_picked":["DTMod:HeadStart","DTMod:LightShield"],"picked":"DTMod:Inferno","floor":16},{"not_picked":["DTMod:CrossStep","DTMod:ComboAttack"],"picked":"DTMod:RunningTactic+1","floor":18},{"not_picked":["DTMod:HeatWave+1","DTMod:ComboAttack+1"],"picked":"DTMod:MasterPlan+1","floor":22},{"not_picked":["DTMod:GearUp","DTMod:ResonanceForm"],"picked":"DTMod:Inferno+1","floor":24},{"not_picked":["DTMod:Safeguard","DTMod:Harmonize"],"picked":"DTMod:ExcessFootwork","floor":30},{"not_picked":["DTMod:Observe+1","DTMod:BuildUp+1"],"picked":"DTMod:BlazingStrike+1","floor":31},{"not_picked":["DTMod:Inferno+1","DTMod:Multitask"],"picked":"DTMod:ShadowImage","floor":33},{"not_picked":["DTMod:ComboAttack+1","DTMod:BlazingStrike+1"],"picked":"DTMod:Coolant","floor":35},{"not_picked":["DTMod:StunTrap","DTMod:Outburst"],"picked":"DTMod:Safeguard","floor":40},{"not_picked":["DTMod:StunTrap","DTMod:Multitask"],"picked":"DTMod:Inferno+1","floor":42},{"not_picked":["DTMod:TagTeam+1","DTMod:ComboAttack+1"],"picked":"DTMod:BurningEnergy+1","floor":45},{"not_picked":["DTMod:Safeguard","DTMod:Prediction"],"picked":"DTMod:TriAttack+1","floor":48}],"player_experience":480101,"relics_obtained":[{"floor":8,"key":"Vajra"},{"floor":9,"key":"HornCleat"},{"floor":12,"key":"Potion Belt"},{"floor":24,"key":"MawBank"},{"floor":26,"key":"Centennial Puzzle"},{"floor":30,"key":"Blue Candle"},{"floor":40,"key":"WingedGreaves"},{"floor":42,"key":"Shovel"},{"floor":43,"key":"Bronze Scales"},{"floor":44,"key":"Orichalcum"},{"floor":47,"key":"Anchor"},{"floor":48,"key":"Whetstone"},{"floor":49,"key":"Pear"}],"event_choices":[{"damage_healed":0,"gold_gain":0,"player_choice":"Damaged","damage_taken":4,"max_hp_gain":0,"max_hp_loss":0,"event_name":"Wheel of Change","floor":3,"gold_loss":0},{"cards_removed":["DTMod:RecklessFlurry"],"damage_healed":0,"gold_gain":0,"player_choice":"Elegance","damage_taken":0,"max_hp_gain":0,"max_hp_loss":0,"event_name":"Back to Basics","floor":19,"gold_loss":0},{"damage_healed":0,"gold_gain":0,"player_choice":"Opened","damage_taken":0,"relics_obtained":["Molten Egg 2"],"max_hp_gain":0,"max_hp_loss":0,"event_name":"The Mausoleum","floor":20,"gold_loss":0},{"damage_healed":0,"gold_gain":0,"player_choice":"Ignored","damage_taken":0,"max_hp_gain":0,"max_hp_loss":0,"event_name":"Vampires","floor":21,"gold_loss":0},{"damage_healed":0,"gold_gain":0,"player_choice":"Obtained Relic","damage_taken":0,"relics_obtained":["CeramicFish"],"max_hp_gain":0,"max_hp_loss":0,"event_name":"Addict","floor":27,"gold_loss":85},{"damage_healed":0,"gold_gain":0,"player_choice":"Ignored","damage_taken":0,"max_hp_gain":0,"max_hp_loss":0,"event_name":"Cursed Tome","floor":28,"gold_loss":0},{"damage_healed":0,"gold_gain":0,"player_choice":"Damaged","damage_taken":4,"max_hp_gain":0,"max_hp_loss":0,"event_name":"Wheel of Change","floor":37,"gold_loss":0},{"damage_healed":0,"gold_gain":0,"player_choice":"Ignored","damage_taken":0,"max_hp_gain":0,"max_hp_loss":0,"event_name":"SecretPortal","floor":39,"gold_loss":0}],"is_beta":false,"boss_relics":[{"not_picked":["Ectoplasm","Runic Dome"],"picked":"Fusion Hammer"},{"not_picked":["Tiny House","Sozu"],"picked":"SlaversCollar"}],"items_purged_floors":[],"is_endless":false,"potions_floor_spawned":[4,8,11,14,16,24,33,35,40,42,48],"killed_by":"Donu and Deca","ascension_level":0}}