{"host":"q6rs3in4l29iepap","time":1608933900,"event":{"mods":["Aspiration","BaseMod","BetterRewards","Colored Map","Downfall","Friendly Minions","Hermit","Hubris","Infinite Spire","Jorbs\u0027s Wanderer Trilogy","Minty Spire (QoL Compilation)","Replay The Spire","Shade Mod","StSLib","The Bug Knight","The Construct","The Cursed","The Disciple","The Hierophant","The Mystic","The Runesmith"],"gold_per_floor":[118,118,136,136,136,136,152,171,198,198,28,28,62,85,97,109,109],"floor_reached":16,"playtime":1408,"items_purged":[],"score":150,"play_id":"480c9e8b-5439-4b58-b899-9da7a1e84f03","local_time":"20201225140500","is_ascension_mode":false,"campfire_choices":[{"floor":6,"key":"REST"},{"floor":10,"key":"REST"},{"floor":12,"key":"RECALL"},{"floor":15,"key":"REST"}],"circlet_count":0,"master_deck":["mysticmod:Strike_Mystic","mysticmod:Strike_Mystic","mysticmod:Strike_Mystic","mysticmod:Defend_Mystic","mysticmod:Defend_Mystic","mysticmod:Defend_Mystic","mysticmod:Defend_Mystic","mysticmod:ArcaneDodge","mysticmod:ShockingGrasp","ReplayUltimateDefense","mysticmod:MysticalShield","mysticmod:IllusionOfCalm","mysticmod:Flourish","mysticmod:ChargedParry","mysticmod:BulkUp","mysticmod:KeenEdge","mysticmod:TomeOfSpells","mysticmod:Shield","mysticmod:Shield","mysticmod:VorpalThrust","mysticmod:CorrosiveTouch"],"relics":["mysticmod:SpellBook","Sling","Anchor","Tiny Chest","ReplayTheSpireMod:Lightbulb","Blue Doll","hubris:EmptyBottle","MawBank"],"acts_visited":["Exordium"],"potions_floor_usage":[13,13,16,16],"damage_taken":[{"damage":6,"enemies":"Small Slimes","floor":1,"turns":5},{"damage":9,"enemies":"Cultist","floor":3,"turns":7},{"damage":0,"enemies":"Jaw Worm","floor":7,"turns":4},{"damage":22,"enemies":"Exordium Thugs","floor":8,"turns":7},{"damage":49,"enemies":"Lagavulin","floor":13,"turns":9},{"damage":9,"enemies":"Red Slaver","floor":14,"turns":4},{"damage":28,"enemies":"Hexaghost","floor":16,"turns":14}],"seed_played":"-6592369252566414326","potions_obtained":[{"floor":8,"key":"DuplicationPotion"},{"floor":14,"key":"SkillPotion"}],"is_trial":false,"path_per_floor":["M","?","M","T","T","R","M","M","T","R","$","R","E","M","R","B"],"character_chosen":"MYSTIC_CLASS","items_purchased":["mysticmod:Flourish","Sling","Anchor","hubris:EmptyBottle","mysticmod:Shield"],"campfire_rested":3,"item_purchase_floors":[0,0,0,11,11],"current_hp_per_floor":[45,45,36,36,36,59,59,37,37,60,60,60,11,2,25,0,0],"gold":109,"neow_bonus":"","is_daily":false,"chose_seed":false,"campfire_upgraded":0,"win_rate":0.0,"timestamp":1608933900,"path_taken":["M","?","?","?","?","R","M","M","T","R","?","R","E","?","R","BOSS"],"items_purchased_type":["Card","Relic","Relic","Relic","Card"],"build_version":"2020-12-13","purchased_purges":0,"victory":false,"max_hp_per_floor":[77,77,77,77,77,77,77,77,77,77,77,77,77,77,77,77,77],"card_choices":[{"not_picked":["mysticmod:LightningBolt","mysticmod:FloatingDisk"],"picked":"mysticmod:ChargedParry","floor":1},{"not_picked":["mysticmod:Snowball","mysticmod:Sideswipe"],"picked":"mysticmod:BulkUp","floor":3},{"not_picked":["mysticmod:TomeOfSpells","mysticmod:IllusionOfCalm"],"picked":"mysticmod:KeenEdge","floor":7},{"not_picked":["mysticmod:FloatingDisk","mysticmod:CorrosiveTouch"],"picked":"mysticmod:TomeOfSpells","floor":8},{"not_picked":["mysticmod:HunkerDown","mysticmod:SpellCombat"],"picked":"mysticmod:VorpalThrust","floor":13},{"not_picked":["mysticmod:MightyMagic","mysticmod:FloatingDisk"],"picked":"mysticmod:CorrosiveTouch","floor":14}],"player_experience":142002,"relics_obtained":[{"floor":5,"key":"ReplayTheSpireMod:Lightbulb"},{"floor":9,"key":"Blue Doll"},{"floor":13,"key":"MawBank"}],"event_choices":[{"damage_healed":0,"gold_gain":0,"player_choice":"Ignored","damage_taken":0,"max_hp_gain":0,"max_hp_loss":0,"event_name":"NoteForYourself","floor":2,"gold_loss":0}],"is_beta":false,"boss_relics":[],"items_purged_floors":[],"is_endless":false,"potions_floor_spawned":[8,14],"killed_by":"Hexaghost","ascension_level":0}}