{"host":"g200jza2br9hmesm","time":1608911039,"event":{"mods":["AchievementEnabler","BaseMod","Colored Map","Minty Spire (QoL Compilation)","Quick Restart","Relic Stats","StSLib"],"gold_per_floor":[118,193,193,193,193,193,220,233,233,244,265,265,265,265],"floor_reached":13,"playtime":270,"items_purged":[],"score":143,"play_id":"2cfc6b52-3314-433d-a933-a1aaa176f933","local_time":"20201225104359","is_ascension_mode":true,"campfire_choices":[{"data":"Bane","floor":6,"key":"SMITH"}],"circlet_count":0,"master_deck":["Strike_G","Strike_G","Strike_G","Strike_G","Strike_G","Defend_G","Defend_G","Defend_G","Defend_G","Defend_G","Survivor","Neutralize","Bane+1","A Thousand Cuts"],"relics":["Ring of the Snake","NeowsBlessing","Darkstone Periapt","Molten Egg 2","Odd Mushroom","Paper Crane"],"acts_visited":["Exordium"],"potions_floor_usage":[11],"damage_taken":[{"damage":0,"enemies":"2 Louse","floor":1,"turns":1},{"damage":0,"enemies":"Lagavulin","floor":7,"turns":1},{"damage":0,"enemies":"Small Slimes","floor":8,"turns":1},{"damage":0,"enemies":"Cultist","floor":10,"turns":4},{"damage":18,"enemies":"The Mushroom Lair","floor":11,"turns":4},{"damage":35,"enemies":"3 Sentries","floor":13,"turns":5}],"seed_played":"5060016040863616377","potions_obtained":[{"floor":8,"key":"Swift Potion"},{"floor":10,"key":"Fire Potion"}],"is_trial":false,"path_per_floor":["M","?","$","?","$","R","E","M","T","M","?","T","E"],"character_chosen":"THE_SILENT","items_purchased":[],"campfire_rested":0,"item_purchase_floors":[],"current_hp_per_floor":[63,52,52,52,52,52,52,52,52,52,34,34,0,0],"gold":265,"neow_bonus":"THREE_ENEMY_KILL","is_daily":false,"chose_seed":false,"campfire_upgraded":1,"win_rate":0.0,"timestamp":1608911039,"path_taken":["M","?","$","?","$","R","E","M","T","?","?","?","E"],"items_purchased_type":[],"build_version":"2020-12-22","purchased_purges":0,"victory":false,"max_hp_per_floor":[70,70,70,70,70,70,70,70,70,70,70,70,70,70],"relic_stats":{"Darkstone Periapt":0,"counters":[6,16],"obtain_stats":[{"Darkstone Periapt":7,"NeowsBlessing":0,"Molten Egg 2":9,"Odd Mushroom":11,"Paper Crane":12,"Ring of the Snake":0},{"Darkstone Periapt":2,"NeowsBlessing":0,"Molten Egg 2":3,"Odd Mushroom":5,"Paper Crane":5,"Ring of the Snake":0},{"Darkstone Periapt":2,"NeowsBlessing":0,"Molten Egg 2":3,"Odd Mushroom":11,"Paper Crane":11,"Ring of the Snake":0}],"Ring of the Snake":[12]},"card_choices":[{"not_picked":["Backflip","Quick Slash"],"picked":"Bane","floor":1},{"not_picked":["Dodge and Roll","Prepared"],"picked":"A Thousand Cuts","floor":7},{"not_picked":["Footwork","Cloak And Dagger","Heel Hook"],"picked":"SKIP","floor":8},{"not_picked":["Dagger Spray+1","Sucker Punch+1","Escape Plan"],"picked":"SKIP","floor":10}],"player_experience":487742,"relics_obtained":[{"floor":7,"key":"Darkstone Periapt"},{"floor":9,"key":"Molten Egg 2"},{"floor":11,"key":"Odd Mushroom"},{"floor":12,"key":"Paper Crane"}],"event_choices":[{"damage_healed":0,"gold_gain":75,"player_choice":"Gather Gold","damage_taken":11,"max_hp_gain":0,"max_hp_loss":0,"event_name":"World of Goop","floor":2,"gold_loss":0},{"damage_healed":0,"gold_gain":0,"player_choice":"Bought 0 Potions","damage_taken":0,"max_hp_gain":0,"max_hp_loss":0,"event_name":"The Woman in Blue","floor":4,"gold_loss":0},{"damage_healed":0,"gold_gain":0,"player_choice":"Fought Mushrooms","damage_taken":0,"max_hp_gain":0,"max_hp_loss":0,"event_name":"Mushrooms","floor":11,"gold_loss":0}],"is_beta":false,"boss_relics":[],"items_purged_floors":[],"is_endless":false,"potions_floor_spawned":[8,10],"killed_by":"3 Sentries","ascension_level":7}}