{"host":"agbyy69nq62afhwx","time":1608903984,"event":{"mods":["BaseMod","Colored Map","Highlight Path","Keyboard Shortcuts","Minty Spire (QoL Compilation)","Quick Restart","StSLib","SuperFastMode","everything is the same but u backflip on backflip"],"gold_per_floor":[116,127,202,222,236,236,266,284,284,284,59,134,134,134,134,233,233,248,3,16,36,36,36,61,81,81,112,212,229,229,249,249,249,249],"floor_reached":33,"playtime":1142,"items_purged":["Clumsy","Strike_G"],"score":445,"play_id":"dfb3b9a9-7828-4591-8f50-d1fe951173d9","local_time":"20201225224624","is_ascension_mode":true,"campfire_choices":[{"data":"Eviscerate","floor":6.0,"key":"SMITH"},{"floor":10.0,"key":"REST"},{"floor":13.0,"key":"REST"},{"data":"Acrobatics","floor":15.0,"key":"SMITH"},{"floor":23.0,"key":"REST"},{"data":"Double Tap","floor":32.0,"key":"SMITH"}],"circlet_count":0,"master_deck":["AscendersBane","Strike_G+1","Strike_G","Defend_G","Defend_G","Defend_G","Survivor","Neutralize","PiercingWail","Quick Slash","Eviscerate+1","Unload+1","Acrobatics+1","Double Tap+1","FlyingSleeves+1","Metallicize+1","Conserve Battery+1","Flash of Steel","Bandage Up+1","Shrug It Off"],"relics":["Ring of the Snake","Bag of Marbles","Whetstone","PrismaticShard","Empty Cage","Orrery","MutagenicStrength","Omamori","White Beast Statue","Pantograph","CaptainsWheel","Molten Egg 2"],"acts_visited":["Exordium","TheCity"],"potions_floor_usage":[33,33],"damage_taken":[{"damage":0.0,"enemies":"Jaw Worm","floor":1.0,"turns":4.0},{"damage":0.0,"enemies":"Cultist","floor":2.0,"turns":3.0},{"damage":1.0,"enemies":"Small Slimes","floor":4.0,"turns":4.0},{"damage":4.0,"enemies":"2 Fungi Beasts","floor":5.0,"turns":3.0},{"damage":29.0,"enemies":"Gremlin Nob","floor":7.0,"turns":5.0},{"damage":6.0,"enemies":"Exordium Thugs","floor":8.0,"turns":3.0},{"damage":39.0,"enemies":"The Guardian","floor":16.0,"turns":10.0},{"damage":14.0,"enemies":"Shell Parasite","floor":18.0,"turns":4.0},{"damage":6.0,"enemies":"2 Thieves","floor":20.0,"turns":3.0},{"damage":24.0,"enemies":"Snecko","floor":21.0,"turns":5.0},{"damage":12.0,"enemies":"Gremlin Leader","floor":24.0,"turns":6.0},{"damage":0.0,"enemies":"Centurion and Healer","floor":25.0,"turns":3.0},{"damage":14.0,"enemies":"Book of Stabbing","floor":27.0,"turns":7.0},{"damage":0.0,"enemies":"Colosseum Slavers","floor":28.0,"turns":4.0},{"damage":8.0,"enemies":"Colosseum Nobs","floor":28.0,"turns":3.0},{"damage":2.0,"enemies":"Cultist and Chosen","floor":29.0,"turns":5.0},{"damage":6.0,"enemies":"Shelled Parasite and Fungi","floor":31.0,"turns":3.0},{"damage":61,"enemies":"Automaton","floor":33,"turns":10}],"seed_played":"-377906576688053516","potions_obtained":[{"floor":1.0,"key":"Dexterity Potion"},{"floor":4.0,"key":"SteroidPotion"},{"floor":8.0,"key":"Strength Potion"},{"floor":14.0,"key":"Fruit Juice"},{"floor":14.0,"key":"SkillPotion"},{"floor":20.0,"key":"Regen Potion"},{"floor":24.0,"key":"EssenceOfSteel"},{"floor":27.0,"key":"DuplicationPotion"}],"is_trial":false,"path_per_floor":["M","M","?","M","M","R","E","M","T","R","$","?","R","?","R","B",null,"M","$","M","M","?","R","E","M","T","E","?","M","?","M","R","B"],"character_chosen":"THE_SILENT","items_purchased":["PrismaticShard","Orrery"],"campfire_rested":3,"item_purchase_floors":[11,19],"current_hp_per_floor":[63,63,56,55,51,51,22,16,16,37,37,26,47,52,52,13,60,46,46,40,16,16,38,41,41,41,27,31,35,35,35,35,5,5],"gold":249,"neow_bonus":"TRANSFORM_TWO_CARDS","is_daily":false,"chose_seed":false,"campfire_upgraded":3,"win_rate":0.0,"timestamp":1608903984,"path_taken":["M","M","?","M","?","R","E","M","T","R","$","?","R","?","R","BOSS","M","$","M","M","?","R","E","M","T","E","?","M","?","M","R","BOSS"],"items_purchased_type":["Relic","Relic"],"build_version":"2020-12-22","purchased_purges":2,"victory":false,"max_hp_per_floor":[70,70,70,70,70,70,70,70,70,70,70,70,70,75,75,75,75,75,75,75,75,75,75,75,75,75,75,75,75,75,75,75,75,75],"card_choices":[{"not_picked":["Terror","Flying Knee"],"picked":"Eviscerate","floor":1.0},{"not_picked":["Deadly Poison","Blade Dance","Quick Slash"],"picked":"SKIP","floor":2.0},{"not_picked":["Infinite Blades","Outmaneuver"],"picked":"Unload","floor":4.0},{"not_picked":["Finisher","Poisoned Stab","Expertise"],"picked":"SKIP","floor":5.0},{"not_picked":["PiercingWail","Quick Slash"],"picked":"Acrobatics","floor":7.0},{"not_picked":["Dash","Dodge and Roll","Expertise"],"picked":"SKIP","floor":8.0},{"not_picked":["Buffer","Judgement"],"picked":"Double Tap","floor":16.0},{"not_picked":["Feel No Pain","Reckless Charge","Evaluate+1"],"picked":"SKIP","floor":18.0},{"not_picked":["Wild Strike","Static Discharge"],"picked":"FlyingSleeves+1","floor":19.0},{"not_picked":["Crescendo","Sanctity"],"picked":"Metallicize+1","floor":20.0},{"not_picked":["Choke","Heavy Blade+1","Dagger Throw"],"picked":"SKIP","floor":21.0},{"not_picked":["Poisoned Stab","Purity"],"picked":"Conserve Battery+1","floor":24.0},{"not_picked":["EmptyMind","Consecrate"],"picked":"Flash of Steel","floor":25.0},{"not_picked":["HandOfGreed","Anger+1"],"picked":"Bandage Up+1","floor":27.0},{"not_picked":["Barrage+1","Twin Strike+1"],"picked":"Shrug It Off","floor":29.0},{"not_picked":["CutThroughFate+1","Static Discharge","Wild Strike+1"],"picked":"SKIP","floor":31.0}],"player_experience":372104,"relics_obtained":[{"floor":7.0,"key":"Bag of Marbles"},{"floor":9.0,"key":"Whetstone"},{"floor":24.0,"key":"Omamori"},{"floor":26.0,"key":"White Beast Statue"},{"floor":27.0,"key":"Pantograph"},{"floor":28.0,"key":"CaptainsWheel"},{"floor":28.0,"key":"Molten Egg 2"}],"event_choices":[{"damage_healed":0.0,"max_hp_gain":0.0,"max_hp_loss":0.0,"gold_gain":75.0,"event_name":"FaceTrader","player_choice":"Touch","floor":3.0,"gold_loss":0.0,"damage_taken":7.0},{"damage_healed":0.0,"max_hp_gain":0.0,"max_hp_loss":0.0,"gold_gain":75.0,"event_name":"World of Goop","player_choice":"Gather Gold","floor":12.0,"gold_loss":0.0,"damage_taken":11.0},{"damage_healed":0.0,"max_hp_gain":0.0,"max_hp_loss":0.0,"gold_gain":0.0,"event_name":"Lab","player_choice":"Got Potions","floor":14.0,"gold_loss":0.0,"damage_taken":0.0},{"damage_healed":0.0,"max_hp_gain":0.0,"max_hp_loss":0.0,"gold_gain":0.0,"event_name":"Drug Dealer","player_choice":"Inject Mutagens","floor":22.0,"gold_loss":0.0,"damage_taken":0.0,"relics_obtained":["MutagenicStrength"]},{"damage_healed":0.0,"max_hp_gain":0.0,"max_hp_loss":0.0,"gold_gain":0.0,"event_name":"Colosseum","player_choice":"Fight","floor":28.0,"gold_loss":0.0,"damage_taken":0.0},{"damage_healed":0.0,"max_hp_gain":0.0,"max_hp_loss":0.0,"gold_gain":0.0,"event_name":"Colosseum","player_choice":"Fought Nobs","floor":28.0,"gold_loss":0.0,"damage_taken":0.0},{"damage_healed":0.0,"max_hp_gain":0.0,"max_hp_loss":0.0,"gold_gain":0.0,"event_name":"Ghosts","player_choice":"Ignored","floor":30.0,"gold_loss":0.0,"damage_taken":0.0}],"is_beta":false,"boss_relics":[{"not_picked":["SlaversCollar","Snecko Eye"],"picked":"Empty Cage"}],"items_purged_floors":[11,19],"is_endless":false,"potions_floor_spawned":[1,4,8,16,20,21,24,27,28,28,29,31],"killed_by":"Automaton","ascension_level":11}}