{"host":"9d9dhukr2jywmy0f","time":1608897751,"event":{"mods":["2.2 Compatiblity","Alarm Clock","BaseMod","Bestiary","Block Reminder","Colored Map","Colored Powertips","Curses Come First","DeckTracker","Displayed Cursed Tome","Highlight Path","Key Reminder","Keyboard Shortcuts","Minty Spire (QoL Compilation)","MonsterHotkey","Potion Indicator Mod","Quick Restart","Rare Cards Sparkle","Relic Sorter","Relic Stats","Spire Birthday Party","StSLib","Synergy Search","Unceasing Turn Reminder","Unknown Chances"],"gold_per_floor":[114,129,129,144,159,189,204,234,234,264,279,309,309,324,324,424,424,439,439,134,134,44,44,74,74,124,163,185,215,239,269,269,369,369,384,159,159,209,209,239,239,278,303,303,342,88,118,5,5,5],"floor_reached":51,"playtime":3966,"items_purged":[],"score":1640,"play_id":"df29e9c3-aeb7-4b8e-a4c1-ce2e7e691a8d","local_time":"20201225200231","daily_mods":["Draft","Hoarder","Elite Swarm"],"is_ascension_mode":false,"campfire_choices":[{"data":"Armaments","floor":13.0,"key":"SMITH"},{"data":"Armaments","floor":15.0,"key":"SMITH"},{"data":"Apotheosis","floor":23,"key":"SMITH"},{"data":"Apotheosis","floor":25,"key":"SMITH"},{"data":"Apotheosis","floor":32,"key":"SMITH"},{"data":"Offering","floor":41,"key":"SMITH"},{"data":"Rupture","floor":44,"key":"SMITH"},{"data":"Rupture","floor":49,"key":"SMITH"}],"circlet_count":0,"master_deck":["Havoc","Havoc","Havoc","Seeing Red","Seeing Red","Seeing Red","Flame Barrier","Flame Barrier","Heavy Blade+1","Heavy Blade","Heavy Blade","Bloodletting","Bloodletting","Bloodletting","Dual Wield","Dual Wield","Dual Wield","Heavy Blade","Heavy Blade","Power Through","Power Through","Power Through","Combust","Combust","Combust","Armaments+1","Armaments+1","Armaments","Thunderclap+1","Thunderclap","Thunderclap","Dual Wield","Dual Wield","Dual Wield","Havoc","Havoc","Havoc","Havoc","Havoc","Havoc","Rupture+1","Rupture+1","Rupture","Shrug It Off","Shrug It Off","Shrug It Off","Shrug It Off","Shrug It Off","Shrug It Off","Limit Break","Limit Break","Limit Break","Reaper","Reaper","Reaper","Brutality","Brutality","Brutality","Dark Embrace","Dark Embrace","Dark Embrace","Impervious","Impervious","Impervious","Seeing Red","Seeing Red","Seeing Red","Reaper","Reaper","Reaper","Offering+1","Offering","Offering","Apotheosis+1","Apotheosis+1","Apotheosis+1","Offering","Offering","Offering","Corruption","Corruption","Corruption","Warcry+1","Warcry+1","Warcry+1","Offering","Offering","Offering","Corruption","Corruption","Corruption","Dark Embrace","Dark Embrace","Dark Embrace"],"relics":["Burning Blood","Vajra","Potion Belt","Pear","InkBottle","Red Skull","Black Star","Membership Card","Ancient Tea Set","Centennial Puzzle","HornCleat","CeramicFish","Magic Flower","CaptainsWheel","Red Mask","Blue Candle","Bronze Scales","Orichalcum","Du-Vu Doll","Coffee Dripper","Bag of Preparation","Toy Ornithopter","Sling","Torii","Lizard Tail","Anchor","Charon\u0027s Ashes","Mango","Whetstone","Strawberry","White Beast Statue","TheAbacus","Self Forming Clay","Mummified Hand","Kunai","OrangePellets"],"acts_visited":["Exordium","TheCity","TheBeyond"],"potions_floor_usage":[50,50,50,50],"damage_taken":[{"damage":0.0,"enemies":"Small Slimes","floor":1.0,"turns":3.0},{"damage":6.0,"enemies":"Cultist","floor":2.0,"turns":4.0},{"damage":5.0,"enemies":"2 Louse","floor":4.0,"turns":5.0},{"damage":8.0,"enemies":"Large Slime","floor":5.0,"turns":6.0},{"damage":8.0,"enemies":"3 Sentries","floor":6.0,"turns":6.0},{"damage":9.0,"enemies":"Exordium Wildlife","floor":7.0,"turns":7.0},{"damage":1.0,"enemies":"Gremlin Nob","floor":8.0,"turns":3.0},{"damage":27.0,"enemies":"Lagavulin","floor":10.0,"turns":8.0},{"damage":14.0,"enemies":"Blue Slaver","floor":11.0,"turns":6.0},{"damage":35.0,"enemies":"Gremlin Nob","floor":12.0,"turns":4.0},{"damage":17.0,"enemies":"Exordium Thugs","floor":14.0,"turns":5.0},{"damage":11.0,"enemies":"Slime Boss","floor":16.0,"turns":5.0},{"damage":34.0,"enemies":"Shell Parasite","floor":18.0,"turns":7.0},{"damage":28,"enemies":"Gremlin Leader","floor":24,"turns":3},{"damage":34,"enemies":"Book of Stabbing","floor":27,"turns":4},{"damage":20,"enemies":"Masked Bandits","floor":28,"turns":2},{"damage":18,"enemies":"Slavers","floor":29,"turns":4},{"damage":18,"enemies":"Spheric Guardian","floor":30,"turns":1},{"damage":13,"enemies":"Book of Stabbing","floor":31,"turns":2},{"damage":21,"enemies":"Champ","floor":33,"turns":4},{"damage":10,"enemies":"3 Darklings","floor":35,"turns":2},{"damage":17,"enemies":"Mind Bloom Boss Battle","floor":38,"turns":5},{"damage":23,"enemies":"Reptomancer","floor":40,"turns":4},{"damage":10,"enemies":"Nemesis","floor":42,"turns":3},{"damage":21,"enemies":"Reptomancer","floor":45,"turns":1},{"damage":12,"enemies":"Giant Head","floor":47,"turns":2},{"damage":36,"enemies":"Donu and Deca","floor":50,"turns":1}],"seed_played":"-567031674859551473","potions_obtained":[{"floor":4.0,"key":"SteroidPotion"},{"floor":5.0,"key":"ColorlessPotion"},{"floor":6.0,"key":"Energy Potion"},{"floor":10.0,"key":"FearPotion"},{"floor":11.0,"key":"Regen Potion"},{"floor":14.0,"key":"Block Potion"},{"floor":24,"key":"FearPotion"},{"floor":27,"key":"Strength Potion"},{"floor":33,"key":"SkillPotion"},{"floor":35,"key":"Swift Potion"}],"is_trial":false,"path_per_floor":["M","M","?","M","M","E","M","E","T","E","M","E","R","M","R","B",null,"M","?","$","?","$","R","E","R","T","E","?","E","M","E","R","B",null,"M","$","?","?","?","E","R","E","T","R","E","$","E","$","R","B",null],"character_chosen":"IRONCLAD","items_purchased":["Membership Card","Offering","Ancient Tea Set","Apotheosis","Bag of Preparation","Toy Ornithopter","Sling","TheAbacus","Self Forming Clay","Dark Embrace","Strength Potion","OrangePellets","DuplicationPotion"],"campfire_rested":0,"item_purchase_floors":[20,20,20,22,36,36,36,46,46,46,46,48,48],"current_hp_per_floor":[80,80,72,73,71,69,66,71,81,74,75,46,46,64,64,89,90,88,88,88,88,88,88,90,90,90,90,90,90,90,90,90,90,90,90,90,90,90,85,85,85,99,99,99,106,106,106,106,106,106],"gold":5,"neow_bonus":"","is_daily":true,"chose_seed":false,"campfire_upgraded":8,"win_rate":0.0,"timestamp":1608897751,"path_taken":["M","M","?","M","?","E","M","E","T","E","M","E","R","M","R","BOSS","M","?","$","?","$","R","E","R","T","E","?","E","M","E","R","BOSS","M","$","?","?","?","E","R","E","T","R","E","$","E","?","R","BOSS"],"items_purchased_type":["Relic","Card","Relic","Card","Relic","Relic","Relic","Relic","Relic","Card","Potion","Relic","Potion"],"build_version":"2020-11-30","purchased_purges":0,"victory":true,"max_hp_per_floor":[80,80,80,80,80,80,80,80,90,90,90,90,90,90,90,90,90,90,90,90,90,90,90,90,90,90,90,90,90,90,90,90,90,90,90,90,90,90,85,85,85,99,99,99,106,106,106,106,106,106],"relic_stats":{"Torii":0,"counters":[27,107],"Self Forming Clay":[0],"CeramicFish":45,"Blue Candle":[0],"Magic Flower":[6],"Charon\u0027s Ashes":[391],"Bag of Preparation":[12],"Whetstone":["Thunderclap","Heavy Blade"],"Orichalcum":[0],"Burning Blood":90,"OrangePellets":[0],"Centennial Puzzle":[37],"Lizard Tail":0,"TheAbacus":[0],"Mummified Hand":[16],"Bronze Scales":[24],"Black Star":8,"Kunai":[0],"obtain_stats":[{"Torii":38,"CeramicFish":26,"Vajra":6,"Magic Flower":27,"Mango":42,"Bag of Preparation":36,"Whetstone":43,"Ancient Tea Set":20,"Sling":36,"Burning Blood":0,"Centennial Puzzle":24,"Lizard Tail":40,"HornCleat":24,"TheAbacus":46,"Mummified Hand":47,"Strawberry":45,"Red Mask":28,"Kunai":47,"InkBottle":10,"Red Skull":12,"Potion Belt":8,"Pear":9,"Self Forming Clay":46,"Blue Candle":29,"Charon\u0027s Ashes":42,"Orichalcum":31,"White Beast Statue":45,"Du-Vu Doll":31,"OrangePellets":48,"CaptainsWheel":27,"Anchor":40,"Bronze Scales":29,"Black Star":17,"Coffee Dripper":34,"Membership Card":20,"Toy Ornithopter":36},{"Torii":22,"CeramicFish":14,"Vajra":5,"Magic Flower":15,"Mango":24,"Bag of Preparation":21,"Whetstone":24,"Ancient Tea Set":13,"Sling":21,"Burning Blood":0,"Centennial Puzzle":14,"Lizard Tail":23,"HornCleat":14,"TheAbacus":25,"Mummified Hand":26,"Strawberry":25,"Red Mask":16,"Kunai":26,"InkBottle":8,"Red Skull":10,"Potion Belt":7,"Pear":7,"Self Forming Clay":25,"Blue Candle":17,"Charon\u0027s Ashes":24,"Orichalcum":19,"White Beast Statue":25,"Du-Vu Doll":19,"OrangePellets":26,"CaptainsWheel":15,"Anchor":23,"Bronze Scales":17,"Black Star":12,"Coffee Dripper":20,"Membership Card":13,"Toy Ornithopter":21},{"Torii":96,"CeramicFish":72,"Vajra":24,"Magic Flower":76,"Mango":103,"Bag of Preparation":91,"Whetstone":103,"Ancient Tea Set":69,"Sling":91,"Burning Blood":0,"Centennial Puzzle":72,"Lizard Tail":100,"HornCleat":72,"TheAbacus":104,"Mummified Hand":106,"Strawberry":104,"Red Mask":78,"Kunai":106,"InkBottle":42,"Red Skull":52,"Potion Belt":34,"Pear":34,"Self Forming Clay":104,"Blue Candle":82,"Charon\u0027s Ashes":103,"Orichalcum":85,"White Beast Statue":104,"Du-Vu Doll":85,"OrangePellets":106,"CaptainsWheel":76,"Anchor":100,"Bronze Scales":82,"Black Star":62,"Coffee Dripper":89,"Membership Card":69,"Toy Ornithopter":91}],"InkBottle":[54],"Toy Ornithopter":6},"card_choices":[{"not_picked":["Iron Wave","Warcry"],"picked":"Havoc","floor":0.0},{"not_picked":["Reckless Charge","Pommel Strike"],"picked":"Seeing Red","floor":0.0},{"not_picked":["Searing Blow","Thunderclap"],"picked":"Flame Barrier","floor":0.0},{"not_picked":["Sentinel","Iron Wave"],"picked":"Heavy Blade","floor":0.0},{"not_picked":["Clothesline","Heavy Blade"],"picked":"Bloodletting","floor":0.0},{"not_picked":["Heavy Blade","Cleave"],"picked":"Dual Wield","floor":0.0},{"not_picked":["Cleave","Clash"],"picked":"Heavy Blade","floor":0.0},{"not_picked":["Shrug It Off","Flex"],"picked":"Power Through","floor":0.0},{"not_picked":["Heavy Blade","Seeing Red"],"picked":"Combust","floor":0.0},{"not_picked":["Clash","Sword Boomerang"],"picked":"Armaments","floor":0.0},{"not_picked":["Seeing Red","Perfected Strike"],"picked":"Thunderclap","floor":0.0},{"not_picked":["Wild Strike","Dropkick"],"picked":"Dual Wield","floor":0.0},{"not_picked":["Iron Wave","Cleave"],"picked":"Havoc","floor":0.0},{"not_picked":["Disarm","Body Slam"],"picked":"Havoc","floor":0.0},{"not_picked":["Armaments","Clash"],"picked":"Rupture","floor":0.0},{"not_picked":["Thunderclap","Combust","Sentinel"],"picked":"SKIP","floor":1.0},{"not_picked":["Entrench","Heavy Blade"],"picked":"Shrug It Off","floor":2.0},{"not_picked":["Seeing Red","Heavy Blade"],"picked":"Shrug It Off","floor":4.0},{"not_picked":["Clothesline","Searing Blow","Heavy Blade"],"picked":"SKIP","floor":5.0},{"not_picked":["Impervious","Exhume"],"picked":"Limit Break","floor":6.0},{"not_picked":["Clash","Thunderclap","Wild Strike"],"picked":"SKIP","floor":7.0},{"not_picked":["Limit Break","Feed"],"picked":"Reaper","floor":8.0},{"not_picked":["Limit Break","Impervious"],"picked":"Brutality","floor":10.0},{"not_picked":["Clothesline","Whirlwind"],"picked":"Dark Embrace","floor":11.0},{"not_picked":["Immolate","Juggernaut"],"picked":"Impervious","floor":12.0},{"not_picked":["Flex","Pommel Strike"],"picked":"Seeing Red","floor":14.0},{"not_picked":["Fiend Fire","Limit Break"],"picked":"Reaper","floor":16.0},{"not_picked":["Disarm","Dual Wield+1","Sword Boomerang"],"picked":"SKIP","floor":18.0},{"not_picked":["Impervious","Barricade"],"picked":"Offering","floor":24},{"not_picked":["Exhume","Juggernaut"],"picked":"Corruption","floor":27},{"not_picked":["Limit Break","Juggernaut","Brutality"],"picked":"SKIP","floor":29},{"not_picked":["Shrug It Off","Iron Wave+1"],"picked":"Warcry+1","floor":30},{"not_picked":["Limit Break","Juggernaut","Bludgeon"],"picked":"SKIP","floor":31},{"not_picked":["Anger+1","Heavy Blade","Power Through"],"picked":"SKIP","floor":35},{"not_picked":["Berserk","Double Tap","Impervious"],"picked":"SKIP","floor":40},{"not_picked":["Bludgeon","Limit Break"],"picked":"Offering","floor":42},{"not_picked":["Exhume","Reaper"],"picked":"Corruption","floor":45},{"not_picked":["Bludgeon","Feed","Fiend Fire"],"picked":"SKIP","floor":47}],"player_experience":743943,"relics_obtained":[{"floor":6.0,"key":"Vajra"},{"floor":8.0,"key":"Potion Belt"},{"floor":9.0,"key":"Pear"},{"floor":10.0,"key":"InkBottle"},{"floor":12.0,"key":"Red Skull"},{"floor":24,"key":"Centennial Puzzle"},{"floor":24,"key":"HornCleat"},{"floor":26,"key":"CeramicFish"},{"floor":27,"key":"Magic Flower"},{"floor":27,"key":"CaptainsWheel"},{"floor":28,"key":"Red Mask"},{"floor":29,"key":"Blue Candle"},{"floor":29,"key":"Bronze Scales"},{"floor":31,"key":"Orichalcum"},{"floor":31,"key":"Du-Vu Doll"},{"floor":38,"key":"Torii"},{"floor":40,"key":"Lizard Tail"},{"floor":40,"key":"Anchor"},{"floor":42,"key":"Charon\u0027s Ashes"},{"floor":42,"key":"Mango"},{"floor":43,"key":"Whetstone"},{"floor":45,"key":"Strawberry"},{"floor":45,"key":"White Beast Statue"},{"floor":47,"key":"Mummified Hand"},{"floor":47,"key":"Kunai"}],"event_choices":[{"damage_healed":0.0,"max_hp_gain":0.0,"max_hp_loss":0.0,"gold_gain":0.0,"event_name":"Wheel of Change","player_choice":"Damaged","floor":3.0,"gold_loss":0.0,"damage_taken":8.0},{"cards_removed":["Flame Barrier"],"damage_healed":0.0,"max_hp_gain":0.0,"max_hp_loss":0.0,"gold_gain":0.0,"event_name":"Back to Basics","player_choice":"Elegance","floor":19.0,"gold_loss":0.0,"damage_taken":0.0},{"damage_healed":0,"gold_gain":0,"player_choice":"Ignored","damage_taken":0,"max_hp_gain":0,"max_hp_loss":0,"event_name":"The Mausoleum","floor":21,"gold_loss":0},{"damage_healed":0,"gold_gain":0,"player_choice":"Fought Bandits","damage_taken":0,"max_hp_gain":0,"max_hp_loss":0,"event_name":"Masked Bandits","floor":28,"gold_loss":0},{"cards_removed":["Heavy Blade"],"damage_healed":0,"gold_gain":0,"player_choice":"Removed Attack","damage_taken":0,"max_hp_gain":0,"max_hp_loss":0,"event_name":"Falling","floor":37,"gold_loss":0},{"damage_healed":0,"gold_gain":0,"player_choice":"Fight","damage_taken":0,"max_hp_gain":0,"max_hp_loss":0,"event_name":"MindBloom","floor":38,"gold_loss":0},{"damage_healed":0,"gold_gain":0,"player_choice":"Max HP","damage_taken":0,"max_hp_gain":0,"max_hp_loss":5,"event_name":"Winding Halls","floor":39,"gold_loss":0}],"is_beta":false,"boss_relics":[{"not_picked":["SacredBark","Astrolabe"],"picked":"Black Star"},{"not_picked":["Cursed Key","Busted Crown"],"picked":"Coffee Dripper"}],"items_purged_floors":[],"is_endless":false,"potions_floor_spawned":[4,5,6,10,11,14,24,27,29,33,35,42,47],"ascension_level":0}}