{"host":"xrdu44lqyrrw1kvr","time":1608940256,"event":{"mods":["Aspiration","BaseMod","Colored Powertips","Hubris","Jedi Mod","Minty Spire (QoL Compilation)","Relic Stats","Replay The Spire","StSLib"],"gold_per_floor":[118,118,136,155,171,202,213,213,265,290,426,426,468,209,209,320,320,348,348,348,69,88,88,127,127,127,148,184,184,222,247,247,357,357,376,171,234,292,93,93,131,154,154,154,30,66,66,108,108,108,108,108,30,73,73],"floor_reached":56,"playtime":2391,"items_purged":["Strike_R","Strike_R","Strike_R","Strike_R","Bash","Defend_R+1"],"score":1904,"play_id":"75cf3e8e-3a01-40f0-94f4-d7a17abe4f80","local_time":"20201226025056","is_ascension_mode":true,"campfire_choices":[{"floor":12.0,"key":"REST"},{"data":"hubris:EnhanceAbility","floor":15.0,"key":"SMITH"},{"data":"Offering","floor":23.0,"key":"SMITH"},{"data":"jedi:collectorstrike","floor":25,"key":"SMITH"},{"floor":29,"key":"RECALL"},{"data":"Body Slam","floor":32,"key":"SMITH"},{"data":"Warcry","floor":40,"key":"SMITH"},{"data":"Defend_R","floor":44,"key":"SMITH"},{"data":"Defend_R","floor":49,"key":"SMITH"},{"data":"Defend_R","floor":52,"key":"SMITH"}],"circlet_count":0,"master_deck":["Defend_R+1","Defend_R+1","Defend_R+1","jedi:collectorstrike+1","Headbutt","Body Slam+1","Burning Pact+1","Offering+1","Shrug It Off+1","hubris:EnhanceAbility+1","Trip","Warcry+1","Double Tap","Flame Barrier"],"relics":["Burning Blood","Matryoshka","hubris:Icosahedron","CeramicFish","PreservedInsect","Regal Pillow","Champion Belt","SlaversCollar","Smiling Mask","Bag of Preparation","Potion Belt","War Paint","hubris:ChampionShield","Bag of Marbles","Runic Pyramid","Membership Card","TungstenRod","TheAbacus","Blood Vial","Nunchaku","King of Hearts","Toy Ornithopter","ReplayTheSpireMod:Shallot","HornCleat"],"acts_visited":["Exordium","TheCity","TheBeyond","TheEnding"],"potions_floor_usage":[33,55,55,55,55,55],"damage_taken":[{"damage":0.0,"enemies":"Small Slimes","floor":1.0,"turns":3.0},{"damage":1.0,"enemies":"Cultist","floor":3.0,"turns":3.0},{"damage":6.0,"enemies":"Jaw Worm","floor":4.0,"turns":4.0},{"damage":13.0,"enemies":"Looter","floor":5.0,"turns":4.0},{"damage":42.0,"enemies":"Lagavulin","floor":6.0,"turns":7.0},{"damage":15.0,"enemies":"Exordium Thugs","floor":7.0,"turns":4.0},{"damage":6.0,"enemies":"3 Louse","floor":10.0,"turns":4.0},{"damage":18.0,"enemies":"3 Sentries","floor":11.0,"turns":8.0},{"damage":6.0,"enemies":"Gremlin Nob","floor":13.0,"turns":2.0},{"damage":23.0,"enemies":"Slime Boss","floor":16.0,"turns":14.0},{"damage":0.0,"enemies":"3 Byrds","floor":18.0,"turns":7.0},{"damage":6.0,"enemies":"Spheric Guardian","floor":22.0,"turns":3.0},{"damage":0,"enemies":"Slavers","floor":24,"turns":4},{"damage":6,"enemies":"Snake Plant","floor":27,"turns":1},{"damage":0,"enemies":"Book of Stabbing","floor":28,"turns":2},{"damage":0,"enemies":"Replay:Snechameleon","floor":30,"turns":1},{"damage":0,"enemies":"Centurion and Healer","floor":31,"turns":3},{"damage":6,"enemies":"Automaton","floor":33,"turns":6},{"damage":0,"enemies":"Orb Walker","floor":35,"turns":2},{"damage":6,"enemies":"2 Orb Walkers","floor":38,"turns":2},{"damage":5,"enemies":"Reptomancer","floor":41,"turns":3},{"damage":0,"enemies":"3 Darklings","floor":42,"turns":3},{"damage":0,"enemies":"Giant Head","floor":46,"turns":1},{"damage":0,"enemies":"Nemesis","floor":48,"turns":1},{"damage":0,"enemies":"Awakened One","floor":50,"turns":4},{"damage":0,"enemies":"Shield and Spear","floor":54,"turns":2},{"damage":0,"enemies":"The Heart","floor":55,"turns":4}],"seed_played":"550632060701407342","potions_obtained":[{"floor":4.0,"key":"Explosive Potion"},{"floor":6.0,"key":"BlessingOfTheForge"},{"floor":13.0,"key":"Explosive Potion"},{"floor":22.0,"key":"Dexterity Potion"},{"floor":24,"key":"ElixirPotion"},{"floor":27,"key":"SmokeBomb"},{"floor":30,"key":"LiquidBronze"},{"floor":37,"key":"SkillPotion"},{"floor":37,"key":"jedi:holywater"},{"floor":42,"key":"GamblersBrew"},{"floor":54,"key":"Adrenaline Potion"}],"is_trial":false,"path_per_floor":["M","?","M","M","M","E","M","?","T","M","E","R","E","$","R","B",null,"M","?","?","$","M","R","E","R","T","M","E","R","E","M","R","B",null,"M","$","?","?","$","R","E","M","T","R","$","E","?","E","R","B",null,"R","$","E","B",null],"character_chosen":"IRONCLAD","items_purchased":["hubris:EnhanceAbility","Bag of Preparation","Trip","Membership Card","TheAbacus","Blood Vial","Toy Ornithopter","Flame Barrier"],"campfire_rested":1,"item_purchase_floors":[14,21,21,36,39,39,45,53],"current_hp_per_floor":[80,80,80,80,73,37,28,28,28,28,16,55,58,58,58,41,83,83,83,83,83,83,83,83,83,83,83,83,83,83,83,83,83,83,83,83,63,63,63,63,66,74,74,74,74,82,82,83,83,83,83,83,83,83,83],"gold":73,"neow_bonus":"THREE_CARDS","is_daily":false,"chose_seed":false,"campfire_upgraded":8,"win_rate":0.0,"timestamp":1608940256,"path_taken":["M","?","?","M","M","E","M","?","T","M","E","R","E","$","R","BOSS","M","?","?","$","?","R","E","R","T","M","E","R","E","M","R","BOSS","M","$","?","?","$","R","E","M","T","R","?","E","?","E","R","BOSS","R","$","E","BOSS"],"items_purchased_type":["Card","Relic","Card","Relic","Relic","Relic","Relic","Card"],"build_version":"2020-12-22","purchased_purges":6,"victory":true,"max_hp_per_floor":[80,80,80,80,80,80,80,80,80,80,80,80,83,83,83,83,83,83,83,83,83,83,83,83,83,83,83,83,83,83,83,83,83,83,83,83,83,83,83,83,83,83,83,83,83,83,83,83,83,83,83,83,83,83,83],"relic_stats":{"Regal Pillow":15,"counters":[27,102],"CeramicFish":198,"PreservedInsect":467,"Bag of Preparation":[32],"War Paint":["Defend_R","Burning Pact"],"Smiling Mask":176,"Burning Blood":91,"Blood Vial":7,"Nunchaku":[4],"TheAbacus":[84],"Champion Belt":[49],"obtain_stats":[{"Potion Belt":24,"Regal Pillow":11,"CeramicFish":9,"PreservedInsect":9,"King of Hearts":43,"Bag of Preparation":21,"War Paint":26,"Smiling Mask":19,"Burning Blood":0,"Blood Vial":39,"SlaversCollar":17,"Nunchaku":41,"Matryoshka":6,"hubris:Icosahedron":8,"TheAbacus":39,"HornCleat":54,"ReplayTheSpireMod:Shallot":46,"Bag of Marbles":30,"Champion Belt":13,"Membership Card":36,"hubris:ChampionShield":28,"TungstenRod":38,"Toy Ornithopter":45,"Runic Pyramid":34},{"Potion Belt":13,"Regal Pillow":8,"CeramicFish":6,"PreservedInsect":6,"King of Hearts":22,"Bag of Preparation":11,"War Paint":13,"Smiling Mask":11,"Burning Blood":0,"Blood Vial":20,"SlaversCollar":10,"Nunchaku":21,"Matryoshka":5,"hubris:Icosahedron":6,"TheAbacus":20,"HornCleat":26,"ReplayTheSpireMod:Shallot":23,"Bag of Marbles":16,"Champion Belt":9,"Membership Card":19,"hubris:ChampionShield":15,"TungstenRod":20,"Toy Ornithopter":22,"Runic Pyramid":18},{"Potion Belt":67,"Regal Pillow":37,"CeramicFish":25,"PreservedInsect":25,"King of Hearts":90,"Bag of Preparation":60,"War Paint":67,"Smiling Mask":60,"Burning Blood":0,"Blood Vial":84,"SlaversCollar":53,"Nunchaku":87,"Matryoshka":21,"hubris:Icosahedron":25,"TheAbacus":84,"HornCleat":98,"ReplayTheSpireMod:Shallot":91,"Bag of Marbles":71,"Champion Belt":39,"Membership Card":82,"hubris:ChampionShield":70,"TungstenRod":84,"Toy Ornithopter":90,"Runic Pyramid":80}],"TungstenRod":1,"Toy Ornithopter":0},"card_choices":[{"not_picked":["Cleave","Warcry"],"picked":"jedi:collectorstrike","floor":0.0},{"not_picked":["Clash","ReplayTheSpireMod:Strike From Hell"],"picked":"Headbutt","floor":1.0},{"not_picked":["Clothesline","Replay:Undeath\u0027s Touch"],"picked":"Burning Pact","floor":3.0},{"not_picked":["Spot Weakness","Hemokinesis"],"picked":"Offering","floor":4.0},{"not_picked":["Thunderclap","Blood for Blood"],"picked":"jedi:collectorstrike","floor":5.0},{"not_picked":["jedi:fear","Dropkick"],"picked":"jedi:collectorstrike","floor":6.0},{"not_picked":["jedi:fear","Armaments","Wild Strike"],"picked":"SKIP","floor":7.0},{"not_picked":["Disarm","ReplayTheSpireMod:Corrosion Curse"],"picked":"jedi:collectorstrike","floor":10.0},{"not_picked":["Offering","Seeing Red"],"picked":"Shrug It Off","floor":11.0},{"not_picked":["jedi:hate","jedi:fear"],"picked":"jedi:collectorstrike","floor":13.0},{"not_picked":["hubris:StunningStrike","Demonic Infusion"],"picked":"jedi:collectorstrike","floor":16.0},{"not_picked":["hubris:SharpeningStone","Clothesline+1"],"picked":"jedi:collectorstrike","floor":18.0},{"not_picked":["Pummel","Infernal Blade"],"picked":"Warcry","floor":22.0},{"not_picked":["Armaments+1","Cleave+1"],"picked":"jedi:collectorstrike","floor":24},{"not_picked":["Disarm","Sword Boomerang"],"picked":"jedi:collectorstrike+1","floor":27},{"not_picked":["Demonic Infusion","Run Through+1"],"picked":"jedi:collectorstrike+1","floor":28},{"not_picked":["Flex","Clothesline"],"picked":"jedi:collectorstrike+1","floor":30},{"not_picked":["Searing Blow","Clash"],"picked":"jedi:collectorstrike+1","floor":31},{"not_picked":["jedi:collectorstrike+1","Corruption"],"picked":"Double Tap","floor":33},{"not_picked":["hubris:SharpeningStone","jedi:fear+1","Iron Wave+1"],"picked":"SKIP","floor":35},{"not_picked":["Headbutt","True Grit+1"],"picked":"jedi:collectorstrike+1","floor":37},{"not_picked":["Iron Wave+1","Carnage+1"],"picked":"jedi:collectorstrike+1","floor":38},{"not_picked":["Armaments","Twin Strike+1"],"picked":"jedi:collectorstrike+1","floor":41},{"not_picked":["Thunderclap","ReplayReversal+1"],"picked":"jedi:collectorstrike+1","floor":42},{"not_picked":["Clothesline+1","Heavy Blade+1"],"picked":"jedi:collectorstrike+1","floor":46},{"not_picked":["Armaments+1","Warcry"],"picked":"jedi:collectorstrike+1","floor":48},{"not_picked":["hubris:CleavingFinish+1","Searing Blow+1"],"picked":"jedi:collectorstrike+1","floor":54}],"player_experience":1976634,"relics_obtained":[{"floor":6.0,"key":"Matryoshka"},{"floor":9.0,"key":"CeramicFish"},{"floor":9.0,"key":"PreservedInsect"},{"floor":11.0,"key":"Regal Pillow"},{"floor":13.0,"key":"Champion Belt"},{"floor":19.0,"key":"Smiling Mask"},{"floor":24,"key":"Potion Belt"},{"floor":26,"key":"War Paint"},{"floor":28,"key":"hubris:ChampionShield"},{"floor":30,"key":"Bag of Marbles"},{"floor":38,"key":"TungstenRod"},{"floor":41,"key":"Nunchaku"},{"floor":43,"key":"King of Hearts"},{"floor":46,"key":"ReplayTheSpireMod:Shallot"},{"floor":54,"key":"HornCleat"}],"event_choices":[{"damage_healed":0.0,"max_hp_gain":0.0,"max_hp_loss":0.0,"gold_gain":0.0,"cards_transformed":["Strike_R"],"event_name":"Transmorgrifier","player_choice":"Transformed","floor":2.0,"gold_loss":0.0,"damage_taken":0.0,"cards_obtained":["Body Slam"]},{"damage_healed":0.0,"max_hp_gain":0.0,"max_hp_loss":0.0,"gold_gain":0.0,"event_name":"Upgrade Shrine","player_choice":"Upgraded","floor":20.0,"gold_loss":0.0,"damage_taken":0.0,"cards_upgraded":["Shrug It Off"]},{"damage_healed":0,"gold_gain":0,"player_choice":"Fight","damage_taken":0,"max_hp_gain":0,"max_hp_loss":0,"event_name":"Mysterious Sphere","floor":38,"gold_loss":0},{"damage_healed":0,"gold_gain":0,"player_choice":"Memory 1","damage_taken":0,"max_hp_gain":0,"max_hp_loss":0,"event_name":"SensoryStone","floor":47,"gold_loss":0}],"is_beta":false,"boss_relics":[{"not_picked":["Ooze Armor","hubris:ScarierMask"],"picked":"SlaversCollar"},{"not_picked":["Calling Bell","hubris:CrackedHourglass"],"picked":"Runic Pyramid"}],"items_purged_floors":[14,21,36,39,45,53],"is_endless":false,"potions_floor_spawned":[4,6,13,22,24,27,30,38,42,48,54],"ascension_level":1}}