{"host":"dntw6kil9p09eemm","time":1608891868,"event":{"mods":["Alarm Clock","Aspiration","BaseMod","Colored Powertips","Downfall","Hermit","Hubris","Minty Spire (QoL Compilation)","Permanent Neow","Shop Mod","Spicy Shops","StSLib","The Runesmith"],"gold_per_floor":[219,238,238,258,104,131,96,110,187,187,199,214,234,124,124,228,228,240,240,339,358,358,358,370,384,384,384,396,408,58,58,58,58,58,58],"floor_reached":33,"playtime":1540,"items_purged":["Guardian:Defend_Guardian"],"score":251,"play_id":"02d049f5-8af9-4080-a73e-2f48026e2abd","local_time":"20201225192428","is_ascension_mode":false,"campfire_choices":[{"floor":15.0,"key":"REST"},{"data":"Guardian:FierceBash","floor":23.0,"key":"SMITH"},{"floor":27.0,"key":"REST"},{"floor":32.0,"key":"REST"}],"circlet_count":0,"master_deck":["Guardian:Strike_Guardian","Guardian:Strike_Guardian","Guardian:Strike_Guardian","Guardian:Defend_Guardian","Guardian:CurlUp","Guardian:TwinSlam","Guardian:Gem_Lightblue","Guardian:PiercingHide","Guardian:Preprogram","Guardian:Orbwalk","Guardian:GuardianWhirl","Strike_B","Guardian:PiercingHide","Guardian:VentSteam","Guardian:FierceBash+1","Guardian:RollAttack","Guardian:PiercingHide","Guardian:EvasiveProtocol+1"],"relics":["Guardian:ModeShifter","hubris:OldNail","Ornamental Fan","MerchantsRug","hubris:ScarierMask","Bottled Flame","aspiration:Lifesprig","Bottled Tornado"],"acts_visited":["Exordium","TheCity"],"potions_floor_usage":[],"damage_taken":[{"damage":0.0,"enemies":"Cultist","floor":1.0,"turns":4.0},{"damage":2.0,"enemies":"Small Slimes","floor":2.0,"turns":5.0},{"damage":0.0,"enemies":"Jaw Worm","floor":4.0,"turns":3.0},{"damage":25.0,"enemies":"Gremlin Nob","floor":6.0,"turns":7.0},{"damage":5.0,"enemies":"Looter","floor":8.0,"turns":4.0},{"damage":10.0,"enemies":"Blue Slaver","floor":11.0,"turns":4.0},{"damage":10.0,"enemies":"2 Fungi Beasts","floor":12.0,"turns":4.0},{"damage":5.0,"enemies":"Lots of Slimes","floor":13.0,"turns":3.0},{"damage":27.0,"enemies":"Hexaghost","floor":16.0,"turns":9.0},{"damage":22.0,"enemies":"Spheric Guardian","floor":18.0,"turns":4.0},{"damage":6.0,"enemies":"Chosen","floor":21.0,"turns":5.0},{"damage":28.0,"enemies":"Snake Plant","floor":24.0,"turns":3.0},{"damage":3.0,"enemies":"Chosen and Byrds","floor":25.0,"turns":4.0},{"damage":15.0,"enemies":"Cultist and Chosen","floor":28.0,"turns":5.0},{"damage":11.0,"enemies":"Shelled Parasite and Fungi","floor":29.0,"turns":5.0},{"damage":52,"enemies":"Champ","floor":33,"turns":10}],"seed_played":"-4598280572884090047","potions_obtained":[{"floor":4.0,"key":"AttackPotion"},{"floor":6.0,"key":"sneckomod:MuddlingPotion"},{"floor":8.0,"key":"Strength Potion"},{"floor":12.0,"key":"PowerPotion"},{"floor":16.0,"key":"hexamod:EctoCoolerPotion"},{"floor":21.0,"key":"LiquidBronze"},{"floor":24.0,"key":"Swift Potion"}],"is_trial":false,"path_per_floor":["M","M","?","M","$","E","$","M","T","?","M","M","M","$","R","B",null,"M","$","?","M","?","R","M","M","T","R","M","M","$","?","R","B"],"character_chosen":"GUARDIAN","items_purchased":["hubris:OldNail","Guardian:GuardianWhirl","MerchantsRug","aspiration:Lifesprig","Bottled Tornado"],"campfire_rested":3,"item_purchase_floors":[5,7,14,30,30],"current_hp_per_floor":[80,78,78,78,78,53,53,48,48,48,38,28,23,23,47,20,80,58,58,58,52,52,52,24,21,21,45,30,19,19,19,43,0,0,0],"gold":58,"neow_bonus":"HUNDRED_GOLD","is_daily":false,"chose_seed":false,"campfire_upgraded":1,"win_rate":0.0,"timestamp":1608891868,"path_taken":["M","?","?","M","$","E","$","M","T","?","?","M","M","$","R","BOSS","M","$","?","M","?","R","M","M","T","R","M","M","$","?","R","BOSS"],"items_purchased_type":["Relic","Card","Relic","Relic","Relic"],"build_version":"2020-12-22","purchased_purges":1,"victory":false,"max_hp_per_floor":[80,80,80,80,80,80,80,80,80,80,80,80,80,80,80,80,80,80,80,80,80,80,80,80,80,80,80,80,80,80,80,80,80,80,80],"card_choices":[{"not_picked":["Guardian:Reroute","Guardian:SentryBeam","Guardian:TimeCapacitor"],"picked":"SKIP","floor":1.0},{"not_picked":["Guardian:WalkerClaw","Guardian:ShieldSpikes"],"picked":"Guardian:Gem_Lightblue","floor":2.0},{"not_picked":["Guardian:PrismaticBarrier","Guardian:WalkerClaw"],"picked":"Guardian:Preprogram","floor":4.0},{"not_picked":["Guardian:StasisEngine","Guardian:Reroute"],"picked":"Guardian:Orbwalk","floor":6.0},{"not_picked":["Guardian:Preprogram","Guardian:Recover","Guardian:PrismaticBeam"],"picked":"SKIP","floor":8.0},{"not_picked":["Guardian:Gem_Green","Guardian:Gem_Purple"],"picked":"Guardian:PiercingHide","floor":11.0},{"not_picked":["Guardian:CrystalBeam","Guardian:PrismaticBeam","Guardian:Preprogram"],"picked":"SKIP","floor":12.0},{"not_picked":["Guardian:Gem_Purple","Guardian:PolyBeam"],"picked":"Guardian:VentSteam","floor":13.0},{"not_picked":["Guardian:BaubleBeam","Guardian:RevengeProtocol"],"picked":"Guardian:FierceBash","floor":16.0},{"not_picked":["Guardian:PiercingHide+1","Guardian:PrismaticBarrier"],"picked":"Guardian:RollAttack","floor":18.0},{"not_picked":["Guardian:Clone","Guardian:BronzeArmor"],"picked":"Guardian:PiercingHide","floor":21.0},{"not_picked":["Guardian:TemporalShield","Guardian:ShieldCharger","Guardian:Suspension+1"],"picked":"SKIP","floor":24.0},{"not_picked":["Guardian:VentSteam+1","Guardian:RollAttack+1"],"picked":"Guardian:EvasiveProtocol+1","floor":25.0},{"not_picked":["Guardian:Gem_White","Guardian:Suspension","Guardian:Incinerate"],"picked":"SKIP","floor":28.0},{"not_picked":["Guardian:ChargeCore","Guardian:Reroute","Guardian:PolyBeam"],"picked":"SKIP","floor":29.0}],"player_experience":460894,"relics_obtained":[{"floor":6.0,"key":"hubris:DuctTape"},{"floor":9.0,"key":"Ornamental Fan"},{"floor":26.0,"key":"Bottled Flame"}],"event_choices":[{"cards_removed":["Guardian:Defend_Guardian"],"damage_healed":0.0,"max_hp_gain":0.0,"max_hp_loss":0.0,"gold_gain":0.0,"event_name":"NoteForYourself","player_choice":"Took Card","floor":10.0,"gold_loss":0.0,"damage_taken":0.0,"cards_obtained":["Strike_B"]},{"damage_healed":0.0,"max_hp_gain":0.0,"max_hp_loss":0.0,"gold_gain":99.0,"event_name":"Nest","player_choice":"Stole From Cult","floor":20.0,"gold_loss":0.0,"damage_taken":0.0}],"is_beta":false,"boss_relics":[{"not_picked":["aspiration:FutureDiary","aspiration:PoetsPen_weak"],"picked":"hubris:ScarierMask"}],"items_purged_floors":[14],"is_endless":false,"potions_floor_spawned":[4,6,8,12,16,21,24],"killed_by":"Champ","ascension_level":0}}