{"host":"ztvj8pbgeibgztw6","time":1608876673,"event":{"mods":["ATMod(∞¢Ë™Mod)","BaseMod","Colored Map","Colored Powertips","Conspire","Dota2Spire","Luminous","Marisa£®ÏF”Í°°ƒß¿Ì…≥£©","Minty Spire (QoL Compilation)","Relic Stats","Remilia£®¿Ÿ√◊¿Ú—«£©","Replay The Spire","Shop Mod","StSLib","The Construct","The Cursed","The Hierophant","The Runesmith","UnlockEverythingMod"],"gold_per_floor":[132,36,54,67,67,100,118,118,118,145,145,0,40,72,72,178,178,210,244,270,323,375,383,383],"floor_reached":23,"playtime":1880,"items_purged":[],"score":205,"play_id":"3f2bb48b-da94-41c9-86d7-f954725d1476","local_time":"20201225141113","is_ascension_mode":false,"campfire_choices":[{"floor":8,"key":"REST"},{"floor":11,"key":"RECALL"},{"floor":15,"key":"REST"}],"circlet_count":0,"master_deck":["construct:Strike_Gold","construct:Strike_Gold","construct:Strike_Gold","construct:Strike_Gold","construct:Strike_Gold","construct:Defend_Gold","construct:Defend_Gold","construct:Defend_Gold","construct:Defend_Gold","construct:Defend_Gold","construct:AttackMode","construct:DefenseMode","AT_FamilyPortrait","construct:ForceCore","construct:SyphonStrike","construct:Versatility","construct:SuppressiveFire","construct:FierceBash","construct:ShiftStrike","construct:Reinforce","construct:LongRangeLance","construct:SpinDrive","construct:Autoturret","construct:Autoturret","construct:Tumble+1","construct:HammerDown"],"relics":["construct:Cogwheel","AT_ATBox","Anchor","Matryoshka","Replay:Bandana","Dota2Spire:MagicBottle","Membership Card","Unceasing Top","Runesmith:UraniumAnvil","Dota2Spire:HandOfMidas","ReplayTheSpireMod:TigerMarble"],"acts_visited":["Exordium","TheCity"],"potions_floor_usage":[13,16,16,23,23],"damage_taken":[{"damage":0,"enemies":"Jaw Worm","floor":1,"turns":3},{"damage":1,"enemies":"Cultist","floor":3,"turns":3},{"damage":3,"enemies":"Small Slimes","floor":4,"turns":3},{"damage":17,"enemies":"3 Sentries","floor":6,"turns":10},{"damage":13,"enemies":"Red Slaver","floor":7,"turns":6},{"damage":0,"enemies":"Looter","floor":10,"turns":2},{"damage":21,"enemies":"Gremlin Nob","floor":13,"turns":5},{"damage":0,"enemies":"3 Louse","floor":14,"turns":3},{"damage":104,"enemies":"Hexaghost","floor":16,"turns":14},{"damage":0,"enemies":"Chosen","floor":18,"turns":4},{"damage":21,"enemies":"Spheric Guardian","floor":19,"turns":4},{"damage":13,"enemies":"Snake Plant","floor":21,"turns":3},{"damage":15,"enemies":"Shelled Parasite and Fungi","floor":22,"turns":10},{"damage":49,"enemies":"Slavers","floor":23,"turns":3}],"seed_played":"-8502374579014256032","potions_obtained":[{"floor":6,"key":"Dota2Spire:Clarity"},{"floor":10,"key":"AttackPotion"},{"floor":13,"key":"Dota2Spire:HealingSalve"},{"floor":16,"key":"SneckoOil"},{"floor":18,"key":"AttackPotion"},{"floor":22,"key":"Elixir"}],"is_trial":false,"path_per_floor":["M","?","M","M","?","E","M","R","T","M","R","$","E","M","R","B",null,"M","M","T","M","M","E"],"character_chosen":"THE_CONSTRUCT_MOD","items_purchased":["Membership Card"],"campfire_rested":2,"item_purchase_floors":[12],"current_hp_per_floor":[93,93,92,89,89,72,59,86,86,86,86,86,65,65,92,6,93,93,72,72,59,44,0,0],"gold":383,"neow_bonus":"TEN_PERCENT_HP_BONUS","is_daily":false,"chose_seed":false,"campfire_upgraded":0,"win_rate":0.0,"timestamp":1608876673,"path_taken":["M","?","M","?","?","E","M","R","T","M","R","?","E","M","R","BOSS","M","M","?","?","M","E"],"items_purchased_type":["Relic"],"build_version":"2020-12-22","purchased_purges":0,"victory":false,"max_hp_per_floor":[93,93,93,93,93,93,93,93,93,93,93,93,93,93,93,93,93,93,93,93,93,93,93,93],"relic_stats":{"counters":[14,73],"obtain_stats":[{"Dota2Spire:MagicBottle":9,"Dota2Spire:HandOfMidas":20,"Anchor":2,"Replay:Bandana":9,"AT_ATBox":0,"Matryoshka":6,"construct:Cogwheel":0,"Runesmith:UraniumAnvil":17,"ReplayTheSpireMod:TigerMarble":20,"Membership Card":12,"construct:LongRangeLance":16,"Unceasing Top":13},{"Dota2Spire:MagicBottle":5,"Dota2Spire:HandOfMidas":11,"Anchor":1,"Replay:Bandana":5,"AT_ATBox":0,"Matryoshka":4,"construct:Cogwheel":0,"Runesmith:UraniumAnvil":9,"ReplayTheSpireMod:TigerMarble":11,"Membership Card":6,"construct:LongRangeLance":9,"Unceasing Top":7},{"Dota2Spire:MagicBottle":25,"Dota2Spire:HandOfMidas":57,"Anchor":3,"Replay:Bandana":25,"AT_ATBox":0,"Matryoshka":19,"construct:Cogwheel":0,"Runesmith:UraniumAnvil":49,"ReplayTheSpireMod:TigerMarble":57,"Membership Card":27,"construct:LongRangeLance":49,"Unceasing Top":32}],"Unceasing Top":[2]},"card_choices":[{"not_picked":["construct:ClusterMines","construct:SyphonStrike"],"picked":"construct:ForceCore","floor":1},{"not_picked":["construct:Forcefield","construct:FierceBash"],"picked":"construct:SyphonStrike","floor":3},{"not_picked":["construct:Backfire","construct:Dampening"],"picked":"construct:Versatility","floor":4},{"not_picked":["construct:Hazardproof","construct:ShieldGenerator"],"picked":"construct:SuppressiveFire","floor":6},{"not_picked":["construct:Anticipate","construct:SuppressiveFire"],"picked":"construct:FierceBash","floor":7},{"not_picked":["construct:Stasis","construct:Backfire"],"picked":"construct:ShiftStrike","floor":10},{"not_picked":["construct:FocusedBeam","construct:VentSteam"],"picked":"construct:Reinforce","floor":13},{"not_picked":["construct:Construct_Overclock","construct:PowerUp"],"picked":"construct:LongRangeLance","floor":14},{"not_picked":["construct:HyperBeam","construct:PanicFire"],"picked":"construct:SpinDrive","floor":16},{"not_picked":["construct:Analyze","construct:SuppressiveFire"],"picked":"construct:Autoturret","floor":18},{"not_picked":["construct:Chainstrike","construct:ShiftStrike+1"],"picked":"construct:Autoturret","floor":19},{"not_picked":["construct:Boost","construct:FierceBash"],"picked":"construct:Tumble+1","floor":21},{"not_picked":["construct:Analyze+1","construct:Disrupt"],"picked":"construct:HammerDown","floor":22}],"player_experience":261225,"relics_obtained":[{"floor":6,"key":"Matryoshka"},{"floor":9,"key":"Replay:Bandana"},{"floor":9,"key":"Dota2Spire:MagicBottle"},{"floor":13,"key":"Unceasing Top"},{"floor":20,"key":"Dota2Spire:HandOfMidas"},{"floor":20,"key":"ReplayTheSpireMod:TigerMarble"}],"event_choices":[{"damage_healed":0,"gold_gain":0,"player_choice":"Paid Gold","damage_taken":0,"relics_obtained":["Anchor"],"max_hp_gain":0,"max_hp_loss":0,"event_name":"WeMeetAgain","floor":2,"gold_loss":96},{"damage_healed":0,"gold_gain":0,"player_choice":"Ignored","damage_taken":0,"max_hp_gain":0,"max_hp_loss":0,"event_name":"Purifier","floor":5,"gold_loss":0}],"is_beta":false,"boss_relics":[{"not_picked":["Busted Crown","construct:ClawGrip"],"picked":"Runesmith:UraniumAnvil"}],"items_purged_floors":[],"is_endless":false,"potions_floor_spawned":[6,10,13,16,18,22],"killed_by":"Slavers","ascension_level":0}}