{"host":"gopu3kmfaoww0llm","time":1608896011,"event":{"mods":["BaseMod","DeckTracker","Minty Spire (QoL Compilation)","Quick Restart","StSLib","SuperFastMode"],"gold_per_floor":[167,167,177,102,122,122,122,122,192,192,207,240,254,16,16,91,91,102,102,118,144,144,155,155,55,78,88,104,122,133,161,161,234,234,253,253,267,287,11,37,55,71,105,139,151,171,181,192,192,192,192],"floor_reached":50,"playtime":1373,"items_purged":["Strike_B","Strike_B"],"score":1110,"play_id":"8931c221-c0ba-4e0b-9f73-8ad6ee251e56","local_time":"20201225203331","is_ascension_mode":true,"campfire_choices":[{"data":"Chaos","floor":6.0,"key":"SMITH"},{"data":"Barrage","floor":8.0,"key":"SMITH"},{"floor":10.0,"key":"REST"},{"data":"Capacitor","floor":15.0,"key":"SMITH"},{"data":"Biased Cognition","floor":24.0,"key":"SMITH"},{"data":"Seek","floor":32.0,"key":"SMITH"},{"floor":49,"key":"RECALL"}],"circlet_count":0,"master_deck":["AscendersBane","Strike_B","Strike_B+1","Defend_B","Defend_B+1","Defend_B","Defend_B","Zap+1","Dualcast","Rebound","Chaos+1","Barrage+1","Compile Driver","Compile Driver","Capacitor+1","Biased Cognition","FTL","Biased Cognition+1","Coolheaded+1","Seek+1","Electrodynamics","Flash of Steel","Finesse","Normality"],"relics":["Tiny House","Dream Catcher","Meat on the Bone","Oddly Smooth Stone","OrangePellets","Sozu","Red Mask","Blood Vial","Toy Ornithopter","Cursed Key","Bottled Lightning","CeramicFish","Strawberry"],"acts_visited":["Exordium","TheCity","TheBeyond"],"potions_floor_usage":[],"damage_taken":[{"damage":13.0,"enemies":"2 Louse","floor":1.0,"turns":2.0},{"damage":4.0,"enemies":"Small Slimes","floor":3.0,"turns":3.0},{"damage":6.0,"enemies":"Cultist","floor":5.0,"turns":3.0},{"damage":15.0,"enemies":"3 Louse","floor":11.0,"turns":4.0},{"damage":10.0,"enemies":"Lagavulin","floor":12.0,"turns":5.0},{"damage":2.0,"enemies":"Looter","floor":13.0,"turns":3.0},{"damage":30.0,"enemies":"Slime Boss","floor":16.0,"turns":6.0},{"damage":29.0,"enemies":"2 Thieves","floor":18.0,"turns":4.0},{"damage":10.0,"enemies":"Spheric Guardian","floor":20.0,"turns":4.0},{"damage":50.0,"enemies":"Masked Bandits","floor":21.0,"turns":5.0},{"damage":11.0,"enemies":"Snecko","floor":23.0,"turns":9.0},{"damage":12.0,"enemies":"Centurion and Healer","floor":27.0,"turns":5.0},{"damage":0.0,"enemies":"3 Cultists","floor":28.0,"turns":5.0},{"damage":6.0,"enemies":"Chosen and Byrds","floor":29.0,"turns":5.0},{"damage":12.0,"enemies":"Centurion and Healer","floor":30.0,"turns":6.0},{"damage":64.0,"enemies":"Slavers","floor":31.0,"turns":7.0},{"damage":18.0,"enemies":"Collector","floor":33.0,"turns":8.0},{"damage":0.0,"enemies":"3 Darklings","floor":35.0,"turns":2.0},{"damage":2.0,"enemies":"3 Shapes","floor":37.0,"turns":3.0},{"damage":8.0,"enemies":"3 Darklings","floor":38.0,"turns":2.0},{"damage":0.0,"enemies":"Giant Head","floor":40.0,"turns":7.0},{"damage":3.0,"enemies":"Transient","floor":42.0,"turns":6.0},{"damage":24,"enemies":"Nemesis","floor":44,"turns":7},{"damage":0,"enemies":"4 Shapes","floor":45,"turns":5},{"damage":6,"enemies":"Sphere and 2 Shapes","floor":46,"turns":3},{"damage":21,"enemies":"Writhing Mass","floor":47,"turns":6},{"damage":0,"enemies":"Spire Growth","floor":48,"turns":4},{"damage":57,"enemies":"Donu and Deca","floor":50,"turns":4}],"seed_played":"-821699576704925768","potions_obtained":[{"floor":0.0,"key":"EntropicBrew"},{"floor":16.0,"key":"FearPotion"}],"is_trial":false,"path_per_floor":["M","?","M","$","M","R","?","R","T","R","M","E","M","$","R","B",null,"M","?","M","?","?","M","R","$","T","M","M","M","M","E","R","B",null,"M","?","M","M","$","E","?","M","T","E","M","M","M","M","R","B"],"character_chosen":"DEFECT","items_purchased":["OrangePellets","Capacitor","Bottled Lightning"],"campfire_rested":1,"item_purchase_floors":[14,14,39],"current_hp_per_floor":[56,33,29,29,23,23,12,12,12,34,31,33,43,43,43,25,63,46,61,51,13,13,14,14,14,14,16,30,38,40,20,20,16,61,63,63,63,57,57,59,49,48,48,45,47,43,36,50,50,0,0],"gold":192,"neow_bonus":"BOSS_RELIC","is_daily":false,"chose_seed":false,"campfire_upgraded":5,"win_rate":0.0,"timestamp":1608896011,"path_taken":["M","?","M","$","M","R","?","R","T","R","M","E","M","$","R","BOSS","M","?","M","?","?","M","R","$","T","M","?","M","M","E","R","BOSS","M","?","M","M","$","E","?","M","T","E","M","M","?","M","R","BOSS"],"items_purchased_type":["Relic","Card","Relic"],"build_version":"2020-12-22","purchased_purges":2,"victory":false,"max_hp_per_floor":[76,76,76,76,76,76,76,76,76,76,76,76,76,76,76,76,76,76,76,76,76,76,76,76,76,76,76,76,76,76,76,76,76,76,76,76,76,76,76,76,76,76,76,83,83,83,83,83,83,83,83],"card_choices":[{"not_picked":["Stack","Redo"],"picked":"Rebound","floor":0.0},{"not_picked":["Coolheaded","Go for the Eyes"],"picked":"Chaos","floor":1.0},{"not_picked":["Loop","Leap"],"picked":"Barrage","floor":3.0},{"not_picked":["White Noise","Force Field","Streamline"],"picked":"SKIP","floor":5.0},{"not_picked":["Capacitor","Sweeping Beam"],"picked":"Compile Driver","floor":10.0},{"not_picked":["Go for the Eyes","Ball Lightning","Heatsinks"],"picked":"SKIP","floor":11.0},{"not_picked":["BootSequence","Consume","Lockon"],"picked":"SKIP","floor":12.0},{"not_picked":["Heatsinks","Coolheaded"],"picked":"Compile Driver","floor":13.0},{"not_picked":["Rainbow","Core Surge"],"picked":"Biased Cognition","floor":16.0},{"not_picked":["Beam Cell","Rebound"],"picked":"FTL","floor":18.0},{"not_picked":["Chaos","Auto Shields","Cold Snap"],"picked":"SKIP","floor":20.0},{"not_picked":["Rebound","Conserve Battery","Steam Power"],"picked":"SKIP","floor":23.0},{"not_picked":["Rebound","Ball Lightning"],"picked":"Coolheaded+1","floor":27.0},{"not_picked":["Cold Snap","Rebound+1","Hello World"],"picked":"SKIP","floor":28.0},{"not_picked":["Conserve Battery+1","Beam Cell","Steam"],"picked":"SKIP","floor":29.0},{"not_picked":["Doom and Gloom","Steam"],"picked":"Seek","floor":30.0},{"not_picked":["Coolheaded","All For One","Streamline"],"picked":"SKIP","floor":31.0},{"not_picked":["Meteor Strike","Amplify"],"picked":"Electrodynamics","floor":33.0},{"not_picked":["Undo+1","Cold Snap","Compile Driver+1"],"picked":"SKIP","floor":35.0},{"not_picked":["Sweeping Beam","Streamline+1","Stack"],"picked":"SKIP","floor":37.0},{"not_picked":["Capacitor+1","Tempest","Beam Cell"],"picked":"SKIP","floor":38.0},{"not_picked":["Skim","Go for the Eyes","Core Surge"],"picked":"SKIP","floor":40.0},{"not_picked":["Dark Shackles","Swift Strike"],"picked":"Flash of Steel","floor":41.0},{"not_picked":["Deep Breath","Bandage Up"],"picked":"Finesse","floor":41.0},{"not_picked":["Hologram","Coolheaded","Consume"],"picked":"SKIP","floor":42.0},{"not_picked":["Darkness+1","Compile Driver","Conserve Battery"],"picked":"SKIP","floor":44},{"not_picked":["Go for the Eyes","Consume","Gash"],"picked":"SKIP","floor":45},{"not_picked":["Coolheaded","Barrage+1","Conserve Battery"],"picked":"SKIP","floor":46},{"not_picked":["Rebound","Go for the Eyes","Steam"],"picked":"SKIP","floor":47},{"not_picked":["Stack+1","Sweeping Beam","Redo"],"picked":"SKIP","floor":48}],"player_experience":2894416,"relics_obtained":[{"floor":9.0,"key":"Meat on the Bone"},{"floor":12.0,"key":"Oddly Smooth Stone"},{"floor":21.0,"key":"Red Mask"},{"floor":26.0,"key":"Blood Vial"},{"floor":31.0,"key":"Toy Ornithopter"},{"floor":40.0,"key":"CeramicFish"},{"floor":44,"key":"Strawberry"}],"event_choices":[{"damage_healed":0.0,"max_hp_gain":0.0,"max_hp_loss":0.0,"gold_gain":0.0,"event_name":"Shining Light","player_choice":"Entered Light","floor":2.0,"gold_loss":0.0,"damage_taken":23.0,"cards_upgraded":["Defend_B","Strike_B"]},{"damage_healed":0.0,"max_hp_gain":0.0,"max_hp_loss":0.0,"gold_gain":0.0,"event_name":"Scrap Ooze","player_choice":"Success","floor":7.0,"gold_loss":0.0,"damage_taken":11.0,"relics_obtained":["Dream Catcher"]},{"damage_healed":15.0,"max_hp_gain":0.0,"max_hp_loss":0.0,"gold_gain":0.0,"event_name":"The Library","player_choice":"Heal","floor":19.0,"gold_loss":0.0,"damage_taken":0.0},{"damage_healed":0.0,"max_hp_gain":0.0,"max_hp_loss":0.0,"gold_gain":0.0,"event_name":"Masked Bandits","player_choice":"Fought Bandits","floor":21.0,"gold_loss":0.0,"damage_taken":0.0},{"damage_healed":0.0,"max_hp_gain":0.0,"max_hp_loss":0.0,"gold_gain":0.0,"event_name":"Duplicator","player_choice":"Copied","floor":22.0,"gold_loss":0.0,"damage_taken":0.0,"cards_obtained":["Biased Cognition"]},{"damage_healed":0.0,"max_hp_gain":0.0,"max_hp_loss":0.0,"gold_gain":0.0,"event_name":"Mysterious Sphere","player_choice":"Ignored","floor":36.0,"gold_loss":0.0,"damage_taken":0.0},{"damage_healed":0.0,"max_hp_gain":0.0,"max_hp_loss":0.0,"gold_gain":0.0,"event_name":"SensoryStone","player_choice":"Memory 3","floor":41.0,"gold_loss":0.0,"damage_taken":10.0}],"is_beta":false,"boss_relics":[{"not_picked":["Runic Dome","Snecko Eye"],"picked":"Sozu"},{"not_picked":["SacredBark","Coffee Dripper"],"picked":"Cursed Key"}],"items_purged_floors":[4,25],"is_endless":false,"potions_floor_spawned":[11,16,21,28,29,30,33,38,42,45,46],"killed_by":"Donu and Deca","ascension_level":20}}